<?xml version="1.0" encoding="UTF-8"?>
<!DOCTYPE html PUBLIC "-//W3C//DTD XHTML 1.0 Transitional//EN"
    "http://www.w3.org/TR/xhtml1/DTD/xhtml1-transitional.dtd">
<html xmlns="http://www.w3.org/1999/xhtml" xml:lang="en" lang="en">
 <head>
  <title>
</title>
<meta http-equiv="Content-Type" content="text/html;charset=utf-8" />
  <meta name='ocr-system' content='tesseract 3.04.00' />
  <meta name='ocr-capabilities' content='ocr_page ocr_carea ocr_par ocr_line ocrx_word'/>
</head>
<body>
  <div class='ocr_page' id='page_1' title='image "./epistolaeadattic02ciceuoft_0028.png"; bbox 0 0 1795 3043; ppageno 0'>
   <div class='ocr_carea' id='block_1_1' title="bbox 225 80 1414 139">
    <p class='ocr_par' dir='ltr' id='par_1_1' title="bbox 225 80 1414 139">
     <span class='ocr_line' id='line_1_1' title="bbox 225 80 1414 139; baseline -0.004 -8"><span class='ocrx_word' id='word_1_1' title='bbox 225 92 292 139; x_wconf 78' lang='lat'>20</span> <span class='ocrx_word' id='word_1_2' title='bbox 474 84 538 130; x_wconf 88' lang='lat' dir='ltr'>M.</span> <span class='ocrx_word' id='word_1_3' title='bbox 575 83 630 127; x_wconf 89' lang='lat' dir='ltr'>T.</span> <span class='ocrx_word' id='word_1_4' title='bbox 670 80 1008 130; x_wconf 83' lang='lat' dir='ltr'>CICERONIS</span> <span class='ocrx_word' id='word_1_5' title='bbox 1043 80 1414 127; x_wconf 86' lang='lat' dir='ltr'><strong>EPISTOLAE.</strong></span> 
     </span>
    </p>
   </div>
   <div class='ocr_carea' id='block_1_2' title="bbox 185 190 1697 1330">
    <p class='ocr_par' dir='ltr' id='par_1_2' title="bbox 185 190 1697 1330">
     <span class='ocr_line' id='line_1_2' title="bbox 227 190 1689 249; baseline -0.005 -10"><span class='ocrx_word' id='word_1_6' title='bbox 227 197 403 240; x_wconf 87' lang='lat' dir='ltr'>nimium</span> <span class='ocrx_word' id='word_1_7' title='bbox 431 197 580 249; x_wconf 83' lang='lat' dir='ltr'>arguta</span> <span class='ocrx_word' id='word_1_8' title='bbox 615 195 721 235; x_wconf 83' lang='lat' dir='ltr'>haee</span> <span class='ocrx_word' id='word_1_9' title='bbox 759 193 961 236; x_wconf 82' lang='lat' dir='ltr'><strong>sedulitas</strong></span> <span class='ocrx_word' id='word_1_10' title='bbox 1003 193 1208 235; x_wconf 84' lang='lat' dir='ltr'>videatur.</span> <span class='ocrx_word' id='word_1_11' title='bbox 1268 191 1454 234; x_wconf 83' lang='lat' dir='ltr'><strong>Tametsi</strong></span> <span class='ocrx_word' id='word_1_12' title='bbox 1482 191 1553 239; x_wconf 90' lang='lat' dir='ltr'>tu,</span> <span class='ocrx_word' id='word_1_13' title='bbox 1584 190 1689 241; x_wconf 85' lang='lat' dir='ltr'>seio,</span> 
     </span>
     <span class='ocr_line' id='line_1_3' title="bbox 228 247 1691 307; baseline -0.005 -11"><span class='ocrx_word' id='word_1_14' title='bbox 228 269 355 307; x_wconf 90' lang='lat' dir='ltr'>quam</span> <span class='ocrx_word' id='word_1_15' title='bbox 394 255 449 295; x_wconf 91' lang='lat' dir='ltr'>sis</span> <span class='ocrx_word' id='word_1_16' title='bbox 488 253 682 293; x_wconf 89' lang='lat' dir='ltr'>curiosus</span> <span class='ocrx_word' id='word_1_17' title='bbox 720 253 763 292; x_wconf 89' lang='lat' dir='ltr'>et</span> <span class='ocrx_word' id='word_1_18' title='bbox 801 264 928 304; x_wconf 90' lang='lat' dir='ltr'>quam</span> <span class='ocrx_word' id='word_1_19' title='bbox 960 250 1155 291; x_wconf 91' lang='lat' dir='ltr'>omnibus</span> <span class='ocrx_word' id='word_1_20' title='bbox 1191 247 1561 303; x_wconf 82' lang='lat' dir='ltr'>peregrinantibus</span> <span class='ocrx_word' id='word_1_21' title='bbox 1598 261 1691 301; x_wconf 82' lang='lat' dir='ltr'>gra-</span> 
     </span>
     <span class='ocr_line' id='line_1_4' title="bbox 228 306 1688 360; baseline -0.005 -8"><span class='ocrx_word' id='word_1_22' title='bbox 228 317 317 353; x_wconf 79' lang='lat' dir='ltr'>tum</span> <span class='ocrx_word' id='word_1_23' title='bbox 359 312 413 351; x_wconf 88' lang='lat' dir='ltr'>sit</span> <span class='ocrx_word' id='word_1_24' title='bbox 448 310 718 350; x_wconf 85' lang='lat' dir='ltr'>minimarum</span> <span class='ocrx_word' id='word_1_25' title='bbox 757 320 925 360; x_wconf 91' lang='lat' dir='ltr'>quoque</span> <span class='ocrx_word' id='word_1_26' title='bbox 954 320 1119 359; x_wconf 90' lang='lat' dir='ltr'>rerum,</span> <span class='ocrx_word' id='word_1_27' title='bbox 1166 320 1274 359; x_wconf 87' lang='lat' dir='ltr'>quae</span> <span class='ocrx_word' id='word_1_28' title='bbox 1313 306 1426 347; x_wconf 90' lang='lat' dir='ltr'>domi</span> <span class='ocrx_word' id='word_1_29' title='bbox 1464 308 1688 358; x_wconf 83' lang='lat' dir='ltr'>gerantur,</span> 
     </span>
     <span class='ocr_line' id='line_1_5' title="bbox 227 362 1692 417; baseline -0.005 -7"><span class='ocrx_word' id='word_1_30' title='bbox 227 370 321 410; x_wconf 85' lang='lat' dir='ltr'>fieri</span> <span class='ocrx_word' id='word_1_31' title='bbox 363 369 590 416; x_wconf 68' lang='lat' dir='ltr'>certiores,</span> <span class='ocrx_word' id='word_1_32' title='bbox 627 368 768 406; x_wconf 89' lang='lat' dir='ltr'>tamen</span> <span class='ocrx_word' id='word_1_33' title='bbox 810 365 854 404; x_wconf 91' lang='lat' dir='ltr'>in</span> <span class='ocrx_word' id='word_1_34' title='bbox 885 366 967 405; x_wconf 89' lang='lat' dir='ltr'>hoc</span> <span class='ocrx_word' id='word_1_35' title='bbox 1006 366 1049 405; x_wconf 89' lang='lat' dir='ltr'>te</span> <span class='ocrx_word' id='word_1_36' title='bbox 1079 365 1306 417; x_wconf 82' lang='lat' dir='ltr'>deprecor,</span> <span class='ocrx_word' id='word_1_37' title='bbox 1349 375 1402 403; x_wconf 92' lang='lat' dir='ltr'>ne</span> <span class='ocrx_word' id='word_1_38' title='bbox 1439 375 1579 403; x_wconf 91' lang='lat' dir='ltr'>meum</span> <span class='ocrx_word' id='word_1_39' title='bbox 1608 362 1692 402; x_wconf 89' lang='lat' dir='ltr'>hoc</span> 
     </span>
     <span class='ocr_line' id='line_1_6' title="bbox 226 419 1692 477; baseline -0.005 -10"><span class='ocrx_word' id='word_1_40' title='bbox 226 427 416 467; x_wconf 86' lang='lat' dir='ltr'>officium</span> <span class='ocrx_word' id='word_1_41' title='bbox 456 424 720 477; x_wconf 78' lang='lat' dir='ltr'>arrogantiae</span> <span class='ocrx_word' id='word_1_42' title='bbox 762 422 1034 473; x_wconf 84' lang='lat' dir='ltr'>condemnes,</span> <span class='ocrx_word' id='word_1_43' title='bbox 1084 422 1195 472; x_wconf 89' lang='lat' dir='ltr'>quod</span> <span class='ocrx_word' id='word_1_44' title='bbox 1245 422 1359 461; x_wconf 89' lang='lat' dir='ltr'>hune</span> <span class='ocrx_word' id='word_1_45' title='bbox 1403 419 1593 460; x_wconf 88' lang='lat' dir='ltr'>laborem</span> <span class='ocrx_word' id='word_1_46' title='bbox 1632 420 1692 459; x_wconf 90' lang='lat' dir='ltr'>al-</span> 
     </span>
     <span class='ocr_line' id='line_1_7' title="bbox 228 477 1692 534; baseline -0.005 -11"><span class='ocrx_word' id='word_1_47' title='bbox 228 485 309 524; x_wconf 85' lang='lat' dir='ltr'>teri</span> <span class='ocrx_word' id='word_1_48' title='bbox 341 482 554 534; x_wconf 82' lang='lat' dir='ltr'>delegavi:</span> <span class='ocrx_word' id='word_1_49' title='bbox 595 493 680 520; x_wconf 91' lang='lat' dir='ltr'>non</span> <span class='ocrx_word' id='word_1_50' title='bbox 720 480 821 530; x_wconf 90' lang='lat' dir='ltr'>quin</span> <span class='ocrx_word' id='word_1_51' title='bbox 862 479 967 518; x_wconf 84' lang='lat' dir='ltr'>mihi</span> <span class='ocrx_word' id='word_1_52' title='bbox 996 479 1288 519; x_wconf 90' lang='lat' dir='ltr'>suavissimum</span> <span class='ocrx_word' id='word_1_53' title='bbox 1317 477 1372 517; x_wconf 90' lang='lat' dir='ltr'>sit</span> <span class='ocrx_word' id='word_1_54' title='bbox 1411 478 1453 517; x_wconf 88' lang='lat' dir='ltr'>et</span> <span class='ocrx_word' id='word_1_55' title='bbox 1481 478 1692 529; x_wconf 85' lang='lat' dir='ltr'>occupato</span> 
     </span>
     <span class='ocr_line' id='line_1_8' title="bbox 230 534 1692 588; baseline -0.005 -8"><span class='ocrx_word' id='word_1_56' title='bbox 230 543 273 580; x_wconf 90' lang='lat' dir='ltr'>et</span> <span class='ocrx_word' id='word_1_57' title='bbox 311 539 363 579; x_wconf 89' lang='lat' dir='ltr'>ad</span> <span class='ocrx_word' id='word_1_58' title='bbox 393 540 537 579; x_wconf 76' lang='lat' dir='ltr'>literas</span> <span class='ocrx_word' id='word_1_59' title='bbox 567 537 832 585; x_wconf 82' lang='lat' dir='ltr'>scribendas,</span> <span class='ocrx_word' id='word_1_60' title='bbox 876 538 924 576; x_wconf 92' lang='lat' dir='ltr'>ut</span> <span class='ocrx_word' id='word_1_61' title='bbox 961 537 1008 575; x_wconf 90' lang='lat' dir='ltr'>tu</span> <span class='ocrx_word' id='word_1_62' title='bbox 1037 535 1167 587; x_wconf 86' lang='lat' dir='ltr'>nosti,</span> <span class='ocrx_word' id='word_1_63' title='bbox 1207 534 1438 588; x_wconf 84' lang='lat' dir='ltr'>pigerrimo</span> <span class='ocrx_word' id='word_1_64' title='bbox 1475 535 1573 574; x_wconf 88' lang='lat' dir='ltr'>tuae</span> <span class='ocrx_word' id='word_1_65' title='bbox 1610 546 1692 574; x_wconf 89' lang='lat' dir='ltr'>me·</span> 
     </span>
     <span class='ocr_line' id='line_1_9' title="bbox 230 590 1692 647; baseline -0.005 -10"><span class='ocrx_word' id='word_1_66' title='bbox 230 598 390 637; x_wconf 87' lang='lat' dir='ltr'>moriae</span> <span class='ocrx_word' id='word_1_67' title='bbox 419 596 519 636; x_wconf 88' lang='lat' dir='ltr'>dare</span> <span class='ocrx_word' id='word_1_68' title='bbox 549 607 744 647; x_wconf 80' lang='lat' dir='ltr'>operam3</span> <span class='ocrx_word' id='word_1_69' title='bbox 785 592 858 633; x_wconf 88' lang='lat' dir='ltr'>sed</span> <span class='ocrx_word' id='word_1_70' title='bbox 896 593 1032 644; x_wconf 91' lang='lat' dir='ltr'>ipsum</span> <span class='ocrx_word' id='word_1_71' title='bbox 1060 594 1279 643; x_wconf 89' lang='lat' dir='ltr'>volumen,</span> <span class='ocrx_word' id='word_1_72' title='bbox 1323 591 1437 643; x_wconf 86' lang='lat' dir='ltr'>quod</span> <span class='ocrx_word' id='word_1_73' title='bbox 1474 591 1553 631; x_wconf 89' lang='lat' dir='ltr'>tibi</span> <span class='ocrx_word' id='word_1_74' title='bbox 1582 590 1692 642; x_wconf 86' lang='lat' dir='ltr'>misi,</span> 
     </span>
     <span class='ocr_line' id='line_1_10' title="bbox 231 648 1693 704; baseline -0.005 -10"><span class='ocrx_word' id='word_1_75' title='bbox 231 655 373 702; x_wconf 79' lang='lat' dir='ltr'>facile,</span> <span class='ocrx_word' id='word_1_76' title='bbox 403 654 450 692; x_wconf 88' lang='lat' dir='ltr'>ut</span> <span class='ocrx_word' id='word_1_77' title='bbox 481 663 556 704; x_wconf 81' lang='lat' dir='ltr'>ego</span> <span class='ocrx_word' id='word_1_78' title='bbox 587 652 796 701; x_wconf 81' lang='lat' dir='ltr'>arbitror,</span> <span class='ocrx_word' id='word_1_79' title='bbox 826 661 892 689; x_wconf 88' lang='lat' dir='ltr'>me</span> <span class='ocrx_word' id='word_1_80' title='bbox 924 651 1110 690; x_wconf 76' lang='lat' dir='ltr'>excusat.</span> <span class='ocrx_word' id='word_1_81' title='bbox 1143 649 1296 689; x_wconf 88' lang='lat' dir='ltr'>Nescio</span> <span class='ocrx_word' id='word_1_82' title='bbox 1327 650 1448 689; x_wconf 86' lang='lat' dir='ltr'>cuius</span> <span class='ocrx_word' id='word_1_83' title='bbox 1478 648 1554 688; x_wconf 91' lang='lat' dir='ltr'>otii</span> <span class='ocrx_word' id='word_1_84' title='bbox 1584 648 1693 688; x_wconf 83' lang='lat' dir='ltr'>esset</span> 
     </span>
     <span class='ocr_line' id='line_1_11' title="bbox 233 705 1692 760; baseline -0.004 -9"><span class='ocrx_word' id='word_1_85' title='bbox 233 724 317 751; x_wconf 87' lang='lat' dir='ltr'>non</span> <span class='ocrx_word' id='word_1_86' title='bbox 356 710 479 751; x_wconf 90' lang='lat' dir='ltr'>modo</span> <span class='ocrx_word' id='word_1_87' title='bbox 522 707 790 760; x_wconf 85' lang='lat' dir='ltr'>perscribere</span> <span class='ocrx_word' id='word_1_88' title='bbox 828 708 962 758; x_wconf 87' lang='lat' dir='ltr'>haee,</span> <span class='ocrx_word' id='word_1_89' title='bbox 1015 706 1087 745; x_wconf 88' lang='lat' dir='ltr'>sed</span> <span class='ocrx_word' id='word_1_90' title='bbox 1124 707 1293 746; x_wconf 89' lang='lat' dir='ltr'>omnino</span> <span class='ocrx_word' id='word_1_91' title='bbox 1335 705 1692 747; x_wconf 83' lang='lat' dir='ltr'>animadvertere:</span> 
     </span>
     <span class='ocr_line' id='line_1_12' title="bbox 233 762 1694 815; baseline -0.004 -8"><span class='ocrx_word' id='word_1_92' title='bbox 233 767 377 807; x_wconf 85' lang='lat' dir='ltr'>omnia</span> <span class='ocrx_word' id='word_1_93' title='bbox 405 766 518 806; x_wconf 90' lang='lat' dir='ltr'>enim</span> <span class='ocrx_word' id='word_1_94' title='bbox 548 767 645 804; x_wconf 91' lang='lat' dir='ltr'>sunt</span> <span class='ocrx_word' id='word_1_95' title='bbox 674 764 735 803; x_wconf 90' lang='lat' dir='ltr'>ibi</span> <span class='ocrx_word' id='word_1_96' title='bbox 762 765 931 803; x_wconf 77' lang='lat' dir='ltr'>senatus</span> <span class='ocrx_word' id='word_1_97' title='bbox 973 764 1187 815; x_wconf 85' lang='lat' dir='ltr'>consulta,</span> <span class='ocrx_word' id='word_1_98' title='bbox 1217 763 1381 812; x_wconf 86' lang='lat' dir='ltr'>edicta,</span> <span class='ocrx_word' id='word_1_99' title='bbox 1409 762 1593 811; x_wconf 88' lang='lat' dir='ltr'>fabulae,</span> <span class='ocrx_word' id='word_1_100' title='bbox 1623 774 1694 802; x_wconf 90' lang='lat' dir='ltr'>ru·</span> 
     </span>
     <span class='ocr_line' id='line_1_13' title="bbox 235 819 1693 874; baseline -0.005 -10"><span class='ocrx_word' id='word_1_101' title='bbox 235 836 390 864; x_wconf 85' lang='lat' dir='ltr'>mores:</span> <span class='ocrx_word' id='word_1_102' title='bbox 431 822 543 874; x_wconf 89' lang='lat' dir='ltr'>quod</span> <span class='ocrx_word' id='word_1_103' title='bbox 579 822 816 873; x_wconf 89' lang='lat' dir='ltr'>exemplum</span> <span class='ocrx_word' id='word_1_104' title='bbox 863 820 899 859; x_wconf 91' lang='lat' dir='ltr'>si</span> <span class='ocrx_word' id='word_1_105' title='bbox 936 821 1048 860; x_wconf 88' lang='lat' dir='ltr'>sorte</span> <span class='ocrx_word' id='word_1_106' title='bbox 1092 821 1228 860; x_wconf 89' lang='lat' dir='ltr'>minus</span> <span class='ocrx_word' id='word_1_107' title='bbox 1268 822 1310 859; x_wconf 89' lang='lat' dir='ltr'>te</span> <span class='ocrx_word' id='word_1_108' title='bbox 1350 819 1594 868; x_wconf 86' lang='lat' dir='ltr'>delectarit,</span> <span class='ocrx_word' id='word_1_109' title='bbox 1638 831 1693 858; x_wconf 90' lang='lat' dir='ltr'>ne</span> 
     </span>
     <span class='ocr_line' id='line_1_14' title="bbox 185 875 1694 930; baseline -0.004 -9"><span class='ocrx_word' id='word_1_110' title='bbox 185 889 213 927; x_wconf 79' lang='lat'><strong>2</strong></span> <span class='ocrx_word' id='word_1_111' title='bbox 237 880 473 921; x_wconf 81' lang='lat' dir='ltr'>molestiam</span> <span class='ocrx_word' id='word_1_112' title='bbox 501 878 580 918; x_wconf 85' lang='lat' dir='ltr'>tibi</span> <span class='ocrx_word' id='word_1_113' title='bbox 610 891 705 919; x_wconf 86' lang='lat' dir='ltr'>cum</span> <span class='ocrx_word' id='word_1_114' title='bbox 734 879 923 930; x_wconf 89' lang='lat' dir='ltr'>impensa</span> <span class='ocrx_word' id='word_1_115' title='bbox 951 889 1046 917; x_wconf 87' lang='lat' dir='ltr'>mea</span> <span class='ocrx_word' id='word_1_116' title='bbox 1069 877 1312 928; x_wconf 80' lang='lat' dir='ltr'>exhibeam,</span> <span class='ocrx_word' id='word_1_117' title='bbox 1349 878 1418 917; x_wconf 86' lang='lat' dir='ltr'>fae</span> <span class='ocrx_word' id='word_1_118' title='bbox 1447 888 1514 915; x_wconf 87' lang='lat' dir='ltr'>me</span> <span class='ocrx_word' id='word_1_119' title='bbox 1541 875 1694 916; x_wconf 85' lang='lat' dir='ltr'>certio-</span> 
     </span>
     <span class='ocr_line' id='line_1_15' title="bbox 237 933 1693 987; baseline -0.004 -9"><span class='ocrx_word' id='word_1_120' title='bbox 237 951 340 978; x_wconf 82' lang='lat' dir='ltr'>rem.</span> <span class='ocrx_word' id='word_1_121' title='bbox 402 937 448 977; x_wconf 86' lang='lat' dir='ltr'>Si</span> <span class='ocrx_word' id='word_1_122' title='bbox 477 935 579 987; x_wconf 92' lang='lat' dir='ltr'>quid</span> <span class='ocrx_word' id='word_1_123' title='bbox 612 936 656 975; x_wconf 92' lang='lat' dir='ltr'>in</span> <span class='ocrx_word' id='word_1_124' title='bbox 686 947 733 975; x_wconf 89' lang='lat' dir='ltr'>re</span> <span class='ocrx_word' id='word_1_125' title='bbox 769 935 941 986; x_wconf 86' lang='lat' dir='ltr'>publica</span> <span class='ocrx_word' id='word_1_126' title='bbox 980 934 1115 974; x_wconf 86' lang='lat' dir='ltr'>maius</span> <span class='ocrx_word' id='word_1_127' title='bbox 1155 936 1297 974; x_wconf 86' lang='lat' dir='ltr'>actum</span> <span class='ocrx_word' id='word_1_128' title='bbox 1326 935 1429 985; x_wconf 82' lang='lat' dir='ltr'>erit,</span> <span class='ocrx_word' id='word_1_129' title='bbox 1468 934 1579 984; x_wconf 93' lang='lat' dir='ltr'>quod</span> <span class='ocrx_word' id='word_1_130' title='bbox 1620 933 1693 972; x_wconf 90' lang='lat' dir='ltr'>isti</span> 
     </span>
     <span class='ocr_line' id='line_1_16' title="bbox 236 990 1695 1047; baseline -0.004 -12"><span class='ocrx_word' id='word_1_131' title='bbox 236 995 423 1047; x_wconf 86' lang='lat' dir='ltr'>operarii</span> <span class='ocrx_word' id='word_1_132' title='bbox 461 994 599 1033; x_wconf 90' lang='lat' dir='ltr'>minus</span> <span class='ocrx_word' id='word_1_133' title='bbox 626 992 854 1033; x_wconf 81' lang='lat' dir='ltr'>&#39;commode</span> <span class='ocrx_word' id='word_1_134' title='bbox 889 992 1084 1044; x_wconf 87' lang='lat' dir='ltr'>persequi</span> <span class='ocrx_word' id='word_1_135' title='bbox 1120 992 1305 1043; x_wconf 83' lang='lat' dir='ltr'>possint,</span> <span class='ocrx_word' id='word_1_136' title='bbox 1344 993 1386 1030; x_wconf 90' lang='lat' dir='ltr'>et</span> <span class='ocrx_word' id='word_1_137' title='bbox 1426 990 1695 1041; x_wconf 89' lang='lat' dir='ltr'>quemadmo—</span> 
     </span>
     <span class='ocr_line' id='line_1_17' title="bbox 236 1047 1694 1099; baseline -0.003 -9"><span class='ocrx_word' id='word_1_138' title='bbox 236 1053 335 1091; x_wconf 86' lang='lat' dir='ltr'>dum</span> <span class='ocrx_word' id='word_1_139' title='bbox 366 1053 508 1092; x_wconf 87' lang='lat' dir='ltr'>aetum</span> <span class='ocrx_word' id='word_1_140' title='bbox 538 1050 592 1089; x_wconf 89' lang='lat' dir='ltr'>sit</span> <span class='ocrx_word' id='word_1_141' title='bbox 621 1051 662 1088; x_wconf 91' lang='lat' dir='ltr'>et</span> <span class='ocrx_word' id='word_1_142' title='bbox 693 1061 801 1099; x_wconf 85' lang='lat' dir='ltr'>quae</span> <span class='ocrx_word' id='word_1_143' title='bbox 843 1048 1096 1088; x_wconf 73' lang='lat' dir='ltr'>existimatio</span> <span class='ocrx_word' id='word_1_144' title='bbox 1136 1049 1280 1088; x_wconf 88' lang='lat' dir='ltr'>secuta</span> <span class='ocrx_word' id='word_1_145' title='bbox 1315 1060 1512 1099; x_wconf 89' lang='lat' dir='ltr'>quaeque</span> <span class='ocrx_word' id='word_1_146' title='bbox 1551 1047 1603 1087; x_wconf 89' lang='lat' dir='ltr'>de</span> <span class='ocrx_word' id='word_1_147' title='bbox 1642 1059 1694 1086; x_wconf 92' lang='lat' dir='ltr'>eo</span> 
     </span>
     <span class='ocr_line' id='line_1_18' title="bbox 237 1105 1695 1160; baseline -0.003 -11"><span class='ocrx_word' id='word_1_148' title='bbox 237 1122 333 1160; x_wconf 84' lang='lat' dir='ltr'>spes</span> <span class='ocrx_word' id='word_1_149' title='bbox 363 1109 440 1160; x_wconf 84' lang='lat' dir='ltr'>sit,</span> <span class='ocrx_word' id='word_1_150' title='bbox 471 1107 696 1159; x_wconf 77' lang='lat' dir='ltr'>diligenter</span> <span class='ocrx_word' id='word_1_151' title='bbox 725 1106 805 1145; x_wconf 84' lang='lat' dir='ltr'>tibi</span> <span class='ocrx_word' id='word_1_152' title='bbox 843 1105 1164 1158; x_wconf 86' lang='lat' dir='ltr'>perscribemus.</span> <span class='ocrx_word' id='word_1_153' title='bbox 1225 1106 1283 1145; x_wconf 92' lang='lat' dir='ltr'>Ut</span> <span class='ocrx_word' id='word_1_154' title='bbox 1311 1117 1424 1145; x_wconf 91' lang='lat' dir='ltr'>nunc</span> <span class='ocrx_word' id='word_1_155' title='bbox 1454 1106 1539 1157; x_wconf 89' lang='lat' dir='ltr'>est,</span> <span class='ocrx_word' id='word_1_156' title='bbox 1575 1105 1695 1144; x_wconf 83' lang='lat' dir='ltr'>nulla</span> 
     </span>
     <span class='ocr_line' id='line_1_19' title="bbox 233 1161 1695 1217; baseline -0.004 -11"><span class='ocrx_word' id='word_1_157' title='bbox 233 1178 389 1217; x_wconf 79' lang='lat' dir='ltr'>magno</span> <span class='ocrx_word' id='word_1_158' title='bbox 420 1176 547 1217; x_wconf 88' lang='lat' dir='ltr'>opere</span> <span class='ocrx_word' id='word_1_159' title='bbox 579 1162 838 1215; x_wconf 80' lang='lat' dir='ltr'>exspectatio</span> <span class='ocrx_word' id='word_1_160' title='bbox 879 1163 951 1201; x_wconf 92' lang='lat' dir='ltr'>est.</span> <span class='ocrx_word' id='word_1_161' title='bbox 1010 1161 1119 1202; x_wconf 85' lang='lat' dir='ltr'>Nam</span> <span class='ocrx_word' id='word_1_162' title='bbox 1149 1163 1191 1201; x_wconf 90' lang='lat' dir='ltr'>et</span> <span class='ocrx_word' id='word_1_163' title='bbox 1226 1162 1293 1201; x_wconf 91' lang='lat' dir='ltr'>illi</span> <span class='ocrx_word' id='word_1_164' title='bbox 1322 1174 1516 1202; x_wconf 88' lang='lat' dir='ltr'>rumores</span> <span class='ocrx_word' id='word_1_165' title='bbox 1545 1161 1596 1201; x_wconf 92' lang='lat' dir='ltr'>de</span> <span class='ocrx_word' id='word_1_166' title='bbox 1627 1174 1695 1202; x_wconf 89' lang='lat' dir='ltr'>co-</span> 
     </span>
     <span class='ocr_line' id='line_1_20' title="bbox 238 1218 1695 1272; baseline -0.003 -10"><span class='ocrx_word' id='word_1_167' title='bbox 238 1223 369 1262; x_wconf 89' lang='lat' dir='ltr'>mitiis</span> <span class='ocrx_word' id='word_1_168' title='bbox 397 1220 793 1272; x_wconf 81' lang='lat' dir='ltr'>Transpadanorum</span> <span class='ocrx_word' id='word_1_169' title='bbox 823 1218 1045 1259; x_wconf 84' lang='lat' dir='ltr'>Cumarum</span> <span class='ocrx_word' id='word_1_170' title='bbox 1074 1221 1196 1258; x_wconf 91' lang='lat' dir='ltr'>tenus</span> <span class='ocrx_word' id='word_1_171' title='bbox 1233 1220 1479 1259; x_wconf 87' lang='lat' dir='ltr'>caluerunt:</span> <span class='ocrx_word' id='word_1_172' title='bbox 1520 1219 1695 1259; x_wconf 82' lang='lat' dir='ltr'>Romam</span> 
     </span>
     <span class='ocr_line' id='line_1_21' title="bbox 238 1276 1697 1330; baseline -0.004 -10"><span class='ocrx_word' id='word_1_173' title='bbox 238 1292 367 1330; x_wconf 75' lang='lat' dir='ltr'>quum</span> <span class='ocrx_word' id='word_1_174' title='bbox 402 1278 630 1328; x_wconf 80' lang='lat' dir='ltr'>venissem,</span> <span class='ocrx_word' id='word_1_175' title='bbox 660 1289 713 1315; x_wconf 91' lang='lat' dir='ltr'>ne</span> <span class='ocrx_word' id='word_1_176' title='bbox 750 1276 1035 1316; x_wconf 82' lang='lat' dir='ltr'>tenuissimam</span> <span class='ocrx_word' id='word_1_177' title='bbox 1070 1276 1239 1327; x_wconf 86' lang='lat' dir='ltr'>quidem</span> <span class='ocrx_word' id='word_1_178' title='bbox 1270 1276 1526 1316; x_wconf 89' lang='lat' dir='ltr'>auditionem</span> <span class='ocrx_word' id='word_1_179' title='bbox 1564 1276 1615 1315; x_wconf 85' lang='lat' dir='ltr'>de</span> <span class='ocrx_word' id='word_1_180' title='bbox 1646 1288 1697 1315; x_wconf 85' lang='lat' dir='ltr'>ea</span> 
     </span>
    </p>
   </div>
   <div class='ocr_carea' id='block_1_3' title="bbox 232 1396 1697 2785">
    <p class='ocr_par' dir='ltr' id='par_1_3' title="bbox 236 1396 1697 2322">
     <span class='ocr_line' id='line_1_22' title="bbox 239 1396 1695 1442; baseline -0.004 -7"><span class='ocrx_word' id='word_1_181' title='bbox 239 1403 392 1435; x_wconf 69' lang='lat' dir='ltr'>nimium</span> <span class='ocrx_word' id='word_1_182' title='bbox 417 1403 553 1442; x_wconf 77' lang='lat' dir='ltr'>arguta</span> <span class='ocrx_word' id='word_1_183' title='bbox 579 1409 625 1432; x_wconf 90' lang='lat' dir='ltr'>zu</span> <span class='ocrx_word' id='word_1_184' title='bbox 649 1398 736 1433; x_wconf 84' lang='lat' dir='ltr'>sehr</span> <span class='ocrx_word' id='word_1_185' title='bbox 768 1397 836 1431; x_wconf 89' lang='lat' dir='ltr'>in‘s</span> <span class='ocrx_word' id='word_1_186' title='bbox 870 1397 1026 1440; x_wconf 89' lang='lat' dir='ltr'>Kleine,</span> <span class='ocrx_word' id='word_1_187' title='bbox 1061 1407 1106 1430; x_wconf 88' lang='lat' dir='ltr'>zu</span> <span class='ocrx_word' id='word_1_188' title='bbox 1132 1396 1222 1431; x_wconf 81' lang='lat' dir='ltr'>weit</span> <span class='ocrx_word' id='word_1_189' title='bbox 1256 1397 1464 1440; x_wconf 81' lang='lat' dir='ltr'>getrieben.</span> <span class='ocrx_word' id='word_1_190' title='bbox 1491 1416 1534 1421; x_wconf 94' lang='lat'><strong>—</strong></span> <span class='ocrx_word' id='word_1_191' title='bbox 1586 1397 1695 1430; x_wconf 82' lang='lat' dir='ltr'>Tam-</span> 
     </span>
     <span class='ocr_line' id='line_1_23' title="bbox 239 1443 1697 1489; baseline -0.003 -7"><span class='ocrx_word' id='word_1_192' title='bbox 239 1450 318 1482; x_wconf 71' lang='grc' dir='ltr'>εἰεί.</span> <span class='ocrx_word' id='word_1_193' title='bbox 346 1448 494 1481; x_wconf 64' lang='grc'>38111511.</span> <span class='ocrx_word' id='word_1_194' title='bbox 521 1447 549 1489; x_wconf 85' lang='lat'>§.</span> <span class='ocrx_word' id='word_1_195' title='bbox 576 1447 655 1486; x_wconf 84' lang='lat'>191,</span> <span class='ocrx_word' id='word_1_196' title='bbox 683 1447 713 1478; x_wconf 91' lang='lat' dir='ltr'>l.</span> <span class='ocrx_word' id='word_1_197' title='bbox 743 1444 887 1479; x_wconf 75' lang='lat' dir='ltr'>Grotef.</span> <span class='ocrx_word' id='word_1_198' title='bbox 913 1445 941 1486; x_wconf 87' lang='lat'>§.</span> <span class='ocrx_word' id='word_1_199' title='bbox 961 1445 1027 1478; x_wconf 76' lang='grc'>408</span> <span class='ocrx_word' id='word_1_200' title='bbox 1052 1455 1087 1478; x_wconf 89' lang='lat' dir='ltr'>u.</span> <span class='ocrx_word' id='word_1_201' title='bbox 1113 1444 1193 1478; x_wconf 75' lang='grc'>428.</span> <span class='ocrx_word' id='word_1_202' title='bbox 1220 1463 1262 1468; x_wconf 88' lang='grc'><strong>-</strong></span> <span class='ocrx_word' id='word_1_203' title='bbox 1287 1443 1354 1477; x_wconf 82' lang='grc'>1108</span> <span class='ocrx_word' id='word_1_204' title='bbox 1369 1444 1530 1487; x_wconf 81' lang='lat' dir='ltr'>officium</span> <span class='ocrx_word' id='word_1_205' title='bbox 1555 1443 1580 1479; x_wconf 90' lang='lat' dir='ltr'>i.</span> <span class='ocrx_word' id='word_1_206' title='bbox 1599 1455 1633 1479; x_wconf 89' lang='lat' dir='ltr'>e.</span> <span class='ocrx_word' id='word_1_207' title='bbox 1650 1455 1697 1477; x_wconf 89' lang='lat' dir='ltr'>ne</span> 
     </span>
     <span class='ocr_line' id='line_1_24' title="bbox 239 1490 1696 1535; baseline -0.003 -7"><span class='ocrx_word' id='word_1_208' title='bbox 239 1497 275 1528; x_wconf 90' lang='lat' dir='ltr'>iu</span> <span class='ocrx_word' id='word_1_209' title='bbox 302 1495 372 1528; x_wconf 89' lang='lat' dir='ltr'>hoc</span> <span class='ocrx_word' id='word_1_210' title='bbox 397 1493 536 1534; x_wconf 85' lang='lat' dir='ltr'>officio,</span> <span class='ocrx_word' id='word_1_211' title='bbox 563 1492 660 1535; x_wconf 90' lang='lat' dir='ltr'>quod</span> <span class='ocrx_word' id='word_1_212' title='bbox 688 1491 755 1524; x_wconf 83' lang='lat' dir='ltr'>tibi</span> <span class='ocrx_word' id='word_1_213' title='bbox 780 1495 972 1535; x_wconf 80' lang='lat' dir='ltr'>praestare</span> <span class='ocrx_word' id='word_1_214' title='bbox 987 1490 1177 1534; x_wconf 74' lang='lat' dir='ltr'>pollicitus</span> <span class='ocrx_word' id='word_1_215' title='bbox 1203 1501 1301 1533; x_wconf 89' lang='grc'>511111,</span> <span class='ocrx_word' id='word_1_216' title='bbox 1329 1497 1368 1523; x_wconf 89' lang='grc'>111</span> <span class='ocrx_word' id='word_1_217' title='bbox 1393 1498 1429 1524; x_wconf 88' lang='grc'>18</span> <span class='ocrx_word' id='word_1_218' title='bbox 1454 1491 1500 1524; x_wconf 85' lang='grc'>(18</span> <span class='ocrx_word' id='word_1_219' title='bbox 1526 1490 1696 1524; x_wconf 85' lang='lat' dir='ltr'>omnibus</span> 
     </span>
     <span class='ocr_line' id='line_1_25' title="bbox 240 1536 1696 1580; baseline -0.003 -6"><span class='ocrx_word' id='word_1_220' title='bbox 240 1542 350 1574; x_wconf 78' lang='lat' dir='ltr'>rebus</span> <span class='ocrx_word' id='word_1_221' title='bbox 385 1539 585 1572; x_wconf 81' lang='lat' dir='ltr'>certiorem</span> <span class='ocrx_word' id='word_1_222' title='bbox 616 1538 789 1578; x_wconf 83' lang='lat' dir='ltr'>facerem,</span> <span class='ocrx_word' id='word_1_223' title='bbox 827 1537 1062 1580; x_wconf 82' lang='lat' dir='ltr'>arrogantiae</span> <span class='ocrx_word' id='word_1_224' title='bbox 1087 1547 1191 1569; x_wconf 87' lang='lat' dir='ltr'>meae</span> <span class='ocrx_word' id='word_1_225' title='bbox 1217 1536 1370 1579; x_wconf 85' lang='lat' dir='ltr'>tribuas,</span> <span class='ocrx_word' id='word_1_226' title='bbox 1396 1537 1497 1580; x_wconf 88' lang='lat' dir='ltr'>quod</span> <span class='ocrx_word' id='word_1_227' title='bbox 1523 1537 1619 1570; x_wconf 89' lang='lat' dir='ltr'>hunc</span> <span class='ocrx_word' id='word_1_228' title='bbox 1643 1538 1696 1570; x_wconf 88' lang='lat' dir='ltr'>la-</span> 
     </span>
     <span class='ocr_line' id='line_1_26' title="bbox 238 1582 1695 1628; baseline -0.003 -8"><span class='ocrx_word' id='word_1_229' title='bbox 238 1588 367 1620; x_wconf 82' lang='lat' dir='ltr'>borem</span> <span class='ocrx_word' id='word_1_230' title='bbox 393 1597 466 1619; x_wconf 88' lang='lat' dir='ltr'>nou</span> <span class='ocrx_word' id='word_1_231' title='bbox 491 1585 572 1628; x_wconf 80' lang='lat' dir='ltr'>ipse</span> <span class='ocrx_word' id='word_1_232' title='bbox 597 1583 845 1627; x_wconf 74' lang='lat' dir='ltr'>susceperim,</span> <span class='ocrx_word' id='word_1_233' title='bbox 882 1583 949 1616; x_wconf 77' lang='lat' dir='ltr'>sed</span> <span class='ocrx_word' id='word_1_234' title='bbox 981 1582 1090 1616; x_wconf 77' lang='lat' dir='ltr'>alteri</span> <span class='ocrx_word' id='word_1_235' title='bbox 1124 1583 1340 1626; x_wconf 79' lang='lat' dir='ltr'>delegarim.</span> <span class='ocrx_word' id='word_1_236' title='bbox 1389 1584 1451 1617; x_wconf 90' lang='lat' dir='ltr'>Du</span> <span class='ocrx_word' id='word_1_237' title='bbox 1484 1590 1599 1617; x_wconf 83' lang='lat' dir='ltr'>musst</span> <span class='ocrx_word' id='word_1_238' title='bbox 1624 1584 1695 1617; x_wconf 86' lang='lat' dir='ltr'>den</span> 
     </span>
     <span class='ocr_line' id='line_1_27' title="bbox 238 1629 1694 1675; baseline -0.002 -9"><span class='ocrx_word' id='word_1_239' title='bbox 238 1632 437 1675; x_wconf 79' lang='lat' dir='ltr'>Umstand,</span> <span class='ocrx_word' id='word_1_240' title='bbox 472 1631 555 1664; x_wconf 82' lang='lat' dir='ltr'>dass</span> <span class='ocrx_word' id='word_1_241' title='bbox 580 1630 639 1663; x_wconf 90' lang='lat' dir='ltr'>ich</span> <span class='ocrx_word' id='word_1_242' title='bbox 677 1630 779 1662; x_wconf 83' lang='grc'>(11858</span> <span class='ocrx_word' id='word_1_243' title='bbox 804 1629 937 1662; x_wconf 80' lang='lat' dir='ltr'>Arbeit</span> <span class='ocrx_word' id='word_1_244' title='bbox 972 1629 1092 1662; x_wconf 85' lang='lat' dir='ltr'>einem</span> <span class='ocrx_word' id='word_1_245' title='bbox 1123 1629 1276 1662; x_wconf 84' lang='lat' dir='ltr'>Andern</span> <span class='ocrx_word' id='word_1_246' title='bbox 1309 1629 1551 1673; x_wconf 77' lang='lat' dir='ltr'>ausgetragen</span> <span class='ocrx_word' id='word_1_247' title='bbox 1586 1631 1694 1672; x_wconf 85' lang='lat' dir='ltr'>habe,</span> 
     </span>
     <span class='ocr_line' id='line_1_28' title="bbox 238 1675 1696 1719; baseline -0.002 -7"><span class='ocrx_word' id='word_1_248' title='bbox 238 1680 339 1712; x_wconf 77' lang='lat' dir='ltr'>nicht</span> <span class='ocrx_word' id='word_1_249' title='bbox 365 1690 406 1712; x_wconf 89' lang='grc'>50</span> <span class='ocrx_word' id='word_1_250' title='bbox 432 1677 607 1719; x_wconf 84' lang='grc'>11811111811,</span> <span class='ocrx_word' id='word_1_251' title='bbox 639 1676 692 1709; x_wconf 81' lang='lat' dir='ltr'>als</span> <span class='ocrx_word' id='word_1_252' title='bbox 718 1676 766 1708; x_wconf 92' lang='lat' dir='ltr'>ob</span> <span class='ocrx_word' id='word_1_253' title='bbox 793 1675 852 1708; x_wconf 86' lang='lat' dir='ltr'>ich</span> <span class='ocrx_word' id='word_1_254' title='bbox 876 1685 940 1708; x_wconf 82' lang='lat' dir='ltr'>aus</span> <span class='ocrx_word' id='word_1_255' title='bbox 964 1675 1175 1708; x_wconf 81' lang='lat' dir='ltr'>Hochmuth</span> <span class='ocrx_word' id='word_1_256' title='bbox 1200 1675 1255 1709; x_wconf 83' lang='lat' dir='ltr'>sie</span> <span class='ocrx_word' id='word_1_257' title='bbox 1287 1686 1332 1709; x_wconf 89' lang='lat' dir='ltr'>zu</span> <span class='ocrx_word' id='word_1_258' title='bbox 1357 1677 1491 1719; x_wconf 80' lang='lat' dir='ltr'>gering</span> <span class='ocrx_word' id='word_1_259' title='bbox 1516 1677 1575 1710; x_wconf 78' lang='lat' dir='ltr'>fiir</span> <span class='ocrx_word' id='word_1_260' title='bbox 1598 1676 1696 1710; x_wconf 86' lang='lat' dir='ltr'>mich</span> 
     </span>
     <span class='ocr_line' id='line_1_29' title="bbox 238 1721 1695 1766; baseline -0.001 -8"><span class='ocrx_word' id='word_1_261' title='bbox 238 1725 366 1759; x_wconf 85' lang='grc'>1118118.</span> <span class='ocrx_word' id='word_1_262' title='bbox 393 1741 433 1750; x_wconf 88' lang='lat'>-</span> <span class='ocrx_word' id='word_1_263' title='bbox 460 1734 530 1756; x_wconf 79' lang='grc' dir='ltr'>ηοη</span> <span class='ocrx_word' id='word_1_264' title='bbox 555 1723 703 1766; x_wconf 80' lang='lat' dir='ltr'>quin...</span> <span class='ocrx_word' id='word_1_265' title='bbox 731 1732 900 1765; x_wconf 78' lang='lat' dir='ltr'>operam,</span> <span class='ocrx_word' id='word_1_266' title='bbox 926 1721 1052 1764; x_wconf 88' lang='lat' dir='ltr'>„oder</span> <span class='ocrx_word' id='word_1_267' title='bbox 1076 1722 1130 1755; x_wconf 79' lang='lat' dir='ltr'>als</span> <span class='ocrx_word' id='word_1_268' title='bbox 1156 1723 1203 1755; x_wconf 90' lang='lat' dir='ltr'>ob</span> <span class='ocrx_word' id='word_1_269' title='bbox 1230 1734 1269 1755; x_wconf 88' lang='grc'>85</span> <span class='ocrx_word' id='word_1_270' title='bbox 1294 1723 1384 1765; x_wconf 89' lang='lat' dir='ltr'>mir,</span> <span class='ocrx_word' id='word_1_271' title='bbox 1421 1723 1487 1756; x_wconf 87' lang='lat' dir='ltr'>der</span> <span class='ocrx_word' id='word_1_272' title='bbox 1520 1723 1579 1756; x_wconf 83' lang='lat' dir='ltr'>ich</span> <span class='ocrx_word' id='word_1_273' title='bbox 1606 1722 1695 1756; x_wconf 85' lang='lat' dir='ltr'>frei-</span> 
     </span>
     <span class='ocr_line' id='line_1_30' title="bbox 236 1767 1697 1813; baseline -0.002 -8"><span class='ocrx_word' id='word_1_274' title='bbox 236 1772 312 1805; x_wconf 86' lang='grc'>11811</span> <span class='ocrx_word' id='word_1_275' title='bbox 337 1771 424 1804; x_wconf 86' lang='lat' dir='ltr'>sehr</span> <span class='ocrx_word' id='word_1_276' title='bbox 447 1769 670 1812; x_wconf 75' lang='lat' dir='ltr'>besch&#39;astigt</span> <span class='ocrx_word' id='word_1_277' title='bbox 694 1769 767 1801; x_wconf 89' lang='lat' dir='ltr'>und</span> <span class='ocrx_word' id='word_1_278' title='bbox 792 1768 898 1810; x_wconf 80' lang='lat' dir='ltr'>dazu,</span> <span class='ocrx_word' id='word_1_279' title='bbox 923 1767 997 1800; x_wconf 85' lang='lat' dir='ltr'>wie</span> <span class='ocrx_word' id='word_1_280' title='bbox 1010 1768 1071 1801; x_wconf 90' lang='lat' dir='ltr'>Du</span> <span class='ocrx_word' id='word_1_281' title='bbox 1097 1767 1238 1812; x_wconf 77' lang='lat' dir='ltr'>weisst,</span> <span class='ocrx_word' id='word_1_282' title='bbox 1263 1769 1323 1802; x_wconf 90' lang='lat' dir='ltr'>ein</span> <span class='ocrx_word' id='word_1_283' title='bbox 1350 1769 1545 1812; x_wconf 83' lang='lat' dir='ltr'>ungemein</span> <span class='ocrx_word' id='word_1_284' title='bbox 1571 1771 1697 1813; x_wconf 74' lang='lat' dir='ltr'>trager</span> 
     </span>
     <span class='ocr_line' id='line_1_31' title="bbox 236 1813 1696 1858; baseline -0.003 -6"><span class='ocrx_word' id='word_1_285' title='bbox 236 1816 536 1852; x_wconf 80' lang='lat' dir='ltr'>Briefsehreiber</span> <span class='ocrx_word' id='word_1_286' title='bbox 561 1815 645 1853; x_wconf 67' lang='lat' dir='ltr'>bin,</span> <span class='ocrx_word' id='word_1_287' title='bbox 680 1814 780 1847; x_wconf 87' lang='grc'>1118111</span> <span class='ocrx_word' id='word_1_288' title='bbox 807 1813 1003 1847; x_wconf 86' lang='lat' dir='ltr'>unendlich</span> <span class='ocrx_word' id='word_1_289' title='bbox 1037 1815 1240 1857; x_wconf 79' lang='lat' dir='ltr'>angenehm</span> <span class='ocrx_word' id='word_1_290' title='bbox 1266 1816 1389 1858; x_wconf 69' lang='lat' dir='ltr'>ware,</span> <span class='ocrx_word' id='word_1_291' title='bbox 1422 1816 1521 1849; x_wconf 90' lang='lat' dir='ltr'>Dein</span> <span class='ocrx_word' id='word_1_292' title='bbox 1544 1816 1696 1850; x_wconf 87' lang='lat' dir='ltr'>Auden-</span> 
     </span>
     <span class='ocr_line' id='line_1_32' title="bbox 236 1860 1697 1897; baseline -0.002 1"><span class='ocrx_word' id='word_1_293' title='bbox 236 1864 309 1897; x_wconf 85' lang='lat' dir='ltr'>ken</span> <span class='ocrx_word' id='word_1_294' title='bbox 344 1863 460 1897; x_wconf 88' lang='lat' dir='ltr'>durch</span> <span class='ocrx_word' id='word_1_295' title='bbox 484 1860 789 1895; x_wconf 77' lang='lat' dir='ltr'>Briefschreiben</span> <span class='ocrx_word' id='word_1_296' title='bbox 823 1860 951 1893; x_wconf 89' lang='lat' dir='ltr'>immer</span> <span class='ocrx_word' id='word_1_297' title='bbox 976 1860 1089 1893; x_wconf 84' lang='lat' dir='ltr'>srisch</span> <span class='ocrx_word' id='word_1_298' title='bbox 1114 1860 1151 1893; x_wconf 90' lang='lat' dir='ltr'>in</span> <span class='ocrx_word' id='word_1_299' title='bbox 1176 1861 1246 1894; x_wconf 89' lang='lat' dir='ltr'>mir</span> <span class='ocrx_word' id='word_1_300' title='bbox 1271 1871 1316 1895; x_wconf 90' lang='lat' dir='ltr'>zu</span> <span class='ocrx_word' id='word_1_301' title='bbox 1342 1862 1521 1897; x_wconf 78' lang='lat' dir='ltr'>erhalten.</span> <span class='ocrx_word' id='word_1_302' title='bbox 1569 1863 1697 1896; x_wconf 84' lang='lat' dir='ltr'>Ueber</span> 
     </span>
     <span class='ocr_line' id='line_1_33' title="bbox 236 1906 1697 1953; baseline -0.001 -11"><span class='ocrx_word' id='word_1_303' title='bbox 236 1921 307 1943; x_wconf 70' lang='lat' dir='ltr'>»zon</span> <span class='ocrx_word' id='word_1_304' title='bbox 333 1910 419 1953; x_wconf 80' lang='lat' dir='ltr'>quin</span> <span class='ocrx_word' id='word_1_305' title='bbox 441 1920 471 1944; x_wconf 86' lang='lat' dir='ltr'>S.</span> <span class='ocrx_word' id='word_1_306' title='bbox 497 1907 646 1942; x_wconf 80' lang='lat' dir='ltr'>Ramsh.</span> <span class='ocrx_word' id='word_1_307' title='bbox 673 1907 702 1949; x_wconf 64' lang='grc' dir='ltr'>ξ.</span> <span class='ocrx_word' id='word_1_308' title='bbox 721 1908 798 1941; x_wconf 76' lang='grc'>186.</span> <span class='ocrx_word' id='word_1_309' title='bbox 826 1906 971 1942; x_wconf 80' lang='lat' dir='ltr'>Grotef.</span> <span class='ocrx_word' id='word_1_310' title='bbox 996 1907 1025 1949; x_wconf 64' lang='grc' dir='ltr'>ἕ.</span> <span class='ocrx_word' id='word_1_311' title='bbox 1051 1907 1131 1941; x_wconf 79' lang='grc'>394.</span> <span class='ocrx_word' id='word_1_312' title='bbox 1157 1926 1201 1931; x_wconf 92' lang='lat'>--</span> <span class='ocrx_word' id='word_1_313' title='bbox 1224 1908 1388 1941; x_wconf 72' lang='lat' dir='ltr'>volumen</span> <span class='ocrx_word' id='word_1_314' title='bbox 1410 1919 1458 1942; x_wconf 77' lang='lat' dir='ltr'>z:</span> <span class='ocrx_word' id='word_1_315' title='bbox 1481 1909 1697 1952; x_wconf 82' lang='lat' dir='ltr'>magnitudo</span> 
     </span>
     <span class='ocr_line' id='line_1_34' title="bbox 239 1953 1694 1997; baseline -0.001 -8"><span class='ocrx_word' id='word_1_316' title='bbox 239 1955 537 1995; x_wconf 71' lang='lat' dir='ltr'>vol-11n1ini5,.die</span> <span class='ocrx_word' id='word_1_317' title='bbox 555 1954 694 1988; x_wconf 76' lang='lat' dir='ltr'>Grosse</span> <span class='ocrx_word' id='word_1_318' title='bbox 719 1953 784 1986; x_wconf 78' lang='lat' dir='ltr'>des</span> <span class='ocrx_word' id='word_1_319' title='bbox 810 1953 1171 1995; x_wconf 71' lang='lat' dir='ltr'>Paquets.—Nescio</span> <span class='ocrx_word' id='word_1_320' title='bbox 1205 1955 1310 1987; x_wconf 75' lang='lat' dir='ltr'>cuius</span> <span class='ocrx_word' id='word_1_321' title='bbox 1335 1954 1405 1987; x_wconf 77' lang='lat' dir='ltr'>otii</span> <span class='ocrx_word' id='word_1_322' title='bbox 1434 1959 1525 1988; x_wconf 76' lang='lat' dir='ltr'>esset</span> <span class='ocrx_word' id='word_1_323' title='bbox 1550 1961 1620 1990; x_wconf 86' lang='lat' dir='ltr'>cet.</span> <span class='ocrx_word' id='word_1_324' title='bbox 1648 1958 1694 1997; x_wconf 86' lang='grc'>(5.</span> 
     </span>
     <span class='ocr_line' id='line_1_35' title="bbox 237 1999 1697 2045; baseline -0.001 -9"><span class='ocrx_word' id='word_1_325' title='bbox 237 2002 388 2036; x_wconf 80' lang='lat' dir='ltr'>Ramsh.</span> <span class='ocrx_word' id='word_1_326' title='bbox 421 2002 450 2043; x_wconf 84' lang='lat'>§.</span> <span class='ocrx_word' id='word_1_327' title='bbox 478 2002 556 2043; x_wconf 87' lang='grc'>160,</span> <span class='ocrx_word' id='word_1_328' title='bbox 583 2002 614 2035; x_wconf 90' lang='grc'>1.</span> <span class='ocrx_word' id='word_1_329' title='bbox 640 2000 726 2034; x_wconf 85' lang='lat' dir='ltr'>Not.</span> <span class='ocrx_word' id='word_1_330' title='bbox 752 1999 790 2033; x_wconf 82' lang='lat'>2:</span> <span class='ocrx_word' id='word_1_331' title='bbox 825 1999 970 2033; x_wconf 88' lang='lat' dir='ltr'>Grotef.</span> <span class='ocrx_word' id='word_1_332' title='bbox 997 2000 1026 2041; x_wconf 83' lang='lat'>§.</span> <span class='ocrx_word' id='word_1_333' title='bbox 1052 2000 1148 2041; x_wconf 82' lang='lat'><strong>417.)</strong></span> <span class='ocrx_word' id='word_1_334' title='bbox 1182 1999 1265 2033; x_wconf 88' lang='grc'>81118</span> <span class='ocrx_word' id='word_1_335' title='bbox 1300 2001 1369 2034; x_wconf 90' lang='lat' dir='ltr'>mir</span> <span class='ocrx_word' id='word_1_336' title='bbox 1399 2001 1697 2045; x_wconf 76' lang='lat' dir='ltr'>uubegreifliche</span> 
     </span>
     <span class='ocr_line' id='line_1_36' title="bbox 238 2045 1694 2091; baseline -0.001 -9"><span class='ocrx_word' id='word_1_337' title='bbox 238 2050 365 2083; x_wconf 78' lang='lat' dir='ltr'>Musse</span> <span class='ocrx_word' id='word_1_338' title='bbox 391 2047 548 2091; x_wconf 66' lang='lat' dir='ltr'>gehorte</span> <span class='ocrx_word' id='word_1_339' title='bbox 565 2046 658 2080; x_wconf 88' lang='lat' dir='ltr'>dazn</span> <span class='ocrx_word' id='word_1_340' title='bbox 685 2045 784 2079; x_wconf 83' lang='lat' dir='ltr'>diess</span> <span class='ocrx_word' id='word_1_341' title='bbox 801 2046 905 2079; x_wconf 85' lang='lat' dir='ltr'>Alles</span> <span class='ocrx_word' id='word_1_342' title='bbox 922 2056 992 2079; x_wconf 91' lang='lat' dir='ltr'>nur</span> <span class='ocrx_word' id='word_1_343' title='bbox 1011 2046 1333 2090; x_wconf 81' lang='lat' dir='ltr'>wahrzunehmen,</span> <span class='ocrx_word' id='word_1_344' title='bbox 1359 2048 1597 2091; x_wconf 79' lang='lat' dir='ltr'>geschweige</span> <span class='ocrx_word' id='word_1_345' title='bbox 1616 2047 1694 2080; x_wconf 88' lang='lat' dir='ltr'>nie-</span> 
     </span>
     <span class='ocr_line' id='line_1_37' title="bbox 238 2091 1693 2129; baseline -0.001 -1"><span class='ocrx_word' id='word_1_346' title='bbox 238 2093 565 2129; x_wconf 77' lang='lat' dir='ltr'>derzuschreiben.</span> <span class='ocrx_word' id='word_1_347' title='bbox 591 2092 717 2126; x_wconf 90' lang='lat' dir='ltr'>Ueber</span> <span class='ocrx_word' id='word_1_348' title='bbox 742 2091 812 2125; x_wconf 88' lang='lat' dir='ltr'>deu</span> <span class='ocrx_word' id='word_1_349' title='bbox 839 2091 963 2126; x_wconf 86' lang='lat' dir='ltr'>Genit.</span> <span class='ocrx_word' id='word_1_350' title='bbox 990 2092 1059 2125; x_wconf 75' lang='lat' dir='ltr'>otii</span> <span class='ocrx_word' id='word_1_351' title='bbox 1084 2092 1179 2126; x_wconf 80' lang='lat' dir='ltr'>beim</span> <span class='ocrx_word' id='word_1_352' title='bbox 1202 2093 1320 2128; x_wconf 86' lang='lat' dir='ltr'>Verb.</span> <span class='ocrx_word' id='word_1_353' title='bbox 1346 2094 1461 2129; x_wconf 79' lang='grc'>5111151,</span> <span class='ocrx_word' id='word_1_354' title='bbox 1487 2105 1516 2128; x_wconf 89' lang='grc'>5.</span> <span class='ocrx_word' id='word_1_355' title='bbox 1543 2094 1693 2127; x_wconf 77' lang='lat' dir='ltr'>Ramsh.</span> 
     </span>
     <span class='ocr_line' id='line_1_38' title="bbox 238 2138 1693 2183; baseline -0.001 -8"><span class='ocrx_word' id='word_1_356' title='bbox 238 2141 268 2183; x_wconf 65' lang='grc' dir='ltr'>ξ).</span> <span class='ocrx_word' id='word_1_357' title='bbox 296 2141 382 2183; x_wconf 73' lang='grc'>108,</span> <span class='ocrx_word' id='word_1_358' title='bbox 407 2142 441 2174; x_wconf 89' lang='grc'>3.</span> <span class='ocrx_word' id='word_1_359' title='bbox 469 2138 613 2174; x_wconf 78' lang='lat' dir='ltr'>Grotef.</span> <span class='ocrx_word' id='word_1_360' title='bbox 641 2139 669 2181; x_wconf 68' lang='grc' dir='ltr'>ξ).</span> <span class='ocrx_word' id='word_1_361' title='bbox 695 2139 772 2173; x_wconf 84' lang='grc'>236.</span> <span class='ocrx_word' id='word_1_362' title='bbox 809 2139 900 2172; x_wconf 77' lang='lat' dir='ltr'>iiber</span> <span class='ocrx_word' id='word_1_363' title='bbox 926 2149 995 2171; x_wconf 73' lang='lat' dir='ltr'>non</span> <span class='ocrx_word' id='word_1_364' title='bbox 1019 2140 1193 2174; x_wconf 80' lang='lat' dir='ltr'>modo...</span> <span class='ocrx_word' id='word_1_365' title='bbox 1218 2140 1281 2172; x_wconf 77' lang='lat' dir='ltr'>sed</span> <span class='ocrx_word' id='word_1_366' title='bbox 1305 2141 1453 2174; x_wconf 81' lang='lat' dir='ltr'>Ramsh.</span> <span class='ocrx_word' id='word_1_367' title='bbox 1488 2141 1518 2183; x_wconf 85' lang='lat'>§.</span> <span class='ocrx_word' id='word_1_368' title='bbox 1545 2142 1623 2183; x_wconf 80' lang='lat'>181,</span> <span class='ocrx_word' id='word_1_369' title='bbox 1648 2140 1693 2174; x_wconf 82' lang='lat' dir='ltr'>B.</span> 
     </span>
     <span class='ocr_line' id='line_1_39' title="bbox 238 2185 1695 2229; baseline 0 -9"><span class='ocrx_word' id='word_1_370' title='bbox 238 2189 270 2221; x_wconf 89' lang='lat'>1.</span> <span class='ocrx_word' id='word_1_371' title='bbox 296 2187 342 2222; x_wconf 89' lang='lat' dir='ltr'>N.</span> <span class='ocrx_word' id='word_1_372' title='bbox 370 2185 516 2220; x_wconf 84' lang='lat' dir='ltr'>Grotef.</span> <span class='ocrx_word' id='word_1_373' title='bbox 542 2187 573 2229; x_wconf 59' lang='grc' dir='ltr'>ἓ.</span> <span class='ocrx_word' id='word_1_374' title='bbox 597 2186 676 2220; x_wconf 73' lang='lat'><strong>340.</strong></span> <span class='ocrx_word' id='word_1_375' title='bbox 703 2204 747 2209; x_wconf 93' lang='lat'>—-</span> <span class='ocrx_word' id='word_1_376' title='bbox 772 2186 866 2228; x_wconf 78' lang='lat' dir='ltr'>quod</span> <span class='ocrx_word' id='word_1_377' title='bbox 890 2185 1108 2229; x_wconf 74' lang='lat' dir='ltr'>exemplum,</span> <span class='ocrx_word' id='word_1_378' title='bbox 1135 2185 1238 2218; x_wconf 86' lang='grc'>(11858</span> <span class='ocrx_word' id='word_1_379' title='bbox 1265 2197 1335 2218; x_wconf 83' lang='lat' dir='ltr'>von</span> <span class='ocrx_word' id='word_1_380' title='bbox 1361 2187 1444 2219; x_wconf 81' lang='lat' dir='ltr'>dem</span> <span class='ocrx_word' id='word_1_381' title='bbox 1468 2187 1604 2220; x_wconf 85' lang='lat' dir='ltr'>Manne</span> <span class='ocrx_word' id='word_1_382' title='bbox 1630 2187 1695 2219; x_wconf 87' lang='lat' dir='ltr'>ab-</span> 
     </span>
     <span class='ocr_line' id='line_1_40' title="bbox 237 2230 1696 2277; baseline 0.001 -11"><span class='ocrx_word' id='word_1_383' title='bbox 237 2233 388 2277; x_wconf 80' lang='lat' dir='ltr'>gelegte</span> <span class='ocrx_word' id='word_1_384' title='bbox 413 2233 552 2267; x_wconf 88' lang='lat' dir='ltr'>Probe.</span> <span class='ocrx_word' id='word_1_385' title='bbox 580 2249 621 2255; x_wconf 91' lang='lat'><strong>—</strong></span> <span class='ocrx_word' id='word_1_386' title='bbox 647 2242 690 2264; x_wconf 81' lang='lat' dir='ltr'>ne</span> <span class='ocrx_word' id='word_1_387' title='bbox 712 2231 845 2265; x_wconf 83' lang='lat' dir='ltr'>mol...</span> <span class='ocrx_word' id='word_1_388' title='bbox 872 2230 1080 2273; x_wconf 67' lang='lat' dir='ltr'>exhibeam,</span> <span class='ocrx_word' id='word_1_389' title='bbox 1114 2231 1226 2265; x_wconf 81' lang='lat' dir='ltr'>damit</span> <span class='ocrx_word' id='word_1_390' title='bbox 1252 2231 1311 2265; x_wconf 91' lang='lat' dir='ltr'>ich</span> <span class='ocrx_word' id='word_1_391' title='bbox 1336 2232 1438 2266; x_wconf 83' lang='lat' dir='ltr'>nicht</span> <span class='ocrx_word' id='word_1_392' title='bbox 1461 2244 1573 2277; x_wconf 82' lang='lat' dir='ltr'>sogar</span> <span class='ocrx_word' id='word_1_393' title='bbox 1598 2232 1696 2267; x_wconf 86' lang='lat' dir='ltr'>Geld</span> 
     </span>
     <span class='ocr_line' id='line_1_41' title="bbox 236 2276 1173 2322; baseline -0.002 -9"><span class='ocrx_word' id='word_1_394' title='bbox 236 2279 344 2313; x_wconf 77' lang='lat' dir='ltr'>dasiir</span> <span class='ocrx_word' id='word_1_395' title='bbox 368 2279 550 2322; x_wconf 79' lang='lat' dir='ltr'>ausgebe,</span> <span class='ocrx_word' id='word_1_396' title='bbox 576 2276 649 2311; x_wconf 87' lang='lat' dir='ltr'>Dir</span> <span class='ocrx_word' id='word_1_397' title='bbox 672 2276 915 2320; x_wconf 80' lang='lat' dir='ltr'>Langeweile</span> <span class='ocrx_word' id='word_1_398' title='bbox 939 2288 984 2310; x_wconf 92' lang='lat' dir='ltr'>zu</span> <span class='ocrx_word' id='word_1_399' title='bbox 1009 2277 1173 2312; x_wconf 79' lang='lat' dir='ltr'>macheu.</span> 
     </span>
    </p>

    <p class='ocr_par' dir='ltr' id='par_1_4' title="bbox 232 2323 1695 2785">
     <span class='ocr_line' id='line_1_42' title="bbox 328 2323 1694 2368; baseline 0.001 -10"><span class='ocrx_word' id='word_1_400' title='bbox 328 2325 363 2359; x_wconf 85' lang='lat'>2.</span> <span class='ocrx_word' id='word_1_401' title='bbox 411 2324 588 2368; x_wconf 64' lang='lat' dir='ltr'>operarii,</span> <span class='ocrx_word' id='word_1_402' title='bbox 615 2324 873 2367; x_wconf 68' lang='lat' dir='ltr'>Tagelohner,</span> <span class='ocrx_word' id='word_1_403' title='bbox 901 2323 1178 2365; x_wconf 84' lang='lat' dir='ltr'>Abschreiber,</span> <span class='ocrx_word' id='word_1_404' title='bbox 1204 2323 1407 2360; x_wconf 86' lang='lat' dir='ltr'>Schreiber</span> <span class='ocrx_word' id='word_1_405' title='bbox 1431 2325 1491 2359; x_wconf 85' lang='lat' dir='ltr'>fiir</span> <span class='ocrx_word' id='word_1_406' title='bbox 1517 2324 1627 2359; x_wconf 84' lang='lat' dir='ltr'>Geld.</span> <span class='ocrx_word' id='word_1_407' title='bbox 1653 2345 1694 2350; x_wconf 93' lang='lat'><strong>—</strong></span> 
     </span>
     <span class='ocr_line' id='line_1_43' title="bbox 236 2369 1695 2415; baseline 0.001 -10"><span class='ocrx_word' id='word_1_408' title='bbox 236 2372 483 2413; x_wconf 70' lang='lat' dir='ltr'>existimatw,</span> <span class='ocrx_word' id='word_1_409' title='bbox 510 2369 655 2404; x_wconf 84' lang='lat' dir='ltr'>Urtheil</span> <span class='ocrx_word' id='word_1_410' title='bbox 682 2369 857 2404; x_wconf 80' lang='lat' dir='ltr'>dariiber.</span> <span class='ocrx_word' id='word_1_411' title='bbox 883 2389 927 2394; x_wconf 92' lang='lat'>—</span> <span class='ocrx_word' id='word_1_412' title='bbox 952 2380 1109 2413; x_wconf 79' lang='lat' dir='ltr'>quaeque</span> <span class='ocrx_word' id='word_1_413' title='bbox 1140 2371 1184 2404; x_wconf 84' lang='lat' dir='ltr'>de</span> <span class='ocrx_word' id='word_1_414' title='bbox 1218 2381 1258 2404; x_wconf 85' lang='lat' dir='ltr'>eo</span> <span class='ocrx_word' id='word_1_415' title='bbox 1292 2381 1372 2415; x_wconf 79' lang='lat' dir='ltr'>spes</span> <span class='ocrx_word' id='word_1_416' title='bbox 1406 2372 1471 2415; x_wconf 77' lang='lat' dir='ltr'>sit,</span> <span class='ocrx_word' id='word_1_417' title='bbox 1510 2371 1584 2405; x_wconf 89' lang='lat' dir='ltr'>und</span> <span class='ocrx_word' id='word_1_418' title='bbox 1618 2382 1695 2406; x_wconf 86' lang='lat' dir='ltr'>was</span> 
     </span>
     <span class='ocr_line' id='line_1_44' title="bbox 236 2415 1695 2460; baseline 0.001 -10"><span class='ocrx_word' id='word_1_419' title='bbox 236 2418 297 2451; x_wconf 84' lang='lat' dir='ltr'>siir</span> <span class='ocrx_word' id='word_1_420' title='bbox 328 2418 436 2451; x_wconf 89' lang='lat' dir='ltr'>einen</span> <span class='ocrx_word' id='word_1_421' title='bbox 474 2417 609 2460; x_wconf 79' lang='lat' dir='ltr'>Erfolg</span> <span class='ocrx_word' id='word_1_422' title='bbox 641 2426 723 2449; x_wconf 84' lang='lat' dir='ltr'>man</span> <span class='ocrx_word' id='word_1_423' title='bbox 756 2415 836 2449; x_wconf 83' lang='lat' dir='ltr'>sich</span> <span class='ocrx_word' id='word_1_424' title='bbox 870 2415 989 2449; x_wconf 85' lang='lat' dir='ltr'>davon</span> <span class='ocrx_word' id='word_1_425' title='bbox 1024 2417 1246 2459; x_wconf 83' lang='lat' dir='ltr'>verspricht.</span> <span class='ocrx_word' id='word_1_426' title='bbox 1272 2436 1317 2441; x_wconf 72' lang='lat'>—</span> <span class='ocrx_word' id='word_1_427' title='bbox 1336 2418 1604 2460; x_wconf 59' lang='lat' dir='ltr'>per-scribemus</span> <span class='ocrx_word' id='word_1_428' title='bbox 1627 2429 1695 2452; x_wconf 86' lang='lat' dir='ltr'>nos</span> 
     </span>
     <span class='ocr_line' id='line_1_45' title="bbox 235 2461 1695 2507; baseline 0.001 -11"><span class='ocrx_word' id='word_1_429' title='bbox 235 2463 322 2507; x_wconf 84' lang='lat' dir='ltr'>ipsi.</span> <span class='ocrx_word' id='word_1_430' title='bbox 350 2483 392 2487; x_wconf 97' lang='lat'><strong>—</strong></span> <span class='ocrx_word' id='word_1_431' title='bbox 417 2465 456 2495; x_wconf 78' lang='lat' dir='ltr'>ut</span> <span class='ocrx_word' id='word_1_432' title='bbox 480 2474 573 2497; x_wconf 75' lang='lat' dir='ltr'>nunc</span> <span class='ocrx_word' id='word_1_433' title='bbox 596 2466 648 2496; x_wconf 76' lang='lat' dir='ltr'>est</span> <span class='ocrx_word' id='word_1_434' title='bbox 671 2468 765 2503; x_wconf 85' lang='lat' dir='ltr'>cet.‚</span> <span class='ocrx_word' id='word_1_435' title='bbox 791 2462 978 2495; x_wconf 88' lang='lat' dir='ltr'>dermalen</span> <span class='ocrx_word' id='word_1_436' title='bbox 1013 2461 1061 2495; x_wconf 84' lang='lat' dir='ltr'>ist</span> <span class='ocrx_word' id='word_1_437' title='bbox 1095 2462 1155 2496; x_wconf 86' lang='lat' dir='ltr'>die</span> <span class='ocrx_word' id='word_1_438' title='bbox 1181 2463 1395 2497; x_wconf 76' lang='lat' dir='ltr'>offentliche</span> <span class='ocrx_word' id='word_1_439' title='bbox 1418 2464 1695 2498; x_wconf 81' lang='lat' dir='ltr'>Aufmerksam-</span> 
     </span>
     <span class='ocr_line' id='line_1_46' title="bbox 236 2508 1692 2554; baseline 0.001 -11"><span class='ocrx_word' id='word_1_440' title='bbox 236 2509 317 2543; x_wconf 82' lang='lat' dir='ltr'>keit</span> <span class='ocrx_word' id='word_1_441' title='bbox 341 2509 407 2543; x_wconf 85' lang='lat' dir='ltr'>auf</span> <span class='ocrx_word' id='word_1_442' title='bbox 426 2509 557 2544; x_wconf 88' lang='lat' dir='ltr'>Nichts</span> <span class='ocrx_word' id='word_1_443' title='bbox 590 2508 847 2542; x_wconf 87' lang='lat' dir='ltr'>sonderliches</span> <span class='ocrx_word' id='word_1_444' title='bbox 871 2514 1065 2552; x_wconf 83' lang='lat' dir='ltr'>gespannt.</span> <span class='ocrx_word' id='word_1_445' title='bbox 1091 2527 1135 2533; x_wconf 88' lang='lat'>—</span> <span class='ocrx_word' id='word_1_446' title='bbox 1168 2509 1211 2542; x_wconf 83' lang='lat' dir='ltr'>de</span> <span class='ocrx_word' id='word_1_447' title='bbox 1235 2509 1396 2543; x_wconf 75' lang='lat' dir='ltr'>comitiis</span> <span class='ocrx_word' id='word_1_448' title='bbox 1423 2511 1626 2554; x_wconf 79' lang='lat' dir='ltr'>Transpad.</span> <span class='ocrx_word' id='word_1_449' title='bbox 1652 2510 1692 2546; x_wconf 88' lang='lat' dir='ltr'>S.</span> 
     </span>
     <span class='ocr_line' id='line_1_47' title="bbox 236 2555 1693 2600; baseline 0.001 -12"><span class='ocrx_word' id='word_1_450' title='bbox 236 2567 296 2600; x_wconf 84' lang='lat' dir='ltr'>ep.</span> <span class='ocrx_word' id='word_1_451' title='bbox 324 2556 402 2598; x_wconf 78' lang='lat'>185,</span> <span class='ocrx_word' id='word_1_452' title='bbox 425 2557 459 2590; x_wconf 88' lang='grc'>3.</span> <span class='ocrx_word' id='word_1_453' title='bbox 486 2566 543 2588; x_wconf 90' lang='lat' dir='ltr'>am</span> <span class='ocrx_word' id='word_1_454' title='bbox 567 2555 686 2589; x_wconf 88' lang='lat' dir='ltr'>Ende.</span> <span class='ocrx_word' id='word_1_455' title='bbox 702 2574 746 2580; x_wconf 91' lang='lat'>—</span> <span class='ocrx_word' id='word_1_456' title='bbox 773 2555 970 2588; x_wconf 80' lang='lat' dir='ltr'>Cumarum</span> <span class='ocrx_word' id='word_1_457' title='bbox 994 2558 1096 2587; x_wconf 74' lang='lat' dir='ltr'>tenus</span> <span class='ocrx_word' id='word_1_458' title='bbox 1120 2555 1321 2598; x_wconf 76' lang='lat' dir='ltr'>caluerunt,</span> <span class='ocrx_word' id='word_1_459' title='bbox 1346 2555 1478 2599; x_wconf 87' lang='lat' dir='ltr'>„diese</span> <span class='ocrx_word' id='word_1_460' title='bbox 1505 2558 1693 2590; x_wconf 85' lang='lat' dir='ltr'>Geriichte</span> 
     </span>
     <span class='ocr_line' id='line_1_48' title="bbox 235 2601 1695 2647; baseline 0.001 -13"><span class='ocrx_word' id='word_1_461' title='bbox 235 2601 355 2635; x_wconf 86' lang='lat' dir='ltr'>haben</span> <span class='ocrx_word' id='word_1_462' title='bbox 379 2602 458 2635; x_wconf 84' lang='lat' dir='ltr'>sich</span> <span class='ocrx_word' id='word_1_463' title='bbox 483 2612 553 2634; x_wconf 90' lang='lat' dir='ltr'>nur</span> <span class='ocrx_word' id='word_1_464' title='bbox 577 2601 636 2635; x_wconf 90' lang='lat' dir='ltr'>bis</span> <span class='ocrx_word' id='word_1_465' title='bbox 662 2601 798 2634; x_wconf 85' lang='lat' dir='ltr'>Cumae</span> <span class='ocrx_word' id='word_1_466' title='bbox 823 2611 936 2634; x_wconf 89' lang='lat' dir='ltr'>warm</span> <span class='ocrx_word' id='word_1_467' title='bbox 962 2601 1157 2634; x_wconf 80' lang='lat' dir='ltr'>erhalten“</span> <span class='ocrx_word' id='word_1_468' title='bbox 1193 2602 1240 2634; x_wconf 89' lang='lat' dir='ltr'>im</span> <span class='ocrx_word' id='word_1_469' title='bbox 1267 2603 1427 2645; x_wconf 82' lang='lat' dir='ltr'>Gegens.</span> <span class='ocrx_word' id='word_1_470' title='bbox 1453 2613 1537 2636; x_wconf 86' lang='lat' dir='ltr'>vom</span> <span class='ocrx_word' id='word_1_471' title='bbox 1563 2614 1695 2647; x_wconf 81' lang='lat' dir='ltr'>ausge-</span> 
     </span>
     <span class='ocr_line' id='line_1_49' title="bbox 235 2647 1691 2689; baseline 0.003 -9"><span class='ocrx_word' id='word_1_472' title='bbox 235 2648 403 2680; x_wconf 84' lang='lat' dir='ltr'>lassenen</span> <span class='ocrx_word' id='word_1_473' title='bbox 428 2648 491 2681; x_wconf 82' lang='lat' dir='ltr'>sed</span> <span class='ocrx_word' id='word_1_474' title='bbox 514 2648 651 2681; x_wconf 83' lang='lat' dir='ltr'>Romae</span> <span class='ocrx_word' id='word_1_475' title='bbox 674 2647 911 2689; x_wconf 71' lang='lat' dir='ltr'>refrixerunt.</span> <span class='ocrx_word' id='word_1_476' title='bbox 960 2647 1087 2680; x_wconf 90' lang='lat' dir='ltr'>Ueber</span> <span class='ocrx_word' id='word_1_477' title='bbox 1110 2651 1211 2680; x_wconf 78' lang='lat' dir='ltr'>tenus</span> <span class='ocrx_word' id='word_1_478' title='bbox 1245 2659 1276 2683; x_wconf 87' lang='grc'>8.</span> <span class='ocrx_word' id='word_1_479' title='bbox 1315 2648 1441 2683; x_wconf 80' lang='lat' dir='ltr'>Genit.</span> <span class='ocrx_word' id='word_1_480' title='bbox 1474 2659 1503 2683; x_wconf 88' lang='lat' dir='ltr'>s.</span> <span class='ocrx_word' id='word_1_481' title='bbox 1541 2649 1691 2684; x_wconf 81' lang='lat' dir='ltr'>Ramsh.</span> 
     </span>
     <span class='ocr_line' id='line_1_50' title="bbox 232 2693 1693 2737; baseline 0.001 -11"><span class='ocrx_word' id='word_1_482' title='bbox 232 2693 263 2734; x_wconf 64' lang='grc' dir='ltr'>ἕ.</span> <span class='ocrx_word' id='word_1_483' title='bbox 290 2695 367 2735; x_wconf 88' lang='grc'>115,</span> <span class='ocrx_word' id='word_1_484' title='bbox 395 2695 465 2732; x_wconf 82' lang='lat'>111,</span> <span class='ocrx_word' id='word_1_485' title='bbox 489 2695 524 2728; x_wconf 81' lang='grc'>3.</span> <span class='ocrx_word' id='word_1_486' title='bbox 553 2694 697 2727; x_wconf 84' lang='lat' dir='ltr'>Grotef.</span> <span class='ocrx_word' id='word_1_487' title='bbox 723 2694 753 2737; x_wconf 86' lang='lat'>§.</span> <span class='ocrx_word' id='word_1_488' title='bbox 779 2693 858 2727; x_wconf 87' lang='lat'><strong>271.</strong></span> <span class='ocrx_word' id='word_1_489' title='bbox 883 2712 928 2718; x_wconf 89' lang='lat'>—</span> <span class='ocrx_word' id='word_1_490' title='bbox 953 2693 1141 2737; x_wconf 81' lang='lat' dir='ltr'>venissem,</span> <span class='ocrx_word' id='word_1_491' title='bbox 1168 2694 1359 2729; x_wconf 79' lang='lat' dir='ltr'>redissem.</span> <span class='ocrx_word' id='word_1_492' title='bbox 1385 2695 1495 2728; x_wconf 86' lang='lat' dir='ltr'>Denn</span> <span class='ocrx_word' id='word_1_493' title='bbox 1523 2706 1564 2730; x_wconf 85' lang='lat' dir='ltr'>er</span> <span class='ocrx_word' id='word_1_494' title='bbox 1589 2695 1693 2729; x_wconf 83' lang='lat' dir='ltr'>hatte</span> 
     </span>
     <span class='ocr_line' id='line_1_51' title="bbox 232 2738 1691 2785; baseline 0.002 -13"><span class='ocrx_word' id='word_1_495' title='bbox 232 2739 304 2772; x_wconf 87' lang='lat' dir='ltr'>den</span> <span class='ocrx_word' id='word_1_496' title='bbox 330 2740 463 2774; x_wconf 86' lang='lat' dir='ltr'>Cicero</span> <span class='ocrx_word' id='word_1_497' title='bbox 496 2739 559 2775; x_wconf 88' lang='lat' dir='ltr'>bei</span> <span class='ocrx_word' id='word_1_498' title='bbox 584 2740 715 2776; x_wconf 82' lang='lat' dir='ltr'>dessen</span> <span class='ocrx_word' id='word_1_499' title='bbox 741 2738 902 2775; x_wconf 80' lang='lat' dir='ltr'>Abreise</span> <span class='ocrx_word' id='word_1_500' title='bbox 933 2739 969 2773; x_wconf 87' lang='lat' dir='ltr'>in</span> <span class='ocrx_word' id='word_1_501' title='bbox 1000 2739 1062 2774; x_wconf 86' lang='lat' dir='ltr'>die</span> <span class='ocrx_word' id='word_1_502' title='bbox 1086 2739 1253 2775; x_wconf 88' lang='lat' dir='ltr'>Provinz</span> <span class='ocrx_word' id='word_1_503' title='bbox 1288 2740 1345 2775; x_wconf 86' lang='lat' dir='ltr'>bis</span> <span class='ocrx_word' id='word_1_504' title='bbox 1371 2741 1508 2776; x_wconf 84' lang='lat' dir='ltr'>Cumae</span> <span class='ocrx_word' id='word_1_505' title='bbox 1544 2742 1691 2785; x_wconf 84' lang='lat' dir='ltr'>beglei-</span> 
     </span>
    </p>
   </div>
   <div class='ocr_carea' id='block_1_4' title="bbox 1715 577 1795 3043">
    <p class='ocr_par' dir='ltr' id='par_1_5' title="bbox 1715 577 1795 3043">
     <span class='ocr_line' id='line_1_52' title="bbox 1715 577 1795 3043; baseline 0 0"><span class='ocrx_word' id='word_1_506' title='bbox 1715 577 1795 3043; x_wconf 95' lang='lat' dir='ltr'> </span> 
     </span>
    </p>
   </div>
  </div>
 </body>
</html>
