1795 3043
196 48 297 95 232
460 42 524 89 M.
561 43 615 88 T.
654 41 994 90 CICERONIS
1030 43 1403 90 EPISTOLAE.

200 157 346 196 tunsae
383 155 632 202 conciones,
676 155 737 195 ita
777 156 977 196 molestae
1019 155 1305 207 Quinquatrus
1349 153 1657 207 afferebantur3
1780 173 1781 205 γ

200 225 297 253 nam
334 213 533 252 citeriora
569 212 755 253 nondum
792 213 1077 254 audiebamus.
1145 213 1228 253 Sed
1266 214 1404 252 tamen
1442 213 1551 254 nihil
1589 226 1658 254 me
1780 221 1783 278 Ι

150 312 151 315 Ἴ
202 270 335 321 magis
364 268 642 321 sollicitabat,
683 283 807 321 quam
835 270 878 310 in
909 271 974 310 his
1012 270 1211 310 molestiis
1240 281 1324 309 non
1354 281 1443 317 me,
1486 271 1522 310 si
1550 283 1659 323 quae
1782 279 1785 321 1

201 327 376 367 ridenda
407 330 558 375 essent,
589 327 729 367 ridere
759 330 920 367 tecum:
951 329 1048 366 sunt
1077 328 1189 367 enim
1219 328 1376 375 multa3
1407 326 1479 366 sed
1501 339 1551 367 ea
1572 340 1659 368 nou
1783 325 1785 334 '

202 384 336 424 audeo
366 384 564 425 scribere.
623 384 733 425 Illud
764 385 938 424 moleste
966 385 1082 436 sero,
1112 384 1219 424 nihil
1249 396 1315 424 me
1343 383 1482 424 adhuc
1510 384 1577 424 his
1606 384 1660 424 de

200 440 328 482 rebus
358 440 515 482 habere
544 444 709 482 tuarum
739 442 972 483 literarum.
1031 441 1170 489 Quare
1199 441 1293 488 etsi,
1325 453 1453 492 quum
1481 441 1527 480 tu
1550 441 1658 481 haec
1761 429 1765 450 ¹

200 499 330 550 leges,
360 511 436 551 ego
466 500 550 539 iam
572 511 756 538 annuum
776 511 927 539 munus
950 500 1191 539 confecero:
1223 499 1361 538 tamen
1389 496 1538 538 obviae
1555 497 1661 538 mihi
1761 451 1766 638 1

201 556 332 596 velim
361 556 445 596 sint
475 558 572 596 tuae
601 557 774 605 literae,
815 568 923 607 quae
961 568 1027 595 me
1058 555 1252 595 erudiant
1280 554 1331 594 de
1368 555 1482 594 omni
1509 566 1556 595 re
1584 567 1663 606 pu-

199 611 330 662 blica,
362 625 416 652 ne
445 614 597 664 hospes
624 614 750 664 plane
779 613 961 654 veniam.
1018 613 1110 653 Hoc
1140 612 1312 664 melius,
1343 623 1467 663 quam
1493 613 1560 659 tu,
1602 612 1664 651 fa·
1763 656 1766 668 .

150 669 179 708 2
205 681 302 710 cere
331 682 452 710 nemo
481 672 630 722 potest.
698 669 908 722 Diogenes
946 671 1066 721 tuus,
1106 670 1230 709 homo
1261 669 1495 716 modestus,
1541 682 1567 708 a
1594 680 1661 707 me

197 739 296 767 cum
324 728 505 767 Philone
535 726 786 767 Pessinunte
815 726 1021 766 discessit.
1079 726 1168 766 Iter
1204 725 1418 766 habebant
1454 725 1506 766 ad
1534 724 1662 765 Adia·

199 784 401 836 torigem:
434 796 690 834 quamquam
716 784 857 824 omnia.
886 795 965 824 nec
993 782 1174 835 benigna
1204 796 1281 823 nec
1311 784 1482 834 copiosa
1510 793 1662 834 cogno-

198 844 310 884 rant.
350 841 520 889 Urbem,
551 841 712 893 urbem,
735 841 794 880 mi
810 840 932 889 Rufe,
965 841 1056 880 cole
1077 841 1177 879 etin
1200 840 1279 880 ista
1300 841 1394 880 luce
1412 840 1517 880 vive.
1567 839 1662 879 Om-

198 899 265 939 nis
305 899 591 951 peregrinatio
621 918 679 928 --
718 897 829 949 quod
868 909 944 950 ego
984 896 1036 937 ab
1072 897 1352 936 adolescentia
1391 895 1576 936 iudicavi
1602 917 1661 925 ·--

198 956 380 996 obscura
410 957 451 995 et
480 955 649 995 sordida
679 955 774 1008 [est]
803 955 870 1007 iis,
900 966 1078 1005 quorum
1109 954 1317 994 industria
1335 953 1490 993 Romae
1519 954 1661 1004 potest

197 1013 380 1054 illustris
409 1025 514 1055 esse.
566 1012 686 1061 Quod
715 1025 844 1064 quum
873 1011 1007 1064 probe
1038 1013 1203 1063 scirem,
1228 1011 1391 1050 utinam
1420 1010 1466 1050 in
1496 1011 1662 1049 senten·

1766 1105 1773 1334 ἒ

1768 1373 1773 1394 1

197 1147 383 1190 concion„
420 1145 893 1190 Volksversammlungen;
931 1144 1121 1189 vom-{ige
1154 1145 1319 1179 daselbst
1355 1144 1563 1178 besonders
1595 1142 1663 1178 des

195 1193 258 1227 fiir
291 1194 405 1228 Casar
442 1192 636 1227 eisernden
668 1192 965 1227 Volkstribunen
992 1191 1117 1225 Curio.
1153 1191 1191 1226 S.
1219 1203 1278 1235 ep.
1296 1192 1377 1224 256.
1399 1209 1441 1215 ——
1487 1191 1540 1224 ita
1572 1190 1660 1224 mol.

198 1240 445 1284 Quinquatrus
469 1240 573 1281 affer.
600 1238 624 1272 i.
649 1250 681 1272 e.
705 1238 804 1276 mihiv
822 1238 1097 1278 nuntiabantur,
1122 1248 1163 1270 so
1191 1237 1427 1270 unsrohliche
1447 1236 1664 1270 Minerven-

194 1286 291 1320 feste
315 1285 399 1319 sind
423 1285 494 1318 mir
518 1284 716 1318 berichtet.
751 1284 996 1327 Quinquatrus
1028 1283 1193 1326 quinque
1227 1283 1307 1316 dies
1341 1281 1535 1315 Minervae
1567 1282 1665 1316 sacri

197 1332 285 1366 inde
311 1342 332 1365 a
354 1343 433 1366 mv.
454 1331 538 1365 Kal.
564 1330 686 1375 April.
714 1330 816 1374 (vom
846 1331 902 1363 19.
922 1330 1027 1363 Marz
1053 1329 1113 1371 an)
1139 1329 1244 1363 SCH.
1280 1327 1317 1362 S.
1341 1328 1440 1361 Fast.
1466 1327 1532 1361 des
1549 1328 1661 1363 Ovid.

197 1379 271 1422 111,
295 1378 373 1414 812.
409 1378 520 1413 Varr.
544 1377 588 1412 L.
615 1377 660 1410 L.
687 1377 736 1419 V,
756 1379 788 1412 3.
825 1375 923 1410 Gell.
949 1376 999 1418 II,
1014 1376 1072 1410 21.
1102 1375 1203 1409 Fest.
1245 1375 1295 1409 Es
1330 1374 1400 1417 gab
1433 1373 1592 1408 maiores
1626 1385 1662 1409 u.

197 1425 383 1469 minores3
426 1425 586 1458 letztere
626 1422 842 1457 beschreibt
868 1421 975 1456 ovid.
1011 1432 1066 1455 am
1099 1432 1182 1465 ang.
1219 1422 1312 1455 Orte
1331 1421 1405 1463 VI,
1429 1421 1496 1455 651
1521 1431 1557 1454 u.
1583 1421 1661 1456 694.

197 1472 291 1515 Vgl.
325 1482 384 1516 ep.
412 1471 605 1506 CCCLIV.
629 1488 673 1494 -
724 1470 809 1508 cit.,
857 1468 920 1502 das
955 1468 1047 1502 iiber
1083 1468 1188 1501 diese
1220 1467 1303 1501 Zeit
1337 1466 1666 1511 Himusgehende,

197 1520 325 1562 §pater
350 1517 636 1560 Vorgefallene.
655 1534 698 1540 —-
737 1514 832 1548 nihil
857 1540 864 1548 .
881 1541 888 1548 .
904 1540 912 1548 .
938 1518 1033 1548 tuar.
1058 1514 1176 1556 liter„
1206 1513 1343 1547 keinen
1368 1513 1540 1557 einzigen
1556 1513 1668 1546 Brief

197 1575 273 1599 von
296 1564 383 1597 Dir.
404 1583 444 1589 —
483 1564 611 1597 obviae
633 1561 726 1595 mila·
756 1560 946 1603 redeunti,
980 1560 1042 1593 auf
1073 1560 1215 1593 meiner
1246 1559 1471 1602 Riickreise3
1505 1570 1595 1603 quae
1616 1570 1666 1594 =

199 1617 239 1645 ut
265 1621 342 1645 eae.
361 1629 402 1635 —-
446 1609 592 1654 hospes,
618 1608 693 1642 wie
718 1607 779 1641 ein
804 1606 1063 1640 wildsremder
1082 1606 1236 1640 Mensch
1262 1605 1297 1640 d.
1316 1605 1339 1639 i.
1366 1606 1579 1639 unbekannt
1597 1605 1665 1639 mit

197 1657 340 1702 Allem3
367 1655 442 1690 wie
468 1657 535 1690 der
553 1654 769 1699 Englander
792 1656 965 1695 sti-anger
990 1653 1048 1686 fiir
1064 1651 1329 1695 unacquaz'nted
1342 1651 1425 1685 with
1446 1651 1664 1695 gebraucht.

289 1704 322 1737 2.
362 1703 547 1745 Diogenes
572 1702 759 1744 Graecus,
786 1699 922 1733 amicus
939 1698 1072 1742 Caelii,
1099 1709 1171 1731 non
1200 1698 1377 1739 libertu35
1402 1698 1515 1731 Philo
1541 1703 1664 1731 autem

197 1750 370 1785 libertus.
402 1748 611 1784 MANUT.
647 1747 738 1783 Vid.
766 1758 824 1790 ep.
845 1745 1056 1788 CCXXIII,
1080 1746 1134 1778 10.
1152 1763 1198 1769 —
1232 1744 1465 1787 Pessinunte,
1499 1753 1545 1777 zu
1569 1744 1666 1777 Pes-

197 1797 322 1840 sinus,
348 1796 453 1830 einer
478 1807 522 1829 an
548 1796 616 1829 der
639 1793 860 1828 westlichen
887 1792 1035 1826 Grenze
1059 1802 1130 1824 von
1157 1790 1330 1825 Galaticn
1355 1790 1563 1833 gelegenen
1588 1789 1666 1823 und
1770 1805 1776 1847 ιν

197 1843 296 1877 noch
321 1853 368 1877 zu
393 1843 559 1876 Cicero's
583 1840 750 1875 Provinz
776 1838 1014 1882 gelioi·enden
1041 1837 1160 1872 stadt.
1192 1836 1408 1871 Pessinunta
1438 1835 1662 1879 Ma1·t.-Lag.

197 1889 286 1925 Sch.
312 1890 407 1922 Liin.
456 1888 505 1921 Hi
538 1887 635 1921 enim
669 1886 714 1920 ad
740 1886 961 1920 Ciceronem
994 1884 1031 1918 in
1061 1889 1184 1917 castra
1213 1888 1403 1916 venerant.
1437 1882 1545 1916 SCH.
1585 1882 1664 1916 Res

197 1936 353 1971 incerta.
383 1934 640 1969 ORELLI.—
679 1933 726 1966 ad
750 1931 1014 1973 Adicetorigem
1045 1930 1294 1964 Comanorum
1324 1940 1451 1972 regem
1477 1928 1545 1961 illo
1571 1934 1663 1962 tem-

196 1993 305 2027 pore.
347 1981 439 2017 Vid.
477 1980 600 2016 Sti-ab.
634 1978 720 2014 libr.
746 1978 835 2012 XII.
883 1977 948 2012 Sic
982 1976 1118 2020 scripsi
1154 1975 1200 2010 de
1232 1975 1403 2009 Taurelli
1436 1974 1660 2009 coniectura.

196 2029 451 2071 adiatoregem
484 2027 563 2062 Md.
597 2027 640 2060 ab
670 2024 896 2066 Adiatorige
928 2023 1152 2065 Marc-Lag.
1193 2021 1290 2056 coni.
1323 2020 1411 2054 Seli.
1444 2021 1538 2054 Liin.
1587 2020 1665 2055 Sed

197 2075 305 2118 vide,
338 2085 381 2107 an
409 2080 512 2107 recte
538 2073 682 2107 dicatur
714 2072 786 2105 iter
817 2071 947 2104 habere
978 2070 1023 2103 ab
1056 2069 1191 2112 aliquo.
1239 2067 1415 2102 Nostrum
1447 2066 1617 2100 firmatur
1642 2078 1664 2100 a

197 2123 357 2156 Caesare
383 2122 430 2155 B.
457 2121 497 2154 C.
527 2121 557 2159 1,
578 2120 638 2153 14.
664 2119 720 2152 51.
756 2117 832 2152 Cfr.
860 2117 909 2150 ib.
938 2116 1019 2149 Lib.
1045 2117 1080 2158 3,
1099 2117 1161 2149 11:
1199 2114 1270 2147 iter
1301 2124 1344 2146 ex
1369 2113 1593 2147 IlIacedonia
1623 2114 1665 2146 in

197 2167 349 2202 hiberna
373 2167 611 2211 Apolloniam
636 2164 800 2197 habebat.
829 2163 1023 2197 ORELLI.
1045 2179 1090 2187 —-·
1121 2163 1342 2202 cognorant,
1376 2158 1580 2202 „obgleich
1606 2159 1663 2193 sie

197 2219 377 2257 wussten,
405 2214 488 2247 dass
514 2223 554 2246 es
580 2213 626 2245 da
650 2210 821 2244 ziemlich
846 2209 982 2243 schmal
1009 2207 1167 2250 hergeht
1194 2205 1265 2239 und
1288 2206 1418 2239 solche
1435 2205 1550 2239 Gaste
1568 2205 1665 2239 eben

196 2261 301 2295 nicht
327 2261 581 2295 willkommen
606 2258 724 2292 sind.''
761 2267 863 2301 quem
888 2266 950 2289 nec
984 2255 1179 2296 benignum
1212 2262 1274 2285 nec
1308 2252 1494 2295 copiosum
1525 2262 1664 2294 cogno-

198 2314 283 2343 rant
306 2307 528 2349 Mart-Lag.
556 2304 654 2337 coni.
682 2304 769 2338 sch.
796 2303 912 2344 Lim,
949 2301 1147 2334 obliterato
1182 2298 1458 2341 elegantissimo
1490 2297 1563 2330 isto
1595 2308 1664 2331 usu
1770 2291 1795 2364 “st

198 2366 232 2387 v.
260 2356 383 2390 omnia
407 2360 444 2387 et
469 2362 590 2385 onmes
615 2360 684 2384 res.
717 2349 783 2382 cfr.
822 2349 1016 2382 Caesarem
1042 2347 1087 2380 B.
1118 2346 1157 2378 C.
1184 2347 1224 2387 1,
1247 2346 1310 2378 26:
1345 2348 1464 2377 tamen
1498 2345 1663 2377 omnibns

198 2404 305 2437 rebus
328 2402 367 2436 in
392 2411 432 2434 eo
452 2396 757 2443 perseverandum
777 2395 942 2438 putabat.
971 2391 1166 2426 ORELLI.
1186 2410 1228 2415 -—
1270 2391 1365 2428 cole,
1399 2390 1500 2424 halte
1526 2389 1562 2422 in
1583 2390 1661 2424 Eh-

199 2461 278 2484 ren.
299 2468 340 2473 —
383 2448 423 2481 in
454 2446 525 2479 ista
559 2444 656 2485 luce,
692 2442 728 2475 in
761 2441 834 2474 isto
872 2441 1029 2473 theatro.
1069 2438 1106 2472 S.
1138 2448 1183 2470 zu
1211 2448 1268 2481 ep.
1288 2437 1424 2479 XXX,
1450 2437 1482 2470 9.
1525 2435 1660 2469 Cicero

198 2497 279 2531 will
304 2494 406 2529 seine
430 2490 602 2526 Freunde
627 2498 717 2532 geru
744 2486 782 2520 in
807 2487 901 2520 Rom
927 2484 1282 2525 zusammenhalten‚
1309 2483 1400 2516 weil
1427 2493 1468 2515 er
1492 2492 1563 2515 von
1591 2482 1661 2516 Ca-

200 2542 400 2577 sarVieles
426 2537 658 2574 fin-clitett-
685 2544 856 2578 peregr„
883 2531 1102 2566 Aufenthalt
1125 2540 1252 2563 ausser
1280 2530 1347 2562 der
1367 2527 1600 2572 Hauptstadt.
1617 2547 1661 2554 -
1774 2534 1783 2603 ἰ

201 2590 281 2631 fest]
309 2588 413 2621 abest
438 2596 458 2618 a
483 2583 562 2618 Md.
590 2582 723 2616 GraeV.
764 2582 861 2613 Ante
894 2589 929 2611 v,
963 2580 996 2610 et
1026 2576 1179 2609 sordida
1215 2574 1413 2608 collocavit
1438 2573 1660 2617 Mart.-Lag.

201 2633 381 2668 Toleravi
406 2643 488 2666 cum
514 2630 569 2674 [].
607 2628 663 2662 his
687 2637 757 2671 pro
784 2626 833 2658 iis
859 2624 963 2661 Vict.
981 2624 1014 2656 2.
1051 2628 1179 2655 contra
1204 2622 1280 2655 Md.
1309 2622 1382 2655 ΟΒ.
1408 2639 1450 2645 ——
1493 2620 1660 2660 sordida,

198 2680 387 2723 arms-elio.
421 2697 456 2701 w-
495 2686 646 2721 quorum
670 2671 853 2706 industria
879 2675 949 2704 cet.
976 2675 1080 2704 statt:
1108 2668 1169 2702 die
1194 2667 1313 2701 durch
1337 2667 1419 2700 ihre
1441 2665 1663 2708 Thfinigkeit

199 2738 245 2761 zu
267 2726 362 2761 Rom
387 2725 543 2769 glanzen
568 2722 730 2756 konnen.
758 2717 958 2753 snamsh.
987 2716 1118 2759 §.203,
1137 2717 1169 2749 7.
1195 2715 1232 2748 b.
1259 2716 1291 2748 l.
1309 2725 1399 2747 a.—
1433 2713 1469 2745 in
1496 2716 1660 2749 sentent„
