1795 3043
229 122 327 169 196
483 114 546 160 Μ.
584 111 638 157 Τ.
677 105 1018 157 CICERONIS
1054 110 1428 157 EPISTOLAE.

228 228 341 280 quod
369 225 545 279 protulit
581 223 740 265 fastos?
789 223 1056 264 Occultatam
1097 225 1246 276 putant
1285 223 1467 275 quodam
1505 225 1694 276 tempore

228 287 352 326 istam
382 282 581 329 tabulam,
613 284 660 321 ut
689 280 778 321 dies
801 281 949 334 agendi
971 283 1216 333 peterentur
1238 294 1263 320 a
1282 281 1442 333 paucis.
1481 279 1570 321 Nec
1591 293 1693 321 vero

228 341 355 395 pauci
384 342 479 380 sunt
508 340 723 386 auctores,
759 338 830 378 Cn.
851 339 1045 379 Flavium
1077 337 1261 378 scribam
1298 339 1429 378 fastos
1467 338 1694 388 protulisse

229 400 500 448 actionesque
531 394 834 448 composuisse:
871 407 925 434 ne
955 408 1020 435 me
1051 395 1132 434 hoc
1162 396 1231 434 vel
1260 395 1401 446 potius
1431 393 1693 446 Africanum,

228 478 286 486 ·—
314 456 351 495 is
389 454 501 494 enim
533 453 726 504 loquitur
759 474 817 481 —-
853 453 1132 492 commentum
1162 453 1294 503 putes.
1362 448 1446 489 Οὐκ
1480 453 1609 489 ἔλαθε
1649 452 1695 490 σὲ

228 512 336 553 illud
365 512 417 552 de
446 512 564 564 gestu
594 509 837 558 histrionis,
867 511 914 548 tu
945 511 1122 549 sceleste
1152 509 1394 561 suspicaris,
1427 520 1503 561 ego
1534 506 1695 557 ἀφελῶς

178 569 394 622 9scripsi.
454 569 518 609 De
559 579 624 608 me
667 567 921 618 imperatore
960 565 1112 606 scribis
1150 567 1191 605 te
1231 578 1283 606 ex
1309 566 1530 606 Philotimi
1557 566 1696 606 literis

230 638 443 680 cognosse.
505 624 587 665 Sed
617 623 743 664 credo
782 624 843 671 te,
882 623 968 662 iam
1007 624 1050 662 in
1081 623 1212 674 Epiro
1242 635 1371 674 quum
1401 634 1531 670 esses,
1571 623 1695 663 binas

229 696 344 724 meas
375 683 426 723 de
456 680 650 722 omnibus
679 679 806 719 rebus
835 680 1063 732 accepisse,
1093 692 1197 719 unas
1228 693 1252 720 a
1274 679 1523 720 Pindenisso
1553 681 1694 732 capto,

229 742 384 781 alteras
414 753 439 780 a
468 737 697 784 Laodicea,
739 739 942 786 utrasque
972 736 1054 776 tuis
1083 736 1227 788 pueris
1256 736 1382 777 datas.
1452 735 1613 784 Quibus
1643 736 1695 776 de

227 797 355 837 rebus
385 798 560 848 propter
599 806 742 834 casum
780 793 1004 845 navigandi
1042 806 1119 844 per
1155 793 1276 833 binos
1314 793 1559 833 tabellarios
1598 793 1697 833 misi

152 859 207 899 10
232 855 405 895 Romam
433 854 582 893 literas
611 850 791 903 publice.
851 850 914 890 De
930 850 1071 890 Tullia
1093 863 1186 890 mea
1215 850 1295 890 tibi
1325 851 1552 899 assentior,
1593 850 1697 891 scri-

228 913 377 963 psique
407 910 460 950 ad
489 921 581 950 eam
612 910 654 947 et
683 907 735 947 ad
755 907 1011 956 Terentiam,
1041 908 1167 947 mihil
1178 909 1363 959 placere.
1406 908 1470 947 Tu
1501 907 1611 947 enim
1641 906 1694 947 ad

229 981 296 1008 me
327 968 411 1008 iam
444 968 542 1006 ante
570 965 813 1016 scripseraS,
845 980 896 1004 ac
918 968 1064 1005 vellem
1096 972 1137 1004 te
1167 969 1211 1004 in
1241 972 1359 1003 tuam
1391 971 1571 1003 veterem
1600 979 1695 1018 gre-

226 1041 322 1081 gem
353 1027 580 1065 retulisses.
636 1022 838 1061 Correcta
868 1033 969 1062 vero
1001 1022 1179 1074 epistola
1196 1020 1464 1068 Memmiana,
1495 1019 1605 1060 nihil
1623 1032 1695 1060 ne·

226 1160 294 1195 das
319 1160 377 1194 ius
401 1158 616 1194 Flavianum
643 1157 704 1191 od.
733 1157 795 1190 die
819 1157 1176 1200 Bekanntmachung
1209 1156 1277 1191 der
1303 1156 1638 1191 Gerichtsformeln
1665 1167 1695 1191 s.

226 1207 406 1243 Pandect.
424 1208 458 1247 l,
483 1206 516 1242 2,
537 1206 570 1238 2.
608 1204 741 1239 valer.
769 1204 868 1237 MaX.
889 1203 941 1244 ΙΙ,
967 1204 1001 1244 5,
1019 1203 1052 1236 2.
1081 1203 1158 1237 Cic.
1185 1203 1232 1237 de
1259 1203 1361 1236 Orat.
1382 1204 1415 1246 1,
1435 1204 1479 1236 41
1505 1214 1538 1236 u.
1556 1214 1585 1236 s.
1606 1204 1630 1236 f.
1649 1222 1693 1227 —

227 1254 365 1288 Cicero
399 1255 599 1286 antwortet
640 1249 775 1282 Occult.
896 1249 1075 1288 tabulam,
1117 1249 1181 1282 das
1218 1249 1489 1284 Verzeichniss
1526 1249 1593 1282 der
1629 1260 1694 1292 ge-

226 1298 453 1334 richtlichen
488 1296 564 1330 und
595 1293 972 1337 nichtgerichtlichen
1003 1294 1109 1337 Tage
1144 1294 1197 1328 sei
1233 1295 1314 1327 dem
1349 1295 1476 1330 Volke
1509 1295 1694 1328 verheim-

225 1346 339 1387 heht,
376 1356 436 1377 um
467 1342 529 1376 die
559 1341 817 1383 Bestimmung
850 1340 1050 1373 dei-selben
1087 1339 1154 1372 der
1178 1340 1374 1373 Willkiihr
1408 1351 1481 1373 von
1504 1340 1694 1385 Wenigen

227 1403 273 1426 zu
299 1391 529 1424 uberlassen.
565 1399 587 1421 a
609 1387 750 1431 paucis,
782 1385 848 1420 sed
873 1397 895 1418 α
916 1386 1090 1429 patriciis
1114 1386 1175 1419 vel
1207 1397 1229 1418 α
1258 1387 1489 1429 pontificibus
1520 1386 1694 1430 Hugonis

226 1437 366 1482 suspic.
398 1436 550 1470 Refutat
584 1433 773 1476 Schilling
805 1432 1079 1474 Bemerleungen
1096 1433 1173 1466 125.
1205 1432 1399 1467 ORELLI.
1425 1451 1469 1457 —
1515 1434 1694 1467 actiones-

227 1495 308 1528 que,
336 1483 398 1516 die
423 1480 789 1524 vorgeschriebenen
799 1479 989 1521 Formeln,
1008 1489 1136 1512 woran
1159 1478 1220 1511 die
1237 1479 1381 1523 Klager
1398 1480 1598 1523 gebunden
1616 1491 1694 1513 wa-

226 1541 319 1572 ren,
346 1540 387 1563 so
415 1528 499 1561 dass
525 1526 585 1560 ein
612 1525 780 1567 einziges
804 1524 1010 1558 verfehltes
1035 1524 1148 1558 Wort
1173 1524 1245 1558 den
1271 1535 1414 1568 ganzen
1438 1526 1601 1560 Process
1627 1537 1695 1559 un-

226 1575 351 1620 gultig
374 1575 529 1608 machte.
577 1571 684 1605 Auch
709 1570 813 1603 diese
836 1570 1014 1603 Formeln
1039 1581 1191 1612 waren,
1226 1569 1283 1604 bis
1309 1571 1461 1605 Flavius
1487 1572 1543 1606 sie
1567 1572 1694 1616 publi-

227 1622 322 1656 cirte
365 1620 437 1663 (ius
471 1617 584 1652 civile
616 1616 875 1659 Flavianum),
913 1615 972 1648 ein
1005 1615 1241 1649 Geheimniss
1283 1617 1350 1650 dei·
1387 1618 1574 1652 Patricier
1619 1618 1692 1652 und

226 1672 392 1702 mussten
416 1676 489 1698 von
515 1665 585 1697 den
610 1662 946 1705 Rechtsgelehrten
974 1662 1114 1705 erfragt
1137 1662 1304 1696 werden.
1352 1664 1449 1698 Eine
1470 1664 1601 1698 Stiitze
1626 1664 1692 1698 des

225 1714 463 1759 patronatus!
498 1710 595 1744 Statt
620 1719 774 1752 compos.
801 1708 1010 1741 vermuthet
1035 1707 1222 1751 Schilling
1247 1710 1464 1751 exposuisse.
1482 1729 1526 1735 —
1572 1711 1691 1754 loqui-

225 1766 287 1794 tur
320 1759 389 1793 illo
415 1759 501 1792 loco
527 1756 709 1789 librorum
743 1754 789 1787 de
814 1754 1018 1798 republica.
1041 1773 1084 1778 -—
1124 1758 1360 1788 commentum
1396 1767 1488 1790 esse.
1512 1774 1555 1781 ——-
1606 1757 1691 1792 Οὐκ

227 1808 373 1842 ἔλαθε
406 1805 453 1840 σε’
485 1808 555 1836 cet.
604 1801 739 1836 Cicero
770 1801 870 1833 hatte
906 1800 943 1832 in
976 1800 1048 1832 den
1079 1800 1303 1834 verlorenen
1336 1802 1380 1835 Β.
1416 1802 1463 1835 de
1498 1814 1577 1847 rep.
1605 1802 1690 1835 eine

226 1852 349 1888 Stelle
373 1848 617 1893 augebit-aoht,
644 1858 705 1880 wo
731 1857 773 1879 er
798 1846 859 1879 die
884 1845 1034 1879 Redner
1060 1846 1216 1888 tadelte,
1241 1846 1303 1879 die
1329 1846 1445 1880 durch
1471 1848 1554 1882 eine
1580 1848 1690 1882 iiber-

224 1899 397 1933 triebene
422 1893 811 1937 Gebehrdenspraclie
837 1892 873 1925 in
899 1892 963 1925 das
989 1891 1363 1936 Schauspielerische
1387 1893 1580 1928 verfielen.
1629 1894 1691 1928 Da

226 1955 301 1978 nun
328 1941 550 1977 Hortensius
575 1940 698 1973 dieses
722 1938 881 1972 Fehlers
906 1938 1144 1981 beschuldigt
1166 1938 1298 1972 wurde
1323 1940 1365 1982 (s.
1394 1939 1534 1974 Brutus
1559 1951 1591 1975 c.
1607 1941 1689 1984 88);

226 2002 269 2026 so
294 1990 444 2033 glaubte
469 1986 634 2028 Atticus,
670 1985 737 2018 der
763 1984 882 2017 Tadel
909 1984 1009 2027 gelte
1035 1984 1186 2018 diesem.
1236 1985 1339 2018 Aber
1364 1985 1501 2020 Cicero
1526 1992 1690 2020 antwor-

224 2042 297 2070 tet:
325 2036 390 2069 das
416 2034 472 2068 sei
506 2033 589 2066 eine
619 2030 789 2065 b'osliclie
823 2030 1047 2073 Auslegung
1077 2029 1203 2064 seiner
1235 2031 1368 2065 Worte
1404 2033 1613 2075 (sceleste);
1648 2043 1690 2066 er

223 2083 322 2117 habe
347 2092 417 2114 nur
442 2080 492 2113 im
511 2077 773 2122 Allgemeinen
799 2077 1053 2120 gesprochen,
1079 2077 1177 2109 ohne
1202 2076 1285 2110 eine
1311 2077 1522 2111 besondere
1539 2079 1688 2112 Person
1752 2094 1755 2097 ¹

224 2139 272 2163 zu
286 2128 466 2163 beziehen
493 2126 662 2170 (ἀφελῶς,
690 2122 924 2167 simpliciter,
950 2122 1030 2156 sine
1056 2127 1228 2167 respectu
1245 2123 1291 2155 ad
1309 2129 1445 2156 certam
1460 2126 1686 2168 personam).

315 2175 349 2208 9.
389 2171 581 2207 Philotimi
614 2170 712 2214 apud
737 2169 957 2203 Ciceronem
987 2168 1126 2202 liberti.
1167 2168 1223 2201 De
1246 2179 1301 2201 me
1325 2169 1453 2212 imper.
1486 2176 1529 2203 st.
1559 2181 1617 2203 me
1642 2171 1687 2204 ab
1747 2197 1754 2204 .

225 2219 397 2254 exercitu
422 2218 682 2262 imperatorem
717 2216 943 2260 appellatum
975 2225 1070 2249 esse.
1108 2213 1196 2250 Vid.
1224 2225 1283 2259 ep.
1308 2215 1570 2259 CCXXVIII,
1591 2218 1626 2250 3.
1643 2234 1687 2241 -

224 2278 248 2300 α
271 2266 379 2301 Pind.
404 2276 433 2298 c.
462 2262 586 2306 gleich
612 2264 705 2296 nach
731 2262 799 2295 der
825 2261 1030 2296 Einnahme
1059 2259 1187 2294 dieser
1220 2259 1345 2304 Stadt3
1382 2261 1455 2295 den
1480 2262 1560 2297 228.
1593 2262 1685 2296 dies.

222 2314 356 2356 Ausg„
381 2322 405 2344 a
428 2309 541 2343 Laod.
577 2308 648 2342 den
665 2309 742 2343 250.
763 2326 808 2332 ——
844 2311 996 2352 propter
1026 2316 1099 2340 caS.
1131 2317 1233 2349 nav„
1265 2306 1333 2340 der
1357 2307 1503 2342 Zufalle
1536 2309 1684 2352 halben,

222 2360 343 2393 denen
368 2367 450 2391 man
475 2365 542 2389 zur
568 2353 640 2388 See
665 2359 876 2397 ausgesetzt
899 2354 960 2387 ist.
1009 2351 1060 2386 So
1085 2363 1145 2397 ep.
1166 2353 1338 2389 CCXLV
1370 2361 1528 2399 propter
1554 2354 1685 2389 hiemis

221 2403 432 2449 magnit.—
455 2402 548 2435 mitt.
575 2401 672 2434 liter.
694 2400 852 2444 publice,
878 2400 986 2432 einen
1005 2398 1161 2432 Bericht
1185 2409 1229 2432 an
1257 2401 1329 2432 den
1346 2399 1460 2434 Senat
1485 2401 1682 2434 abstatten.

314 2452 371 2484 10.
407 2447 500 2482 mihi
519 2447 679 2490 placere,
706 2446 790 2480 dass
816 2446 883 2480 der
897 2444 1233 2489 Vorgeschlagene
1251 2446 1396 2479 meinen
1412 2446 1550 2480 Beifall
1575 2447 1681 2480 habe.

221 2495 260 2533 S.
287 2507 347 2541 ep.
374 2494 489 2537 CCL,
514 2494 558 2527 14
593 2492 642 2526 im
675 2493 761 2526 Ans.
788 2510 834 2518 --·
877 2502 920 2524 ac
951 2491 1053 2534 (Asc.
1076 2492 1107 2524 l.
1146 2492 1244 2526 Crat.
1270 2492 1327 2535 at)
1352 2493 1481 2525 vellem
1505 2498 1594 2536 cet.,
1622 2492 1682 2526 ich

219 2542 378 2585 wollte,
421 2540 506 2575 dass
535 2539 599 2573 Du
629 2537 731 2572 Dich
761 2537 907 2571 wieder
939 2547 1008 2570 zur
1047 2537 1146 2570 alten
1175 2537 1474 2582 Gespannschast
1507 2538 1681 2583 gehalten

221 2589 371 2623 hattest.
408 2591 473 2621 vet.
499 2596 609 2628 greg.
635 2584 716 2618 scil.
746 2583 888 2617 ordinis
914 2582 1111 2627 equestris.
1150 2583 1275 2618 Attico
1301 2583 1470 2618 nimirum
1496 2585 1680 2629 placebat,

157 2634 159 2637 ’
222 2633 416 2669 Ciceronis
440 2632 555 2667 filiam
581 2629 699 2674 equiti
723 2630 891 2663 Romano
924 2629 1074 2662 elocari.
1095 2647 1138 2655 -
1180 2630 1334 2673 epistola
1367 2636 1429 2664 tua
1451 2631 1680 2664 Memmiana

219 2679 243 2713 i.
271 2691 302 2714 e.
327 2690 423 2724 quae
448 2684 528 2713 erat
552 2678 598 2712 de
623 2675 798 2711 Memmio
831 2686 949 2720 proco
980 2674 1150 2718 Tulliae;
1184 2687 1229 2709 eo
1263 2687 1394 2711 errore
1418 2686 1439 2709 a
1463 2682 1499 2710 te
1525 2677 1677 2721 cognito

218 2732 255 2760 et
280 2731 452 2760 correcto
478 2725 548 2758 iam
573 2723 668 2757 malo
694 2722 804 2765 hunc,
839 2722 1024 2765 equitem,
1057 2733 1164 2766 quam
1194 2722 1318 2764 illum,
1350 2722 1560 2767 patricium.
1593 2722 1678 2756 ER-

216 2771 384 2807 NESTI.
417 2772 556 2806 Postea
572 2769 799 2804 Dolabellae
824 2768 1093 2812 despondetur,
1117 2767 1187 2803 etsi
1211 2768 1344 2803 Cicero
1370 2768 1417 2802 de
1441 2768 1501 2802 Ti.
1527 2768 1677 2802 Nerone
