1795 3043
144 81 246 131 268
401 76 468 124 M.
505 75 561 122 T.
597 71 940 122 CICERONIS
973 73 1349 124 EPISTOLAE.

145 190 283 245 signia
311 189 424 231 enim
453 189 622 231 virtutis
654 188 778 229 multi
807 189 932 236 etiam
967 188 1059 229 sine
1097 188 1254 230 virtute
1284 187 1465 230 assecuti
1492 189 1609 230 sunt:

95 258 124 297 2
148 248 297 291 talium
327 248 512 288 virorum
543 248 663 286 tanta
692 246 832 286 studia
861 245 1029 297 assequi
1059 247 1149 286 sola
1177 246 1311 286 virtus
1340 247 1490 298 potest.
1527 246 1609 286 Ita-

145 318 228 357 que
257 304 361 345 mihi
397 316 587 356 propono
626 304 817 343 fructum
857 303 1069 344 amicitiae
1104 304 1274 343 nostrae
1301 302 1436 355 ipsam
1465 303 1609 344 amici-

144 364 271 414 tiam,
301 373 384 412 qua
414 362 523 401 nihil
554 362 618 401 est
645 360 840 412 uberius,
870 360 1117 412 praesertim
1145 360 1189 400 in
1219 361 1275 400 iis
1303 359 1476 408 studiis,
1517 359 1609 412 qui-

144 419 223 460 bus
252 420 432 470 uterque
461 419 650 460 nostrum
678 418 898 459 devinctus
929 420 1004 458 est.
1062 416 1169 458 Nam
1197 416 1278 457 tibi
1309 429 1377 457 me
1407 415 1610 470 profiteor

145 478 188 516 et
216 476 262 515 in
292 488 339 517 re
369 476 541 528 publica
570 477 743 527 socium,
772 475 824 515 de
853 488 938 526 qua
966 475 1077 515 idem
1107 475 1331 524 sentimus,
1363 475 1405 514 et
1434 474 1479 514 in
1509 485 1610 525 quo-

142 533 305 574 tidiana
332 534 421 574 vita
450 533 749 580 coniunctum,
795 545 922 583 quam
957 532 1023 572 his
1053 531 1214 572 artibus
1244 531 1477 583 studiisque
1507 530 1610 570 coli-

143 603 250 631 mus.
310 590 471 630 Vellem
501 591 559 631 ita
588 592 758 629 fortuna
780 590 958 636 tulisset,
990 591 1051 636 ul,
1083 589 1231 640 quanti
1257 601 1333 642 ego
1353 600 1496 628 omnes
1515 589 1610 627 tuos

140 647 271 696 facio,
301 648 410 688 tanti
437 649 487 689 tu
515 659 628 686 meos
657 648 798 686 facere
827 658 992 698 posses:
1034 646 1147 697 quod
1177 648 1315 686 tamen
1345 646 1507 698 ipsum,
1537 655 1611 684 ne-

143 704 234 745 scio
263 717 347 756 qua
388 706 603 758 permotus
645 703 775 743 animi
813 703 1095 755 divinatione,
1139 715 1222 743 non
1263 703 1454 755 despero.
1525 699 1611 741 Sed

142 762 225 803 hoc
254 762 366 802 nihil
396 761 448 802 ad
476 762 538 801 te:
569 761 759 800 nostrum
788 762 851 799 est
879 772 998 801 onus.
1056 760 1167 800 Illud
1187 761 1317 801 veli-m
1345 759 1405 799 sic
1436 758 1607 805 habeas,

143 819 257 871 quod
293 819 527 872 intelliges,
572 819 653 858 hac
691 829 738 857 re
774 818 929 857 novata
967 816 1157 857 additum
1194 818 1335 869 potius
1364 815 1526 868 aliquid
1557 814 1610 856 ad

142 889 282 917 meum
311 889 410 929 erga
439 878 482 915 te
511 875 711 927 studium,
734 874 804 914 cui
828 875 937 914 nihil
957 873 1181 915 videbatur
1199 874 1296 914 addi
1318 886 1454 926 posse,
1485 884 1609 924 quam

143 934 376 985 quidquam
406 946 497 973 esse
528 933 778 973 detractum.
849 932 986 979 Quum
1025 932 1130 971 haec
1171 930 1427 978 scribebam,
1466 941 1610 970 censo-

141 1003 233 1032 rem
262 992 347 1031 iam
376 992 419 1030 te
449 1003 538 1031 esse
557 988 808 1042 sperabam.
870 990 934 1029 Eo
972 989 1143 1028 brevior
1171 990 1234 1028 est
1265 987 1400 1040 [haec]
1432 987 1611 1040 epistola

143 1050 186 1089 et
213 1049 261 1089 ut
289 1048 489 1089 adversus
518 1048 763 1100 magistrum
792 1058 954 1086 morum
985 1045 1222 1086 modestior.

142 1195 281 1238 selbst3
315 1194 474 1228 namlicb
500 1194 562 1228 die
587 1193 823 1237 supplicatim
861 1192 952 1236 Vgl.
980 1203 1038 1237 ep.
1059 1190 1355 1235 CCXXXVIH,
1378 1192 1431 1227 13.
1449 1209 1494 1216 —
1531 1190 1609 1224 vir-

139 1243 229 1277 tutis
252 1254 297 1277 =
321 1242 388 1275 des
412 1241 674 1277 Verdieustes.
693 1259 737 1264 —
779 1239 845 1273 sed
871 1240 1021 1281 talium,
1055 1238 1176 1281 qualis
1201 1243 1252 1271 tu.

232 1301 267 1335 2.
300 1298 464 1337 uberius,
498 1295 906 1340 fruchtbringenderes.
930 1314 975 1319 —
1016 1295 1056 1327 in
1080 1295 1130 1327 iis
1162 1293 1235 1337 (his
1258 1293 1337 1329 Md.
1374 1294 1474 1330 Crat.
1506 1294 1608 1331 vict.

139 1348 174 1382 1.
191 1347 243 1389 2.)
267 1346 414 1380 studiis.
454 1344 589 1378 Cicero
617 1342 730 1387 spielt
755 1343 820 1375 auf
840 1341 905 1375 das
931 1340 1052 1375 VVerk
1083 1340 1149 1374 des
1173 1340 1321 1385 Appius
1352 1341 1400 1375 de
1432 1341 1516 1375 iure
1546 1352 1611 1375 au-

140 1393 267 1439 gurali
291 1403 348 1426 an.
385 1390 543 1426 Schrieb
569 1389 665 1423 doch
688 1389 822 1423 Cicero
848 1388 895 1421 de
921 1387 1165 1421 divinatione.
1184 1406 1229 1412 —
1265 1388 1465 1431 devinctus,
1489 1388 1609 1433 Neap.

141 1441 298 1475 deditus.
331 1439 485 1472 Glosse!
511 1456 555 1462 --
596 1436 825 1470 coniunctum
858 1435 954 1468 fore.
974 1453 1019 1459 -—-
1060 1433 1235 1477 colimus,
1271 1443 1349 1468 was
1373 1434 1460 1469 Wir
1492 1434 1612 1469 durch

140 1487 273 1522 solche
297 1482 691 1520 Gescl‘licklichkeiten
718 1482 793 1515 und
820 1479 1303 1523 Geistesbeschaftigungen
1329 1481 1501 1525 pflegen,
1526 1492 1611 1516 ver-

140 1534 338 1568 schonern.
375 1531 503 1573 Vulgo
522 1540 602 1563 cum
619 1529 668 1562 iis
689 1532 759 1562 art.
777 1528 976 1570 studiisque
991 1537 1081 1570 quae
1095 1526 1258 1560 colimus.
1286 1527 1406 1561 Recte
1421 1528 1535 1561 vitam
1550 1539 1611 1563 co-

141 1580 217 1614 lere
242 1578 385 1613 studiis.
435 1577 557 1610 Habet
583 1575 693 1608 etiam
719 1573 825 1608 alibi:
865 1574 1000 1615 vitam,
1026 1573 1162 1606 victum
1187 1573 1315 1608 colere.
1343 1574 1541 1610 ORELLI.
1565 1594 1610 1601 --

144 1626 289 1660 Vellem
314 1651 346 1659 ..
373 1623 532 1664 tulisset,
566 1622 701 1655 mbcbt'
727 1631 767 1654 es
799 1631 868 1653 nur
900 1619 962 1652 die
988 1618 1280 1662 Glucksgbttinn
1311 1630 1353 1654 so
1384 1622 1514 1664 geliigt
1546 1621 1611 1655 ha-

140 1673 228 1706 ben.
250 1691 295 1697 —
334 1681 442 1704 meos,
478 1668 642 1705 Videtur
666 1666 875 1700 addendum
903 1665 992 1708 (imo
1017 1665 1288 1709 supplendum,
1323 1677 1372 1700 ex
1403 1668 1611 1711 superiori-

140 1719 212 1753 bus
235 1716 495 1761 repetendum)
521 1725 652 1748 omnes.
701 1713 794 1747 Nam
819 1711 912 1745 nihil
938 1717 1019 1745 erat
1044 1722 1109 1745 cur
1131 1711 1276 1756 Appius
1293 1712 1489 1747 Ciceronis
1515 1724 1610 1747 uxo-

140 1776 238 1809 rem,
270 1764 397 1801 filiam,
424 1763 556 1804 filium,
583 1761 732 1795 fratrem
758 1770 831 1792 non
856 1758 978 1802 magni
1004 1758 1157 1792 faceret.
1196 1758 1327 1801 Itaque
1353 1759 1423 1793 hoc
1448 1761 1612 1796 refertur

142 1812 191 1847 ad
220 1810 344 1846 solum
368 1809 629 1850 Dolabellam,
663 1817 783 1851 nuper
814 1816 895 1839 cum
923 1804 1107 1839 Cicerone
1138 1803 1394 1849 coniunctum,
1426 1806 1491 1850 qui
1517 1817 1611 1841 unus

142 1857 380 1893 accusatione
404 1854 521 1900 Appii
546 1855 743 1895 effecerat,
770 1857 809 1885 ut
842 1851 902 1884 hic
937 1862 1018 1884 eum
1051 1861 1124 1883 non
1156 1851 1193 1883 in
1230 1852 1361 1886 eodem
1395 1852 1500 1896 loco,
1536 1865 1611 1897 quo

142 1911 290 1939 ceteros
317 1900 513 1937 Ciceronis
538 1899 786 1941 necessarios,
812 1898 950 1931 habere
976 1902 1115 1941 posset.
1142 1896 1250 1932 SOH.
1300 1898 1433 1933 Cicero
1460 1899 1522 1933 hat
1546 1911 1612 1935 aus

141 1949 318 1987 Feinheit
343 1959 463 1982 omnes
482 1947 583 1981 nicht
601 1943 866 1980 ausdrucklich
884 1943 1122 1977 wiederholt.
1148 1944 1236 1986 Vgl.
1260 1954 1317 1988 ep.
1333 1945 1612 1982 CCLXXV,.-

143 1997 262 2033 animi
285 1995 457 2036 divinat„
485 1993 601 2027 durch
630 1992 690 2025 ein
715 1990 898 2035 gewisses
911 1990 1137 2033 Vorgesuhl.
1162 1989 1234 2023 Ein
1250 1991 1374 2033 Wort‚
1395 2003 1473 2027 was
1493 2003 1614 2036 augur

143 2043 292 2089 Appius
311 2053 427 2086 gerne
452 2041 518 2074 laS.
547 2039 584 2073 S.
603 2050 663 2083 ep.
677 2037 861 2079 CCLXV,
876 2037 910 2070 4.
936 2036 1041 2070 Brut.
1068 2038 1162 2070 c.77.
1188 2036 1234 2069 de
1249 2037 1415 2071 Divinat.
1431 2038 1461 2081 1,
1479 2039 1533 2074 58.
1556 2039 1611 2082 11,

142 2092 202 2127 35.
229 2089 385 2123 Tuscul.
407 2088 438 2129 I,
457 2088 510 2122 16.
543 2085 676 2120 Cicero
693 2085 838 2118 aussert
863 2082 924 2116 die
941 2083 1132 2126 Hoffnung
1155 2082 1259 2116 einer
1274 2084 1527 2129 Aussohnung
1547 2085 1613 2119 des

143 2135 349 2172 Dolabella
384 2133 449 2167 mit
474 2132 634 2177 Appius.
654 2150 699 2156 —
740 2134 903 2163 nostrum
935 2133 987 2162 est
1017 2139 1123 2168 οηιιε,
1159 2139 1198 2162 es
1223 2128 1271 2163 ist
1297 2129 1382 2163 eine
1407 2130 1518 2174 Last,
1552 2131 1614 2165 die

144 2183 211 2219 auf
242 2181 358 2216 mein
373 2191 423 2214 en
457 2179 659 2214 Schultcrn
693 2176 802 2222 liegt:
844 2186 1031 2220 wogegen
1066 2185 1106 2208 es
1137 2173 1210 2208 Dir
1244 2175 1495 2220 gleichgiiltig
1533 2178 1612 2211 sein

144 2230 258 2264 kann.
290 2227 380 2271 Vgl.
407 2227 485 2269 §.3.
515 2236 572 2269 ep.
589 2225 667 2258 275.
693 2242 737 2248 --
777 2222 909 2256 habeas
942 2221 1009 2255 tibi
1044 2231 1275 2266 persuasum.
1296 2241 1340 2247 --
1381 2222 1449 2256 hac
1478 2233 1519 2256 re
1549 2235 1615 2258 ηο-

144 2280 233 2310 vata
257 2274 339 2309 scil.
367 2270 544 2314 coniugio
570 2270 671 2304 filiae
697 2280 778 2303 cum
803 2268 1027 2310 Dolabella,
1065 2267 1182 2300 durch
1217 2267 1347 2302 diesen
1371 2269 1615 2304 neuerlichen

147 2321 316 2359 Vorfall.
334 2338 379 2344 —-
418 2318 596 2352 additum.
624 2316 758 2351 Cicero
785 2315 867 2360 gibt
892 2325 937 2348 zu
963 2313 1181 2356 verstehen‚
1213 2313 1297 2348 dass
1324 2325 1364 2348 er
1388 2315 1507 2349 durch
1532 2328 1616 2350 ver-

145 2368 288 2403 st'arkte
302 2363 621 2409 Anhanglichkeit
646 2362 721 2396 ihm
747 2362 840 2395 alles
857 2360 1129 2404 Vorgefalleue
1146 2362 1326 2403 vergiiten
1349 2362 1491 2397 werde.
1520 2363 1612 2406 Vgl.

148 2415 214 2448 das
238 2413 347 2448 Ende
372 2412 438 2446 des
462 2413 495 2445 3.
517 2410 545 2452 ᾗ.
573 2409 609 2442 in
637 2419 695 2452 ep.
715 2407 940 2443 CCLXXV.
965 2425 1009 2430 —-
1054 2416 1248 2440 censorem.
1283 2406 1321 2441 S.
1349 2419 1410 2453 ep.
1428 2408 1616 2451 CCLXV,

148 2464 170 2496 5
195 2472 251 2495 am
278 2458 454 2495 Eude.—
487 2455 605 2500 [haec]
630 2454 751 2488 Abest
773 2454 860 2488 haec
884 2463 906 2486 a
925 2451 1004 2486 Md.
1031 2451 1211 2486 Toleravi
1237 2463 1319 2487 cum
1346 2454 1390 2498 [J
1418 2454 1614 2490 ORELLI.

149 2527 192 2533 -.
227 2507 312 2542 adv.
333 2515 435 2548 mag.
461 2514 573 2545 mor„
605 2511 649 2536 an
676 2500 748 2535 den
773 2500 949 2535 obersten
974 2496 1254 2535 Sittenrichter.
1289 2499 1362 2538 Ein
1387 2500 1548 2537 Scherzl

1762 2334 1788 2366 d
