1795 3043
201 91 303 139 220
506 85 570 131 Μ.
608 85 662 129 Τ.
699 82 1040 130 CICERONIS
1073 83 1447 131 EPISTOLAE.

201 198 313 240 Mihi
344 199 433 239 erat
470 196 514 236 in
555 197 719 244 animo,
769 197 969 248 quoniam
1007 196 1344 238 iurisdictionem
1382 200 1663 253 confeceram,

202 256 395 297 civitates
424 254 823 304 collocupletaram,
855 254 1096 306 publicanis
1126 254 1251 295 etiam
1280 256 1508 307 superioris
1537 258 1663 297 lustri

201 313 367 364 reliqua
407 312 497 351 sine
537 310 747 351 sociorum
785 312 875 351 ulla
912 312 1084 362 querela
1114 323 1428 360 conservatam,
1472 313 1661 366 privatis,

198 369 384 415 summis,
417 367 572 408 infimis
600 367 765 408 fueram
793 367 1015 416 iucundus,
1044 367 1258 420 proficisci
1288 369 1334 408 in
1365 369 1560 411 Ciliciam
1577 371 1662 411 No-

199 428 267 468 nis
294 425 441 466 Maiis:
484 426 547 472 et,
579 437 708 475 quum
737 425 874 477 prima
903 425 1060 465 aestiva
1089 425 1320 478 attigissem
1349 427 1660 479 militaremque

197 496 289 525 rem
320 484 613 529 collocassem,
646 482 850 522 decedere
881 495 932 522 ex
970 483 1141 522 senatus
1180 485 1386 525 consulto.
1446 484 1577 537 Cupio
1617 486 1661 525 te

197 541 380 581 aedilem
409 539 552 579 videre
581 539 770 590 miroque
800 538 1006 579 desiderio
1037 551 1104 580 me
1144 540 1244 582 urbs
1273 539 1406 582 afficit
1446 543 1489 582 et
1518 553 1659 583 omnes

198 598 282 639 mei
310 598 440 650 tuque
467 596 513 637 in
542 596 704 650 primiS.

365 769 677 816 EPISTOLA
724 770 980 818 CCLVIII.
1027 770 1109 829 (ad
1141 772 1246 818 Div.
1285 772 1348 820 11.
1385 775 1488 833 18.)

279 857 362 892 Ser.
385 857 596 893 Laodiceae
620 856 728 892 initio
753 858 892 892 mensis
917 857 1023 893 Maii.
1047 859 1093 895 A.
1116 859 1162 895 U.
1189 860 1229 894 c,
1255 861 1330 895 704.
1356 861 1403 902 (a.
1429 859 1471 895 c.
1495 859 1567 900 50.)

196 926 362 962 Thermo
378 927 492 961 Asiae
511 926 751 971 propraetori
775 927 917 971 suadet,
943 933 982 961 ut
1007 939 1028 962 e
1051 927 1247 973 provincia
1272 928 1458 962 decedens
1483 927 1520 962 ei
1545 937 1657 972 quae-

363 981 502 1007 storem
526 983 630 1007 suum
655 972 782 1017 potius
807 984 914 1017 quam
940 974 1102 1018 legatum
1129 974 1334 1019 praeficiat.
1362 975 1488 1008 1—3.

331 1042 385 1078 M.
412 1041 600 1076 CICERO
635 1041 739 1076 IMP.
766 1040 803 1076 S.
829 1041 879 1076 D.
905 1043 952 1077 Q,
978 1041 1198 1078 THERMO
1229 1041 1522 1079 PROPRAET.

307 1111 506 1153 Officium
541 1125 678 1152 meum
715 1124 815 1165 erga
844 1112 1089 1152 Rhodonem
1128 1114 1352 1165 ceteraque
1381 1126 1474 1154 mea
1503 1113 1655 1161 studia,

194 1182 302 1222 quae
330 1170 409 1209 tibi
439 1183 488 1210 ac
517 1170 604 1209 tuis
634 1169 850 1222 praestiti,
891 1169 993 1219 tibi,
1033 1170 1196 1210 homini
1234 1170 1495 1223 gratissimo,
1537 1172 1657 1223 grata

194 1239 308 1275 esse,
341 1227 608 1267 vehementer
637 1226 817 1279 gaudeo:
856 1225 1045 1277 mihique
1076 1227 1181 1266 scito
1211 1227 1257 1267 in
1286 1227 1374 1267 dies
1403 1227 1554 1267 maiori
1584 1240 1656 1268 cu-

192 1296 267 1324 rae
296 1295 385 1324 esse
415 1283 661 1335 dignitatem
690 1284 826 1323 tuamt
856 1295 966 1334 quae
995 1283 1163 1334 quidem
1192 1297 1217 1323 a
1237 1284 1390 1335 teipso
1413 1284 1656 1335 integritate

194 1342 237 1380 et
266 1341 490 1381 clementia
518 1342 590 1380 tua
619 1339 680 1379 sic
711 1338 967 1391 amplificata
998 1341 1080 1389 est,
1111 1342 1159 1379 ut
1188 1340 1296 1380 nihil
1326 1340 1423 1380 addi
1451 1353 1573 1393 posse
1596 1341 1657 1381 vi-

140 1402 170 1441 2
192 1398 356 1439 deatur.
417 1396 499 1437 Sed
537 1395 643 1437 mihi
680 1398 813 1449 magis
850 1396 1066 1449 magisque
1103 1396 1291 1448 quotidie
1329 1397 1380 1436 de
1419 1397 1657 1438 rationibus

192 1455 273 1495 tuis
305 1454 507 1508 cogitanti
536 1454 680 1506 placet
708 1454 815 1494 illud
845 1466 984 1494 meum
1015 1454 1251 1502 consilium,
1282 1454 1394 1506 quod
1423 1454 1546 1495 initio
1563 1454 1656 1496 Ari-

189 1580 227 1616 d.
245 1579 288 1622 i.,
312 1578 385 1614 wie
411 1588 527 1622 gerne
551 1577 640 1611 war'
666 1575 725 1610 ich
760 1576 798 1610 in
822 1576 940 1619 Rom,
978 1587 1038 1610 um
1064 1575 1129 1609 mit
1154 1575 1226 1609 Dir
1251 1576 1344 1609 iiber
1368 1576 1439 1610 den
1465 1576 1581 1610 Curio
1606 1586 1653 1610 zu

188 1627 392 1661 lachen.-
433 1623 536 1659 Mihi
560 1627 638 1656 erat
663 1623 703 1656 in
728 1623 864 1665 animo,
891 1622 952 1656 ich
977 1623 1072 1655 habe
1098 1622 1146 1656 im
1173 1621 1310 1665 Sinne,
1336 1622 1406 1655 mir
1431 1633 1653 1666 vorgenom-

188 1683 284 1707 men.
334 1670 427 1705 Ueb.
456 1670 516 1703 die
541 1674 651 1714 temp.
678 1670 782 1703 verb.
811 1669 859 1702 im
883 1668 1051 1702 Briefstil
1077 1679 1106 1702 s.
1127 1668 1280 1703 Ramsh.
1306 1669 1334 1712 ξ.
1351 1668 1515 1710 164‚111‚
1541 1670 1650 1704 Anm.

187 1719 222 1753 2.
243 1737 287 1744 —
329 1717 463 1751 iurisd.
488 1715 699 1749 Laodiceae
724 1717 818 1758 conf.
845 1714 882 1749 S.
910 1726 967 1758 ep.
991 1714 1157 1757 CCLVI,
1181 1716 1201 1748 4
1219 1726 1254 1747 u.
1273 1715 1307 1749 6.
1325 1733 1370 1739 -
1405 1715 1538 1758 locupl.
1566 1715 1601 1748 d.
1623 1714 1649 1750 i.

186 1765 337 1800 reieher
369 1763 534 1797 verlasse
566 1761 622 1795 als
656 1761 717 1794 ich
751 1761 807 1795 sie
837 1772 905 1794 vor
929 1760 1025 1794 saud.
1062 1759 1100 1794 S.
1128 1772 1187 1805 ep.
1209 1760 1492 1803 CCLV1‚4.-
1527 1772 1647 1804 super.

187 1811 299 1845 lustri
322 1811 480 1853 reliqua,
516 1807 577 1841 die
592 1807 707 1841 Reste
733 1807 799 1842 der
823 1807 961 1841 letzten
988 1806 1069 1839 funs
1083 1807 1204 1839 Iahre.
1239 1805 1276 1840 S.
1305 1806 1478 1841 ebendas.
1504 1808 1533 1852 §.
1556 1808 1587 1841 5.
1606 1826 1651 1832 —

186 1858 382 1892 sociorum.
411 1856 496 1889 Den
522 1853 767 1898 glanzenden‚
795 1853 1054 1896 triigerischen
1075 1852 1214 1887 Namen
1243 1853 1301 1886 fiir
1326 1853 1648 1886 Unterthanen

186 1905 233 1938 in
259 1904 347 1936 den
371 1901 632 1937 Provinzen
656 1900 796 1934 konute
823 1899 883 1933 ein
909 1899 1042 1933 Cicero
1070 1899 1182 1932 ihnen
1207 1899 1350 1944 geben,
1383 1899 1481 1932 ohne
1507 1899 1648 1934 scham-

188 1951 274 1984 roth
306 1960 351 1982 zu
386 1948 550 1982 werden.
572 1965 618 1971 —-
653 1946 750 1981 Non.
778 1946 897 1989 Mat„
925 1956 982 1978 am
1009 1947 1040 1979 7.
1061 1945 1147 1979 Mai.
1167 1964 1211 1969 —
1246 1949 1279 1978 et
1305 1971 1313 1979 .
1330 1971 1338 1979 .
1355 1971 1363 1978 .
1390 1945 1558 1978 decedere
1584 1945 1649 1978 ab-

186 1995 326 2039 hangig
350 2006 420 2027 von
446 1993 549 2028 Mihi
571 1997 650 2027 erat
673 1993 712 2026 in
736 1993 869 2026 animo.
895 1991 1118 2035 Mare-Lag.
1144 1991 1232 2026 Sch.
1258 1992 1350 2025 Liin.
1377 1995 1416 2024 ut
1441 2017 1449 2024 .
1468 2018 1476 2025 .
1502 1992 1648 2025 decede-

187 2054 266 2078 rem
299 2047 427 2075 contra
452 2039 527 2074 Md.
556 2046 593 2073 et
619 2038 698 2074 Ciz.
725 2039 789 2073 cfr.
815 2038 971 2072 Daehne
998 2049 1033 2083 p.
1053 2038 1132 2073 256.
1161 2039 1216 2081 (ut
1241 2063 1248 2071 .
1265 2063 1292 2070 ..
1320 2038 1489 2070 decedere
1514 2038 1644 2079 Crat.).

189 2090 324 2124 OR,—
363 2098 468 2130 quum
489 2086 613 2130 prima
640 2085 816 2129 (primum
842 2085 940 2119 Man.
968 2084 1114 2126 Lamb.)
1141 2088 1227 2118 aest.
1253 2084 1382 2125 dilig„
1412 2083 1446 2116 d.
1466 2083 1490 2117 i.
1515 2084 1647 2117 sobald

187 2136 250 2170 ich
275 2133 336 2167 die
360 2134 538 2177 Truppen
565 2133 601 2166 iu
628 2133 687 2167 ihr
703 2132 982 2175 Sommerlager
1006 2131 1105 2164 hatte
1131 2129 1335 2163 einriicken
1361 2129 1545 2162 sehen.-
1568 2130 1646 2163 mil.

187 2192 266 2215 <rem
290 2180 416 2214 colloc.
443 2179 533 2211 Erat
559 2178 656 2212 enim
681 2177 908 2223 praesidium
935 2176 1232 2219 relinquendum,
1257 2176 1288 2209 si
1315 2175 1403 2217 quid
1428 2175 1559 2209 Parthi
1585 2187 1648 2209 co-

187 2233 374 2262 narentur.
400 2224 606 2259 MANUT.
629 2244 672 2249 —
712 2235 755 2257 ex
778 2235 807 2257 ε.
834 2235 864 2257 c.
890 2223 989 2257 kraft
1014 2223 1078 2256 des
1105 2222 1357 2256 bestebenden
1382 2221 1647 2255 Rathsschlus-

187 2286 269 2316 ses,
305 2273 389 2306 dass
422 2270 581 2304 n'zimlich
617 2271 751 2305 Cicero
784 2271 877 2303 nach
917 2269 1166 2304 vollendetem
1201 2267 1443 2302 Dienstiahre
1475 2278 1539 2301 aus
1580 2267 1647 2301 der

187 2319 352 2355 Provinz
378 2317 490 2352 sollte
515 2316 695 2350 abziehen
720 2317 861 2350 dijrfen.
909 2315 990 2350 Der
1008 2315 1121 2350 Senat
1147 2315 1246 2347 hatte
1265 2314 1343 2348 Das
1369 2314 1465 2347 ohne
1488 2315 1645 2348 Zweifel

186 2367 252 2401 aus
282 2367 425 2407 Antrag
458 2363 523 2397 des
548 2363 706 2396 consuls
744 2364 795 2398 M.
822 2362 1022 2397 Marcellus
1055 2360 1245 2394 decretirt.
1292 2359 1330 2394 S.
1364 2371 1422 2404 ep.
1442 2360 1582 2396 CCXV
1608 2371 1642 2396 u.

188 2411 393 2447 CCLXIV.
414 2429 460 2436 —
506 2409 630 2451 afficit.
666 2409 759 2443 Ueb.
793 2408 970 2451 Stellung
1001 2418 1038 2441 u.
1068 2407 1252 2441 Numerus
1290 2406 1355 2440 des
1388 2406 1581 2440 Pradicats
1613 2418 1641 2440 s.

187 2459 337 2493 Ramsh.
363 2458 394 2502 ξ.
415 2458 472 2498 96,
493 2455 525 2488 2.

486 2511 710 2546 THERMO.
759 2512 797 2546 S.
825 2521 871 2545 zu
906 2521 966 2555 ep.
985 2509 1162 2543 CCXXX
1188 2508 1236 2542 inl
1262 2509 1347 2543 Ans.

279 2563 311 2595 1.
343 2559 572 2601 Rhodonem,
608 2557 854 2591 vermuthlich
889 2556 998 2590 einen
1033 2556 1220 2590 Griechen
1256 2556 1330 2588 und
1361 2555 1538 2590 Klienten
1576 2554 1642 2588 des

189 2608 386 2648 Thermus,
413 2606 480 2639 der
505 2606 541 2639 in
559 2604 724 2638 Cicero's
742 2602 908 2637 Provinz
923 2602 1120 2636 Geschafte
1145 2601 1283 2645 gehabt
1306 2602 1418 2635 hatte.
1435 2620 1478 2626 ——
1507 2601 1642 2643 studia,

189 2652 491 2696 Gefauigkeiten.
530 2651 717 2684 clementia
751 2650 786 2682 in
811 2648 1008 2692 provincia
1032 2647 1332 2681 administranda.

280 2699 313 2732 2.
340 2700 383 2732 de
408 2699 480 2732 tuis
505 2702 600 2739 rat„
633 2697 724 2730 uber
748 2696 871 2729 Deine
895 2695 998 2738 Lage
1030 2694 1102 2727 und
1128 2694 1403 2729 Verlialtnisse.
1421 2712 1462 2716 —
1502 2692 1645 2735 consil„

189 2744 381 2781 Godanke.
405 2764 448 2771 --
492 2744 681 2786 Aristoni,
718 2741 898 2777 cbenfalls
929 2741 991 2776 ein
1024 2740 1186 2776 Grieche
1216 2740 1290 2775 und
1324 2740 1548 2775 Vertrauter
1581 2738 1646 2772 des
