1795 3043
233 90 334 138 514
489 84 553 131 Μ.
592 84 647 129 Τ.
692 83 1037 129 CICERONIS
1064 82 1436 131 EPISTOLAE.

237 198 524 251 suspicarere,
566 194 678 247 quod
708 195 882 248 scribis,
927 195 1084 236 nescio.
1146 195 1258 243 Quid
1287 196 1397 237 enim
1426 196 1470 236 in
1500 196 1589 237 illis
1616 198 1701 238 fuit

238 257 408 309 praeter
426 254 665 304 quaerelam
686 254 936 305 temporum,
968 265 1075 303 quae
1099 265 1182 292 non
1206 265 1345 293 meum
1363 251 1550 294 'animum
1570 255 1701 308 magis

241 312 471 353 sollicitum
500 309 728 357 haberent,
773 323 897 361 quam
933 309 1085 349 tuum‘?
1143 309 1249 350 Nam
1287 314 1370 349 n'on
1403 323 1494 350 eam
1524 312 1701 363 cognovi

239 370 373 409 aciem
402 367 561 420 ingenii
592 367 677 414 tui,
724 367 832 418 quod
864 369 953 419 ipse
982 366 1171 414 videam,
1220 369 1262 407 te
1290 367 1335 407 id
1364 369 1411 407 ut
1440 380 1523 409 non
1554 370 1700 419 putem

237 425 396 466 videre.
453 423 565 464 Illud
604 423 757 475 miror,
807 423 959 464 adduci
999 425 1186 475 potuisse
1214 426 1278 471 te,
1327 425 1400 475 qui
1430 437 1496 464 me
1533 426 1700 477 penitus

239 495 363 523 nosse
392 481 588 532 deberes,
618 483 665 521 ut
692 481 955 521 existimares
986 482 1059 521 aut
1088 494 1155 520 me
1183 482 1267 521 tam
1291 480 1595 533 improvidum,
1627 481 1703 533 qui

241 539 294 580 ab
326 539 507 580 excitata
535 539 704 578 fortuna
748 538 798 578 ad
828 538 1075 578 inclinatam
1105 540 1147 578 et
1177 550 1307 590 prope
1337 539 1542 579 iacentem
1571 538 1702 578 desci-

238 608 424 637 scerem:
465 597 538 636 aut
567 597 652 636 tam
682 595 1012 645 inconstantem,
1043 596 1089 634 ut
1106 597 1330 636 collectam
1351 596 1530 648 gratiam
1551 595 1703 635 floren-

238 653 390 703 tissimi
408 652 591 694 hominis
619 649 875 691 effunderem
907 665 930 691 a
955 663 1104 701 meque
1133 653 1221 704 ipse
1244 651 1468 692 deficerem
1497 653 1568 704 et,
1589 651 1703 703 quod

189 707 217 746 2
241 711 366 751 initio
404 721 652 761 semperque
690 709 806 760 fugi,
850 708 968 747 civili
1008 707 1120 747 bello
1162 710 1422 749 interessem.
1479 709 1596 757 Quod
1638 709 1703 748 est

239 768 369 820 igitur
398 779 536 807 meum
564 764 720 817 „triste
750 764 1037 805 consilium&
1088 768 1134 805 ut
1163 766 1420 807 discederem
1450 767 1627 806 fortasse
1655 766 1703 806 in

239 825 406 876 aliquas
444 822 723 863 solitudines?
780 821 900 862 Nosti
939 822 1051 862 enim
1088 835 1171 862 non
1211 823 1332 862 modo
1363 823 1569 863 stomachi
1600 823 1700 870 mei,

239 883 360 922 cuius
390 883 435 920 tu
465 880 647 920 similem
677 880 887 930 quondam
915 878 1124 930 habebas,
1155 879 1226 919 sed
1257 881 1381 921 etiam
1409 881 1626 920 oculorum
1655 879 1702 918 in

238 938 455 979 hominum
494 936 764 977 insolentium
802 936 1053 989 indignitate
1082 937 1311 977 fastidium.
1371 937 1548 977 Accedit
1578 937 1704 977 etiam

239 997 415 1036 molesta
455 995 560 1035 haec
597 1006 755 1046 pompa
790 994 989 1033 lictorum
1027 1006 1214 1034 meorum
1251 1006 1488 1044 nomenque
1517 993 1699 1045 imperii,

239 1066 322 1104 quo
342 1053 549 1104 appellor.
591 1052 673 1091 .Εο
704 1051 740 1091 si
770 1063 898 1090 onere
929 1063 1141 1100 carerem,
1172 1053 1364 1102 quamvis
1388 1050 1531 1103 parvis
1549 1051 1703 1091 Italiae

237 1109 415 1150 latebris
447 1110 670 1148 contentus
699 1120 848 1148 essem.
909 1108 991 1148 Sed
1027 1108 1212 1148 incurrit
1249 1109 1354 1148 haec
1385 1110 1529 1148 nostra
1557 1108 1703 1147 laurus

238 1179 323 1207 non
346 1167 481 1206 solum
513 1165 554 1204 in
577 1166 736 1211 oculos,
769 1164 841 1204 sed
867 1165 949 1204 iam
971 1165 1098 1205 etiam
1128 1166 1170 1205 in
1195 1166 1367 1205 voculas
1383 1166 1700 1205 malevolorum.

239 1223 361 1271 Quod
398 1234 527 1273 quum
557 1221 617 1260 ita
647 1222 779 1272 esset,
817 1221 928 1260 nihil
958 1223 1096 1261 tamen
1126 1234 1311 1272 unquam
1341 1221 1392 1261 de
1422 1222 1702 1274 profectione,
1759 1240 1761 1257 J

237 1281 320 1321 nisi
347 1279 466 1319 vobis
494 1278 847 1331 approbantibus,
883 1277 1079 1330 cogitavi.
1141 1278 1224 1318 Sed
1251 1290 1344 1318 mea
1373 1278 1593 1330 praediola
1622 1277 1703 1318 tibi

236 1339 338 1378 nota
367 1338 482 1375 sunt:
521 1336 566 1374 in
591 1335 657 1375 his
687 1335 793 1374 mihi
823 1347 994 1374 necesse
1012 1335 1073 1374 est
1105 1346 1218 1381 esse,
1248 1347 1302 1374 ne
1325 1335 1474 1375 amicis
1504 1336 1703 1375 molestus

236 1394 329 1434 sim.
390 1392 510 1440 Quod
540 1394 682 1432 autem
709 1392 753 1431 in
785 1391 1004 1431 maritimis
1033 1404 1149 1440 sum,
1195 1392 1399 1432 facillime
1428 1404 1574 1432 moveo
1601 1404 1704 1431 non-

236 1450 370 1492 nullis
398 1450 681 1501 suspicionem
709 1449 819 1489 velle
849 1461 914 1489 me
944 1448 1166 1501 navigare:
1212 1449 1325 1501 quod
1356 1451 1496 1491 tamen
1524 1450 1704 1489 fortasse

236 1520 322 1549 non
352 1508 532 1558 nollem,
583 1506 617 1547 si
647 1518 811 1558 possem
843 1505 895 1545 ad
924 1506 1068 1546 otium.
1126 1505 1233 1547 Nam
1263 1506 1315 1546 ad
1345 1505 1503 1546 bellum
1532 1506 1704 1557 quidem

237 1563 315 1617 qui
342 1562 573 1605 convenit?
629 1562 881 1615 praesertim
911 1565 1061 1604 contra
1091 1576 1209 1616 eum,
1240 1564 1309 1604 cui
1338 1576 1460 1616 spero
1490 1575 1557 1604 me
1587 1563 1706 1604 satis·
1740 1579 1745 1581 ’

237 1687 338 1727 rent,
368 1681 617 1726 beangstigen
643 1688 819 1715 mussten.
863 1681 927 1716 Sic
952 1682 1031 1716 Ciz,
1056 1683 1175 1726 Neap.
1202 1684 1287 1717 Asc.
1312 1685 1340 1718 1.
1379 1682 1482 1719 Vict.
1508 1683 1540 1717 2.
1571 1683 1700 1717 Lamb.

236 1729 474 1772 Mart.-Lag.
502 1729 611 1774 prob.
640 1728 825 1762 Daelinio.
860 1728 1005 1761 liaberet
1030 1729 1107 1762 Md.
1136 1731 1236 1763 Crat.
1261 1729 1360 1765 Vict.
1388 1731 1419 1763 1.
1448 1730 1584 1763 Graev.
1609 1730 1701 1763 Ern.

235 1776 378 1811 Bened.
412 1775 498 1811 Sch.
535 1774 732 1808 ORELLI.
769 1793 812 1799 -—
861 1775 923 1819 qm·
943 1787 991 1807 z
1015 1786 1125 1818 quum
1153 1781 1189 1808 tu
1214 1787 1270 1808 me
1292 1776 1436 1819 penitus
1460 1782 1529 1810 cet.
1565 1795 1607 1801 -—-
1656 1775 1702 1809 αό

234 1823 395 1856 excitata
421 1821 591 1856 Caesaris
617 1823 766 1863 fortuna
792 1821 839 1854 ad
865 1821 1079 1854 inclinatam
1104 1821 1298 1865 Pompeii,
1330 1831 1402 1854 von
1429 1822 1511 1855 dem
1537 1822 1703 1865 steigen-

235 1869 309 1903 den
335 1869 484 1902 Gliicke
516 1868 582 1900 des
608 1868 764 1901 Caesars
799 1877 843 1900 zu
878 1867 961 1900 dem
987 1867 1193 1902 sinkenden
1221 1867 1367 1901 Glijcke
1394 1867 1460 1902 des
1485 1868 1701 1912 Pompeius.

235 1934 281 1940 —
312 1919 352 1948 ut
375 1915 457 1948 coll.
483 1924 543 1955 gr.
568 1915 648 1954 flor.
676 1913 834 1946 hominis
860 1913 882 1946 i.
912 1924 942 1946 e.
972 1914 1144 1947 Caesaris
1169 1915 1406 1957 effunderem,
1445 1914 1529 1949 dass
1554 1914 1615 1948 ich
1641 1914 1703 1948 die

235 1961 436 2004 sorgfaltig
460 1960 683 1994 erworbene
707 1960 926 2003 Zuneigung
954 1960 1058 1995 eines
1083 1961 1239 1996 Mannes
1264 1961 1523 2006 verscherzte,
1567 1961 1702 1997 dessen

237 2007 362 2042 Gltick
387 2007 424 2041 in
450 2007 626 2040 hochstet
648 2006 787 2040 Bluthe
813 2006 922 2041 steht.

327 2065 362 2100 2.
396 2065 500 2098 triste
531 2063 745 2108 consilium,
785 2063 880 2097 mein
919 2063 1145 2107 triibseliges
1179 2063 1398 2100 Vorhaben.
1434 2083 1477 2089 —
1527 2064 1632 2098 cuius
1662 2068 1706 2099 tw

234 2110 348 2145 simi-l.
400 2110 598 2154 Significat
626 2110 721 2144 illud
749 2116 914 2154 tempus,
954 2121 1027 2155 quo
1055 2109 1203 2144 Caelius
1228 2116 1357 2144 contra
1381 2111 1483 2144 cives
1508 2107 1702 2155 improbos

232 2168 306 2202 pro
332 2167 374 2190 re
398 2156 549 2202 publica
580 2163 758 2190 senserat.
809 2156 898 2192 Vid.
925 2157 1034 2190 Brut.
1061 2168 1093 2190 c.
1111 2157 1165 2191 79.
1201 2175 1246 2181 -—
1292 2156 1331 2189 in
1364 2156 1457 2190 hom.
1490 2157 1597 2191 insol.
1623 2158 1700 2193 ind.

233 2203 380 2246 fastid„
403 2203 521 2246 Ekel,
548 2203 738 2238 Verdruss
764 2202 826 2237 bei
843 2203 925 2236 dem
942 2202 1190 2246 unwiirdigen
1207 2203 1394 2247 Betragen
1419 2203 1702 2247 ubermiithiger

232 2250 366 2284 Lente.
414 2249 504 2293 Vgl.
532 2260 591 2294 ep.
611 2249 881 2293 CCCLXVII,
907 2251 940 2284 5.
967 2268 1010 2274 —
1044 2260 1177 2294 pompa
1209 2249 1330 2283 lictor.
1362 2260 1494 2293 meor.,
1532 2249 1597 2283 das
1622 2250 1700 2284 Ge:-

232 2296 377 2341 priinge
407 2295 552 2329 meiner
582 2295 775 2330 Lictoren.
831 2295 871 2330 S.
907 2307 966 2340 ep.
993 2295 1239 2338 CCCLXVI,
1273 2297 1328 2330 10.
1367 2314 1408 2320 ——
1457 2296 1622 2339 quamvis
1652 2308 1700 2331 =

233 2341 493 2385 quantumvis,
537 2352 646 2375 wenn
683 2343 778 2376 auch
814 2343 911 2376 noch
950 2353 1007 2377 so.
1040 2360 1082 2366 -
1138 2341 1267 2374 laurus
1296 2353 1343 2375 =
1372 2341 1491 2376 fasces
1528 2342 1697 2377 laureati.

232 2388 325 2432 vgl.
351 2399 411 2434 ep.
429 2387 672 2431 CCCLXVI‚
696 2390 730 2424 9.
764 2389 890 2423 Abstr.
915 2399 985 2434 pro
1011 2393 1198 2421 concreto.
1224 2407 1269 2412 —-
1316 2388 1355 2420 in
1380 2389 1528 2422 voculas
1551 2389 1698 2432 maleo„
1746 2384 1750 2389 ⁸

233 2435 356 2479 geben
393 2434 448 2469 sie
482 2434 617 2468 Anlass
650 2445 695 2468 zu
728 2436 907 2468 manchen
934 2434 1096 2479 Spassen
1129 2433 1197 2467 der
1230 2444 1352 2478 gegen
1387 2434 1485 2470 mich
1508 2435 1697 2478 Uebelge-

231 2481 391 2516 Sinnten.
425 2500 469 2506 -—-
520 2481 622 2516 Quod
646 2492 752 2524 quum
776 2482 829 2515 ita
864 2485 954 2514 esset
983 2480 1386 2524 :dessungeachten
1425 2500 1476 2515 -.
1517 2481 1697 2523 facillime

230 2538 367 2562 moveo,
417 2527 481 2562 Sic
505 2527 583 2562 Md.
609 2538 629 2560 a
653 2537 727 2560 sec.
753 2538 801 2561 m.
841 2528 958 2571 Neap.
993 2537 1072 2559 sum
1094 2527 1274 2569 facillime
1304 2527 1331 2561 i.
1358 2538 1391 2561 e.
1424 2526 1695 2561 libentissime:
1759 2554 1761 2571 ι,

230 2584 356 2607 moveo
383 2573 476 2608 Cdd.
496 2573 584 2616 aliq.
609 2574 847 2617 Mare-Lag.
874 2572 960 2608 Sch.
986 2572 1083 2606 Liin.
1111 2572 1186 2607 ΟΕ.
1211 2592 1256 2598 -
1290 2574 1325 2607 set
1337 2584 1480 2617 possem
1500 2574 1548 2607 ad
1565 2574 1694 2617 otium,

229 2630 344 2654 wenn
368 2619 429 2654 ich
453 2630 522 2654 zur
545 2619 619 2654 See
643 2620 764 2661 gehen
789 2620 947 2662 hemme,
992 2630 1055 2652 um
1085 2618 1197 2653 einen
1220 2619 1379 2664 ruhigen
1402 2619 1624 2653 Aufenthalt
1646 2629 1695 2653 zu

229 2666 384 2702 suchen.
421 2685 465 2691 -
514 2667 563 2700 ad
597 2667 730 2700 bellum
760 2667 818 2700 me
851 2665 1108 2709 navigaturum
1143 2676 1246 2709 esse,
1300 2665 1364 2711 qua*
1388 2667 1575 2710 convenit,
1616 2665 1692 2699 wie
1725 2685 1755 2693 —

225 2711 361 2747 reimte
384 2711 466 2747 sich
488 2712 586 2755 Das,
612 2712 686 2747 wie
709 2712 825 2747 liesse
849 2711 929 2747 sich
953 2712 1033 2745 Das
1057 2710 1227 2745 denkenl
1251 2731 1297 2738 —
1326 2716 1455 2746 contra
1471 2723 1570 2755 eum,
1597 2711 1693 2746 Cae·
1726 2722 1727 2725 ’

224 2767 345 2794 sarem
372 2785 381 2795 .
400 2784 409 2793 .
425 2784 457 2803 .‚
489 2759 534 2793 ab
559 2767 600 2793 eo
624 2760 691 2802 (zu
715 2759 835 2804 Dein,
867 2768 916 2792 zu
945 2757 1082 2794 dessen
1105 2757 1271 2801 Partei),
1310 2758 1494 2804 Pompeio
1517 2769 1564 2794 ε..-
1588 2763 1626 2792 et
1650 2757 1690 2792 in
