1795 3043
220 66 321 114 400
478 63 542 110 M.
578 65 633 110 Τ.
681 62 1023 113 CICERONIS
1069 65 1443 114 EPISTOLAE.

221 187 348 227 quam
386 175 608 219 universae
646 176 865 219 interitust
918 179 1059 219 tantas
1098 178 1440 233 inconssigendo
1469 179 1718 232 utriusque*

222 234 335 275 vires
365 234 488 275 video
515 234 695 274 futuras,
742 235 897 276 Habes
924 236 1211 276 coniecturam
1239 249 1387 278 meam.
1444 237 1509 278 Tu
1542 240 1690 278 autem

224 289 524 331 consolationis
577 291 753 332 fortasse
801 293 964 345 aliquid
1007 294 1282 345 exspectasti:
1340 294 1452 335 nihil
1498 294 1691 343 inveni03

223 348 333 387 nihil
371 346 465 387 fieri
501 348 641 400 potest
677 349 896 402 miserius,
945 350 1057 390 nihil
1096 350 1326 403 perditius,
1370 351 1479 391 nihil
1515 352 1690 392 foedius.

173 404 201 444 5
225 404 345 453 Quod
374 405 568 457 quaeris,
613 406 714 457 quid
745 406 897 448 Caesar
925 406 979 447 ad
1007 420 1073 447 me
1103 408 1348 461 scripserit3
1401 406 1517 460 quod
1541 420 1690 460 saepe:

223 462 506 514 gratissimum
543 462 624 502 sibi
661 476 770 511 csse,
823 464 935 516 quod
975 466 1179 516 quierim:
1233 467 1437 518 oratque,
1488 466 1541 505 in
1563 466 1692 505 eout

223 531 505 570 perseverem.
545 518 704 560 Balbus
719 521 857 562 minor
884 522 1003 562 haec,
1022 522 1166 562 eadem
1184 522 1400 565 mandata.
1441 523 1528 562 Iter
1551 523 1694 563 autem

225 575 315 616 eius
348 579 438 616 erat
469 576 521 617 ad
551 577 777 618 Lentulum
807 580 1032 619 consulem.
1050 593 1145 620 oum
1174 580 1310 620 literis
1342 580 1533 620 Caesaris
1572 590 1694 631 prae-

224 633 486 685 miorumque
518 635 752 686 promissis,
782 635 817 676 si
839 636 1015 676 Romam
1043 638 1297 678 revertisset.
1357 637 1533 688 Verum,
1563 647 1694 687 quum

225 690 361 730 habeo
391 691 598 731 rationem
628 691 816 739 dierum,
861 694 958 732 ante
986 696 1091 744 puto
1108 695 1418 746 tramissurum,
1463 706 1590 745 quam
1618 704 1694 745 po-

175 753 203 791 6
226 748 358 788 tuerit
395 749 628 790 conveniri.
695 748 981 800 Epistolarum
1011 750 1204 803 Pompeii
1244 752 1448 799 duarum,
1493 763 1599 802 quas
1639 748 1696 790 ad

227 818 294 845 me
322 804 459 857 misit,
491 806 792 858 negligentiam
822 819 1042 858 meamque
1072 808 1116 848 in
1137 809 1408 849 rescribendo
1429 807 1695 861 diligentiam

175 874 204 913 7
227 863 344 904 volui
381 862 462 902 tibi
499 865 641 903 notam
680 875 782 902 esse.
840 864 1000 903 Earum
1034 866 1228 917 exempla
1263 866 1315 906 ad
1343 868 1387 906 te
1425 865 1534 905 misi.
1594 864 1697 904 Cae-

226 921 335 961 saris
375 920 447 960 hic
489 932 568 972 per
597 920 796 972 Apuliam
826 920 880 961 ad
908 921 1181 962 Brundisium
1211 934 1361 963 cursus
1389 922 1492 974 quid
1520 920 1697 972 efficiat,

227 979 441 1030 exspecto.
510 977 681 1017 Utinam
721 977 883 1029 aliquid
925 979 1063 1018 simile
1091 979 1303 1020 Parthicis
1343 979 1491 1021 rebus!
1556 977 1695 1019 Simul

225 1034 389 1086 aliquid
418 1033 615 1086 audiero,
645 1034 830 1075 scribam
858 1034 911 1074 ad
941 1038 994 1076 te.
1053 1036 1117 1076 Tu
1147 1037 1200 1077 ad
1228 1049 1298 1077 me
1327 1037 1460 1078 velim
1488 1035 1695 1076 bonorum

225 1103 454 1132 sermones,
515 1092 671 1132 Romae
699 1092 941 1143 frequentes
971 1105 1062 1133 esse
1087 1094 1299 1134 dicuntur.
1361 1094 1461 1134 Scio
1501 1091 1696 1144 equidem

226 1151 269 1189 te
298 1150 343 1189 in
381 1149 600 1200 publicum
636 1161 720 1188 non
756 1149 950 1201 prodire,
1001 1150 1074 1189 sed
1115 1153 1254 1191 tamen
1293 1151 1441 1190 audire
1484 1151 1527 1189 te
1565 1150 1695 1189 multa

227 1218 398 1246 necesse
417 1206 494 1247 est.
551 1206 726 1246 Memini
755 1206 913 1246 librum
943 1206 1021 1246 tibi
1051 1205 1195 1248 afferri
1225 1222 1249 1248 a
1267 1206 1484 1248 Demetrio
1501 1206 1697 1259 Magnete

226 1264 280 1304 ad
299 1266 342 1303 te
372 1262 547 1302 missum
578 1262 889 1310 περίὁμονοίας.
929 1264 1041 1303 Eum
1069 1265 1174 1304 mihi
1201 1265 1331 1305 velim
1361 1265 1517 1306 mittas,
1556 1263 1695 1314 Vides,
1757 1256 1759 1258 ’

227 1333 354 1372 quam
385 1332 555 1360 causam
581 1319 773 1360 mediter.

226 1447 329 1497 329⁵.
353 1445 388 1479 2.
430 1462 475 1470 ——
529 1443 674 1486 foedius
704 1442 787 1476 scil.
823 1448 952 1477 nostra
985 1442 1224 1486 conditione,
1272 1452 1366 1487 quos
1396 1442 1603 1488 Pompeius
1633 1441 1699 1476 de-

230 1499 362 1529 seruit.

320 1539 353 1572 5.
388 1537 483 1582 quod
506 1546 612 1580 saepe
636 1534 799 1580 scripsit.
827 1554 869 1559 —
907 1535 1003 1579 quod
1026 1535 1194 1579 quierim.
1239 1534 1279 1570 S.
1307 1546 1365 1579 ep.
1382 1535 1462 1570 314.
1487 1535 1519 1569 4.
1554 1534 1636 1577 323,
1661 1533 1695 1568 2.

227 1585 316 1627 325,
353 1585 385 1618 1.
412 1584 443 1618 2.
482 1601 526 1608 --
575 1582 715 1616 Balbus
746 1581 868 1615 minor
898 1589 957 1616 est
986 1581 1097 1616 Lucii
1131 1580 1301 1616 Cornelii
1326 1581 1455 1622 Balbi,
1488 1579 1552 1624 qui
1585 1591 1699 1625 supra

229 1644 288 1676 ep.
316 1631 403 1675 294,
429 1631 472 1664 ll
511 1629 718 1663 Tartessius
750 1634 927 1669 vocatur,
964 1639 1011 1661 ex
1043 1629 1160 1661 fratre
1194 1639 1322 1673 nepos.
1357 1628 1466 1661 SCH.
1502 1646 1547 1652 —
1593 1637 1698 1660 man-

227 1679 315 1712 data
339 1677 387 1711 ad
412 1688 469 1710 me
496 1675 662 1721 pertulit.
707 1674 795 1710 Vid.
820 1685 881 1719 ep.
904 1674 1178 1716 CCCXXXII,
1204 1675 1236 1707 4.
1274 1693 1320 1698 -
1366 1674 1477 1707 habeo
1502 1673 1698 1715 rationem,

228 1725 290 1760 ich
322 1723 566 1758 iiberrechne.
601 1740 642 1746 —
692 1721 950 1754 tramissurum
979 1721 1201 1765 Pompeium
1234 1721 1366 1763 (mare)
1402 1730 1484 1753 csse
1516 1719 1553 1752 in
1580 1719 1699 1753 Grae-

229 1771 334 1806 ciam.
363 1788 407 1795 —-
456 1768 645 1803 conveniri
668 1778 689 1801 a
713 1768 846 1801 Balbo.

318 1818 352 1851 6.
380 1818 412 1850 7.
453 1815 634 1859 exempla,
676 1813 932 1847 Abschriften.
983 1812 1102 1847 Diese
1134 1811 1258 1846 finden
1290 1811 1371 1845 sich
1408 1817 1516 1845 unter
1557 1809 1698 1844 diesem

227 1862 356 1898 Briefe
392 1861 448 1895 als
474 1862 619 1904 Anlage
650 1861 699 1894 Α.
725 1872 760 1894 u.
788 1860 827 1893 C.
861 1860 971 1893 nebst
995 1859 1161 1894 Cicero’s
1186 1860 1409 1892 Antworten
1441 1859 1489 1891 Β.
1517 1867 1551 1890 u.
1578 1857 1627 1891 D.

228 1919 374 1950 cursu-⁹,
410 1908 632 1942 Eilmarsch.
666 1925 711 1931 ——
763 1906 913 1940 Utinam
1022 1905 1208 1939 Parthicis
1232 1905 1337 1937 rebus
1369 1905 1390 1939 i.
1419 1914 1450 1938 e.
1478 1903 1617 1936 utinam
1643 1901 1699 1936 in-

229 1956 354 1989 cursio
381 1954 552 1989 Caesaris
586 1961 657 1987 tam
693 1952 816 1986 brevis
850 1959 969 1995 esset,
1013 1963 1121 1996 quam
1153 1962 1273 1996 nuper
1306 1951 1377 1984 fuit
1401 1950 1626 1985 Parthorum
1662 1949 1699 1982 in

230 2001 399 2048 Syriam,
450 2001 556 2044 isque
590 2006 661 2033 tam
694 2000 872 2032 celeriter
904 2006 940 2032 et
972 1998 1185 2043 inopinate,
1222 2004 1260 2030 ut
1286 1997 1362 2040 illi,
1398 1996 1552 2030 rediret.
1589 1994 1698 2030 SCH.

229 2049 270 2083 S.
304 2059 362 2092 ep.
388 2050 470 2088 307,
497 2048 530 2081 2.
575 2047 656 2088 323,
682 2047 713 2080 3.
746 2047 826 2088 269,
850 2046 884 2080 3.
917 2046 998 2088 275,
1023 2047 1058 2080 3.
1093 2045 1175 2087 284,
1200 2044 1231 2077 2.
1269 2044 1336 2078 293
1361 2053 1482 2087 gegen
1508 2041 1628 2075 Ende.
1654 2059 1700 2066 —

228 2095 349 2129 Simul
383 2105 429 2127 =
459 2093 579 2127 Simul
603 2097 707 2137 atque
744 2094 828 2126 Asc.
859 2094 892 2127 1.
933 2093 1034 2126 Crat.
1070 2111 1115 2116 —
1161 2101 1344 2124 sermones
1376 2089 1531 2123 scribas.
1568 2104 1613 2111 —
1660 2087 1700 2119 in

226 2141 348 2188 publ„
384 2151 427 2173 an
454 2139 671 2173 offentliche
697 2139 802 2172 Orte.
828 2157 872 2162 —
921 2150 944 2170 a
969 2138 1154 2171 Demetrio
1181 2137 1379 2178 Magnete,
1406 2135 1524 2168 einem
1543 2132 1697 2167 Griech.

230 2186 460 2222 Rhetoriker
486 2186 558 2219 und
586 2184 889 2229 Iugendsreunde
914 2185 980 2218 des
1007 2185 1142 2219 Cicero
1177 2182 1249 2215 und
1278 2182 1438 2215 Attikus.
1485 2179 1524 2214 S.
1554 2190 1613 2223 ep.
1634 2179 1700 2212 122

230 2234 305 2267 und
329 2234 397 2267 336
422 2243 477 2265 am
503 2232 622 2266 Ende.
649 2251 693 2256 —
742 2236 842 2278 περὶ
866 2231 1106 2275 ὁμονοίας,
1139 2229 1185 2262 de
1210 2227 1425 2261 concordia.
1467 2225 1596 2259 Ueber
1621 2224 1700 2258 De-

230 2279 384 2314 metrius
409 2288 481 2312 von
505 2279 699 2321 Magnesia
724 2289 753 2312 s.
781 2278 878 2311 noch
905 2279 1059 2321 ep.334,
1085 2277 1164 2311 350.
1200 2275 1305 2308 Brut.
1334 2285 1364 2307 c.
1391 2275 1445 2307 91.
1473 2271 1547 2305 und
1562 2272 1700 2314 Laeti„

231 2327 298 2360 der
326 2328 358 2368 l,
383 2326 428 2359 31
455 2325 551 2358 noch
577 2325 635 2358 ein
662 2325 820 2358 anderes
835 2324 955 2358 VVerk
980 2323 1178 2357 desselben
1205 2325 1282 2367 περὶ
1298 2320 1495 2363 ὁμωνύμων
1516 2318 1699 2359 erwahnt‚

232 2373 411 2406 woriiber
442 2371 517 2415 vgl.
552 2371 710 2414 Me'nage
742 2382 787 2404 zu
814 2371 848 2404 d.
873 2368 926 2404 St.
967 2389 1009 2394 —
1065 2380 1171 2412 qnam
1203 2378 1351 2400 causam
1387 2365 1560 2406 mediter,
1605 2363 1700 2407 „mit

232 2419 414 2452 welchem
440 2417 643 2451 Gedanken
670 2417 728 2450 ich
754 2417 851 2450 mich
878 2415 1094 2459 vorziiglich
1121 2413 1394 2456 beschat'tige;'’
1417 2410 1578 2444 niimlich
1603 2409 1701 2442 noch

234 2465 362 2499 immet
389 2465 504 2498 hoffte
538 2475 598 2505 er,
642 2464 832 2497 zwischen
859 2463 942 2497 dem
967 2461 1174 2506 Pompeius
1203 2460 1277 2494 und
1302 2460 1416 2494 Cas-ar
1442 2457 1699 2498 Versbhnung

234 2511 426 2546 erwirken
452 2520 498 2545 zu
523 2511 686 2545 konnen«.

821 2615 1117 2623 m*—
