1795 3043
243 91 343 140 194
512 83 578 130 M.
614 83 671 129 T.
708 78 1043 129 CICERONIS
1079 78 1454 128 EPISTOLAE.

243 212 334 241 sum
356 197 515 239 animo:
549 195 586 235 si
601 194 756 235 Brutus
786 193 952 245 putabit
969 205 1035 234 me
1060 193 1286 244 quaternas
1315 191 1565 234 centesimas
1593 205 1716 247 opor·
1781 222 1789 226 -

244 258 375 296 tuisse
407 255 651 300 decernere,
681 251 754 302 qui
783 251 827 291 iu
857 253 949 291 tota
978 250 1202 303 provincia
1231 251 1416 303 singulas
1446 249 1716 292 observarem

246 315 388 364 itaque
420 310 643 351 edixissem
672 309 798 359 idque
828 309 956 348 etiam
984 307 1265 348 acerbissimis
1290 308 1599 348 feneratoribus
1619 320 1718 360 pro-

248 371 444 416 baretur,
498 367 534 406 si
575 366 885 417 praefecturam
924 364 1176 417 negotiatori
1218 364 1464 417 denegatam
1503 367 1716 417 queretur,

249 426 359 478 quod
390 436 465 477 ego
496 424 709 474 Torquato
741 424 884 462 nostro
914 422 958 461 in
989 423 1061 461 tuo
1091 421 1270 468 Laenio,
1314 422 1513 474 Pompeio
1550 422 1631 474 ipsi
1669 422 1717 462 in

251 484 347 523 Sex.
379 480 514 522 Statio
555 479 707 531 negavi
749 480 790 518 et
820 479 873 518 iis
904 477 1104 530 probavi3
1142 477 1178 517 si
1209 478 1372 528 equites
1402 478 1602 519 deductos
1632 491 1718 518 mo-

250 541 356 581 leste
384 539 511 579 feret:
543 537 749 589 accipiam
770 535 964 586 equidem
985 535 1172 574 dolorem
1192 535 1298 574 mihi
1326 535 1448 576 illum
1475 536 1616 587 irasci,
1644 534 1720 575 sed

202 607 230 647 ¹7
253 597 386 636 multo
416 595 632 640 maiorem,
664 605 748 632 non
772 604 861 632 esse
885 604 979 631 eum
995 593 1137 643 talem,
1157 593 1324 642 qualem
1343 594 1569 644 putassem.
1605 591 1720 632 Illud

253 653 423 705 quidem
452 650 654 692 fatebitur
685 649 903 700 Scaptius,
941 660 1008 688 me
1046 649 1112 688 ius
1143 648 1310 689 dicente
1339 649 1420 689 sibi
1451 661 1617 689 omnem
1647 660 1720 700 pe-

254 709 421 751 cuniam
460 720 513 748 ex
552 706 690 746 edicto
727 718 820 745 meo
857 705 1075 745 auferendi
1110 707 1361 756 potestatem
1399 706 1541 746 fuisse.
1597 705 1719 746 Addo

253 767 382 807 etiam
411 763 544 815 illud,
583 762 694 815 quod
723 774 893 809 vereor,
935 760 1016 801 tibi
1053 761 1135 813 ipsi
1164 763 1212 802 ut
1250 763 1446 814 probem:
1487 762 1721 803 consistere

252 836 382 864 usura
410 821 577 868 debuit,
609 831 716 870 quae
747 821 837 859 erat
864 819 909 858 in
939 818 1077 857 edicto
1106 830 1214 861 mee.
1244 820 1467 872 Deponere
1497 819 1718 861 volebant:

252 878 480 932 impetravi
510 877 562 918 ab
593 876 858 927 Salaminiis,
897 876 944 915 ut
973 876 1159 915 silerent.
1225 877 1400 917 Veniam
1439 877 1506 917 illi
1547 876 1720 928 quidem

256 937 363 978 mihi
402 934 629 983 dederunt3
665 933 738 973 sed
778 932 879 984 quid
919 932 972 972 iis
1010 931 1107 981 fiet,
1149 931 1184 972 si
1212 933 1296 973 huc
1326 934 1500 974 Paullus
1527 931 1720 975 venerit?

258 994 342 1034 Sed
372 994 507 1033 totum
536 992 617 1031 hoc
647 990 779 1031 Bruto
810 989 926 1036 dedi,
967 989 1041 1040 qui
1071 989 1122 1029 de
1151 1001 1218 1029 me
1246 990 1298 1030 ad
1328 992 1370 1030 te
1399 990 1721 1030 humanissimas

255 1051 405 1091 literas
438 1047 635 1100 scripsit:
676 1047 729 1087 ad
765 1059 829 1086 me
858 1048 1019 1093 autem,
1058 1047 1189 1086 etiam
1227 1059 1358 1098 quum
1394 1048 1516 1099 rogat
1545 1046 1722 1098 aliquid,

257 1105 586 1157 contumaciter,
624 1105 892 1156 arroganter,
932 1098 1214 1151 ἀκοινωνήτως
1252 1105 1358 1144 solet
1395 1104 1595 1144 scribere.
1655 1104 1721 1144 Tu

257 1167 398 1205 autem
434 1162 563 1202 velim
601 1161 653 1202 ad
690 1173 786 1200 eum
817 1160 976 1200 scribas
1006 1160 1057 1199 de
1087 1160 1152 1199 his
1180 1160 1330 1210 rebus,
1369 1167 1416 1200 ut
1446 1161 1600 1211 sciam,
1637 1172 1722 1211 quo

258 1220 382 1261 modo
411 1219 517 1259 haec
540 1218 737 1269 accipiat.
780 1217 931 1256 Facies
962 1218 1072 1255 enim
1101 1229 1168 1257 me
1198 1218 1435 1257 certiorem.
1475 1217 1616 1268 Atque
1637 1217 1722 1257 hoc

258 1275 546 1329 superioribus
576 1274 714 1314 literis
744 1273 795 1313 ad
819 1274 860 1312 te
879 1273 1104 1324 diligenter
1125 1274 1473 1325 perscripseram:
1505 1274 1575 1313 sed
1592 1275 1722 1324 plane

258 1337 302 1374 te
331 1332 572 1383 intelligere
600 1330 717 1371 volui
746 1330 850 1369 mihi
880 1342 963 1369 non
994 1330 1202 1370 excidisse
1230 1331 1351 1381 illud,
1380 1330 1490 1381 quod
1509 1331 1555 1370 tu
1579 1330 1629 1370 ad
1655 1343 1723 1370 me

257 1388 509 1442 quibusdam
529 1388 662 1427 literis
683 1387 943 1438 scripsisses;
974 1386 1009 1425 si
1037 1387 1146 1426 nihil
1178 1387 1293 1427 aliud
1322 1387 1373 1426 de
1399 1388 1479 1427 hac
1503 1387 1724 1439 provincia

259 1448 341 1488 nisi
370 1447 486 1486 illius
523 1444 861 1484 benevolentiam
902 1443 1212 1495 deportassem,
1253 1444 1357 1484 mihi
1396 1444 1440 1483 id
1476 1445 1577 1484 satis
1618 1455 1722 1487 esse.

257 1546 469 1591 sumptione
494 1555 566 1578 non
591 1549 714 1587 aptum
741 1544 869 1585 esset.)
898 1541 1094 1575 ORELLI.
1113 1561 1158 1566 —
1191 1540 1257 1574 hoc
1282 1551 1360 1574 sum
1385 1541 1519 1580 animo,
1546 1541 1595 1575 ist
1621 1540 1722 1575 mir’s

260 1605 303 1628 50
330 1593 420 1626 um’s
437 1591 604 1625 H.erz‚-
634 1590 754 1630 sing„
782 1590 972 1632 lprocent
996 1587 1320 1630 (monathlich).—
1347 1588 1485 1621 observ.
1512 1588 1575 1621 auf
1595 1593 1613 1624 1
1631 1599 1722 1632 pro-

260 1645 345 1673 cent
370 1638 462 1672 hielt
493 1647 531 1671 u.
558 1636 718 1669 dariiber
741 1635 908 1676 wacffle,
942 1634 1026 1667 dass
1060 1644 1141 1666 man
1174 1633 1277 1666 nicht
1312 1634 1422 1667 Mehr
1454 1634 1657 1677 verlangte.
1677 1653 1721 1660 —

257 1686 381 1730 itaque
405 1684 499 1718 edis.
532 1681 723 1725 Amplific.
759 1687 846 1714 statt
870 1690 912 1713 ez
936 1680 1053 1713 edicto
1079 1690 1168 1713 meo.
1190 1699 1233 1704 ——
1276 1679 1436 1719 Laenio,
1471 1679 1507 1713 S.
1534 1691 1592 1724 ep.
1611 1680 1719 1723 CCL,

260 1734 315 1767 10,
334 1750 378 1756 -
412 1734 447 1763 et
470 1730 520 1763 iis
539 1728 666 1772 prob„
697 1727 795 1760 ohne
820 1727 904 1760 dass
929 1726 984 1759 sie
1011 1737 1051 1761 es
1077 1726 1162 1759 ubel
1188 1725 1356 1759 nahmen.
1375 1744 1419 1750 —-
1456 1726 1626 1759 deductos
1652 1725 1720 1760 Sa-

259 1777 414 1816 lamine,
453 1787 502 1810 ex
534 1773 666 1809 insula.
688 1791 730 1797 —
771 1773 950 1816 accipiam
975 1797 983 1805 .
1003 1796 1011 1805 .
1038 1773 1201 1805 dolorem
1236 1774 1292 1814 (so
1323 1771 1422 1805 wird
1448 1782 1487 1805 es
1518 1772 1587 1805 mir
1619 1782 1720 1806 zwar

258 1822 503 1859 schmerzlich
535 1821 670 1861 fallen,
703 1818 807 1862 dass)
832 1830 879 1852 =
913 1818 1049 1852 dolebo
1085 1829 1165 1860 reg.
1194 1818 1263 1851 den
1290 1828 1410 1851 accus.
1437 1828 1467 1851 c.
1503 1818 1636 1852 infinit.
1677 1817 1717 1852 S.

258 1870 412 1904 Ramsh.
438 1870 468 1912 ζῇ.
486 1869 566 1911 168,
581 1869 616 1902 3.
643 1865 784 1900 Grotef.
810 1866 840 1909 ἕ.
861 1865 943 1908 308,
960 1864 993 1899 2.
1015 1884 1053 1890 -—
1097 1865 1226 1907 talem,
1255 1863 1335 1898 der
1358 1864 1484 1907 Manu,
1511 1865 1633 1898 wofur
1657 1863 1717 1897 ich

258 1916 323 1950 ihn
350 1915 457 1949 hielt.

349 1964 381 1995 7.
421 1971 560 1995 omnem
580 1969 656 2004 pec.
683 1984 691 1992 .
710 1985 719 1992 .
746 1958 957 2002 auferendi,
983 1957 1045 1992 die
1069 1968 1186 2002 ganze
1211 1956 1362 1991 Summe
1385 1956 1479 1990 nach
1498 1957 1720 1999 Maassgabe

257 2006 399 2042 meinos
414 2007 547 2041 Edicts
572 2016 618 2039 zu
644 2005 833 2039 heben.—
868 2015 1014 2047 vereor,
1040 2009 1090 2038 ut.
1117 2004 1154 2038 S.
1177 2003 1326 2037 Ramsh.
1353 2003 1383 2046 §.
1403 2004 1482 2045 193,
1503 2003 1534 2046 Ι,
1558 2005 1590 2036 4.
1619 2003 1719 2036 Gro-

260 2054 322 2088 tef.
350 2054 379 2096 ᾗ.
399 2054 477 2087 402.
512 2052 603 2097 „ich
630 2052 707 2085 that
731 2052 828 2084 noch
854 2052 964 2085 Mehr
988 2051 1048 2084 fiir
1073 2051 1156 2092 ihn,
1192 2050 1301 2083 Mehr
1326 2048 1380 2081 als
1405 2049 1466 2082 Du
1492 2049 1718 2082 schwerlich

259 2099 332 2133 mir
355 2105 421 2142 gut
446 2099 595 2133 heissen
620 2098 760 2132 wirst.⁷’
780 2099 822 2121 *—
858 2097 1004 2131 consist.
1030 2107 1083 2131 us,
1109 2096 1247 2137 debuit,
1274 2094 1334 2127 die
1360 2095 1398 2127 in
1425 2094 1582 2127 meinem
1604 2094 1720 2128 Edict

258 2146 428 2179 erlaubte
451 2145 690 2187 Verzinsung
714 2144 828 2178 sollte
854 2145 1048 2177 aut‘horen.
1096 2143 1188 2178 Nam
1213 2142 1388 2184 deponere
1412 2141 1483 2173 vol.
1518 2139 1557 2174 S.
1585 2150 1632 2173 zu
1657 2151 1716 2185 ep,

259 2191 368 2235 CCL,
385 2191 427 2224 12
452 2203 536 2235 geg.
554 2191 647 2224 End.
664 2209 709 2215 ——-
743 2190 788 2223 ab
813 2201 858 2222 =
882 2201 905 2223 α
929 2189 1007 2223 Md.
1027 2208 1066 2214 —
1110 2189 1277 2228 silerent,
1309 2186 1392 2220 dass
1418 2186 1473 2220 sie
1498 2196 1571 2219 von
1596 2186 1716 2220 ihrem

258 2238 464 2274 Vorhaben
490 2237 702 2270 abstanden.
750 2237 859 2269 Denn
886 2236 1009 2268 hatten
1035 2233 1089 2267 sie
1114 2233 1222 2267 ihren
1243 2233 1464 2267 Entschluss
1489 2231 1719 2275 gerichtlich

257 2284 419 2327 erklart,
451 2294 493 2317 so
519 2290 657 2316 musste
682 2281 815 2316 Cicero
841 2282 954 2314 ihnen
978 2280 1256 2315 willfahren.—
1296 2278 1451 2313 Veniam
1474 2277 1587 2312 alicui
1611 2279 1716 2321 dare,

255 2329 389 2364 Einem
414 2329 541 2363 Etwas
565 2339 611 2362 zu
638 2328 808 2362 Gefallen
833 2328 934 2361 thun.
952 2345 997 2351 —
1034 2327 1084 2359 iis
1107 2327 1182 2368 fiet,
1214 2325 1290 2359 wie
1320 2324 1417 2358 wird
1450 2335 1490 2359 es
1516 2324 1629 2358 ihnen
1654 2335 1715 2358 er-

255 2376 400 2421 gehen?
438 2375 587 2409 Ramsh.
620 2375 648 2416 ἕ.
669 2375 754 2416 143,
780 2375 820 2413 2,
845 2383 877 2407 a.
899 2392 941 2398 -
982 2372 1134 2406 Paullus
1168 2382 1266 2405 nunc
1299 2370 1448 2413 consul,
1482 2381 1563 2404 cum
1592 2370 1712 2404 Bruto

254 2421 493 2464 coniunctus,
532 2421 564 2455 si
598 2420 693 2454 sorte
720 2420 809 2453 mihi
841 2419 894 2461 (in
918 2417 1128 2463 provincia)
1165 2417 1400 2452 successerit.
1428 2416 1534 2450 SCH.
1567 2415 1711 2450 Laufen

253 2468 310 2503 sie
334 2468 437 2502 nicht
461 2467 599 2502 Gesahr
634 2466 728 2499 nach
764 2466 847 2498 dem
870 2464 1108 2498 Buchstaben
1141 2463 1207 2497 der
1238 2463 1374 2498 beiden
1405 2472 1478 2496 von
1509 2461 1618 2495 ienen
1650 2473 1712 2495 er-

252 2514 495 2549 schlichenen
511 2512 813 2548 Senatsschliisse
840 2512 884 2552 (S.
899 2509 1005 2553 CCL,
1022 2512 1079 2544 11.
1094 2509 1166 2552 12.)
1193 2519 1238 2544 zu
1256 2508 1476 2552 Bezahlung
1498 2508 1566 2541 der
1588 2508 1610 2541 4
1636 2519 1709 2542 von

252 2562 331 2603 100,
356 2561 502 2595 welche
527 2560 594 2593 der
611 2558 823 2591 Wucherer
840 2556 1013 2600 Scaptius
1037 2556 1195 2599 fordert,
1218 2555 1441 2599 angehalten
1466 2564 1512 2587 zu
1536 2552 1711 2588 werden?

252 2625 297 2631 —
328 2606 434 2649 dedi,
466 2605 526 2640 ich
551 2604 645 2639 habe
671 2604 734 2637 das
758 2603 866 2638 Alles
892 2602 975 2636 dem
988 2602 1050 2635 ΒΓ.
1078 2602 1349 2646 nachgesehen.
1371 2619 1414 2626 —
1447 2599 1614 2642 hmnam,
1647 2599 1710 2633 die

250 2652 489 2697 hoflichsten‚
520 2650 840 2685 verbindlichsten
865 2647 1005 2682 Briefe.
1026 2666 1071 2673 -
1107 2649 1332 2687 a‘notvoev„
1365 2644 1514 2681 minime
1549 2644 1709 2679 familia-

250 2697 364 2741 riter,
404 2697 680 2732 unsreundlich.
703 2716 747 2721 —
804 2697 924 2738 Atque
954 2693 1040 2737 hoc,
1073 2694 1149 2729 Md.
1185 2694 1283 2729 Crat.
1316 2692 1422 2730 Vict.
1443 2693 1474 2725 1.
1510 2691 1636 2725 Lamb.
1671 2691 1709 2724 in

249 2755 365 2789 marg.
386 2745 476 2780 1584
499 2744 597 2779 haec.
623 2761 670 2771 —-
715 2741 850 2784 dilig„
884 2739 1127 2775 ausfuhrlich.
1153 2758 1196 2768 —
1239 2739 1313 2774 nisi
1343 2739 1466 2781 illius,
1497 2737 1618 2772 Bruti.
1651 2747 1710 2771 re-
