<?xml version="1.0" encoding="UTF-8"?>
<!DOCTYPE html PUBLIC "-//W3C//DTD XHTML 1.0 Transitional//EN"
    "http://www.w3.org/TR/xhtml1/DTD/xhtml1-transitional.dtd">
<html xmlns="http://www.w3.org/1999/xhtml" xml:lang="en" lang="en">
 <head>
  <title>
</title>
<meta http-equiv="Content-Type" content="text/html;charset=utf-8" />
  <meta name='ocr-system' content='tesseract 3.04.00' />
  <meta name='ocr-capabilities' content='ocr_page ocr_carea ocr_par ocr_line ocrx_word'/>
</head>
<body>
  <div class='ocr_page' id='page_1' title='image "./epistolaeadattic02ciceuoft_0096.png"; bbox 0 0 1795 3043; ppageno 0'>
   <div class='ocr_carea' id='block_1_1' title="bbox 206 1 1397 57">
    <p class='ocr_par' dir='ltr' id='par_1_1' title="bbox 206 1 1397 57">
     <span class='ocr_line' id='line_1_1' title="bbox 206 1 1397 57; baseline 0 -7"><span class='ocrx_word' id='word_1_1' title='bbox 206 9 272 57; x_wconf 83' lang='grc'>88</span> <span class='ocrx_word' id='word_1_2' title='bbox 453 3 520 50; x_wconf 90' lang='grc' dir='ltr'>Μ.</span> <span class='ocrx_word' id='word_1_3' title='bbox 558 2 614 48; x_wconf 90' lang='grc' dir='ltr'>Τ.</span> <span class='ocrx_word' id='word_1_4' title='bbox 650 1 992 50; x_wconf 83' lang='lat' dir='ltr'><strong>CICERONIS</strong></span> <span class='ocrx_word' id='word_1_5' title='bbox 1027 2 1397 50; x_wconf 78' lang='lat' dir='ltr'><strong>EPISTOLAE.</strong></span> 
     </span>
    </p>
   </div>
   <div class='ocr_carea' id='block_1_2' title="bbox 176 113 1680 1360">
    <p class='ocr_par' dir='ltr' id='par_1_2' title="bbox 176 113 1680 1360">
     <span class='ocr_line' id='line_1_2' title="bbox 212 113 1658 168; baseline -0.001 -11"><span class='ocrx_word' id='word_1_6' title='bbox 212 117 493 166; x_wconf 83' lang='lat' dir='ltr'>cohortesque</span> <span class='ocrx_word' id='word_1_7' title='bbox 533 113 584 155; x_wconf 88' lang='lat' dir='ltr'>de</span> <span class='ocrx_word' id='word_1_8' title='bbox 615 113 805 155; x_wconf 81' lang='lat' dir='ltr'>exercitu</span> <span class='ocrx_word' id='word_1_9' title='bbox 834 127 926 155; x_wconf 91' lang='lat' dir='ltr'>meo</span> <span class='ocrx_word' id='word_1_10' title='bbox 955 115 1212 168; x_wconf 78' lang='lat' dir='ltr'>postularetz</span> <span class='ocrx_word' id='word_1_11' title='bbox 1252 115 1331 155; x_wconf 81' lang='lat' dir='ltr'>etsi</span> <span class='ocrx_word' id='word_1_12' title='bbox 1359 113 1658 168; x_wconf 84' lang='lat' dir='ltr'><strong>intelligebam,</strong></span> 
     </span>
     <span class='ocr_line' id='line_1_3' title="bbox 213 171 1662 224; baseline -0.002 -9"><span class='ocrx_word' id='word_1_13' title='bbox 213 176 354 215; x_wconf 84' lang='lat' dir='ltr'>vestro</span> <span class='ocrx_word' id='word_1_14' title='bbox 385 174 555 213; x_wconf 87' lang='lat' dir='ltr'>senatus</span> <span class='ocrx_word' id='word_1_15' title='bbox 586 173 779 212; x_wconf 89' lang='lat' dir='ltr'>consulto</span> <span class='ocrx_word' id='word_1_16' title='bbox 808 184 891 212; x_wconf 89' lang='lat' dir='ltr'>non</span> <span class='ocrx_word' id='word_1_17' title='bbox 923 173 1043 213; x_wconf 90' lang='lat' dir='ltr'>modo</span> <span class='ocrx_word' id='word_1_18' title='bbox 1074 184 1196 224; x_wconf 89' lang='lat' dir='ltr'>posse</span> <span class='ocrx_word' id='word_1_19' title='bbox 1225 185 1291 212; x_wconf 92' lang='lat' dir='ltr'>me</span> <span class='ocrx_word' id='word_1_20' title='bbox 1321 172 1364 211; x_wconf 93' lang='lat' dir='ltr'>id</span> <span class='ocrx_word' id='word_1_21' title='bbox 1393 173 1559 224; x_wconf 85' lang='lat' dir='ltr'>facere,</span> <span class='ocrx_word' id='word_1_22' title='bbox 1589 171 1662 212; x_wconf 89' lang='lat' dir='ltr'>sed</span> 
     </span>
     <span class='ocr_line' id='line_1_4' title="bbox 216 229 1663 281; baseline -0.002 -10"><span class='ocrx_word' id='word_1_23' title='bbox 216 233 344 271; x_wconf 85' lang='lat' dir='ltr'>etiam</span> <span class='ocrx_word' id='word_1_24' title='bbox 373 229 547 270; x_wconf 77' lang='lat' dir='ltr'>deberet</span> <span class='ocrx_word' id='word_1_25' title='bbox 576 230 738 278; x_wconf 87' lang='lat' dir='ltr'>tamen,</span> <span class='ocrx_word' id='word_1_26' title='bbox 778 241 906 280; x_wconf 87' lang='lat' dir='ltr'>quum</span> <span class='ocrx_word' id='word_1_27' title='bbox 933 242 1000 270; x_wconf 87' lang='lat' dir='ltr'>res</span> <span class='ocrx_word' id='word_1_28' title='bbox 1029 229 1201 280; x_wconf 85' lang='lat' dir='ltr'>publica</span> <span class='ocrx_word' id='word_1_29' title='bbox 1229 230 1461 281; x_wconf 84' lang='lat' dir='ltr'>postularet</span> <span class='ocrx_word' id='word_1_30' title='bbox 1490 231 1663 281; x_wconf 84' lang='lat' dir='ltr'>propter</span> 
     </span>
     <span class='ocr_line' id='line_1_5' title="bbox 217 286 1662 340; baseline -0.002 -13"><span class='ocrx_word' id='word_1_31' title='bbox 217 287 484 340; x_wconf 86' lang='lat' dir='ltr'>quotidianos</span> <span class='ocrx_word' id='word_1_32' title='bbox 523 297 574 325; x_wconf 85' lang='lat' dir='ltr'>ex</span> <span class='ocrx_word' id='word_1_33' title='bbox 605 286 729 338; x_wconf 88' lang='lat' dir='ltr'>Syria</span> <span class='ocrx_word' id='word_1_34' title='bbox 757 286 951 333; x_wconf 87' lang='lat' dir='ltr'>nuntios,</span> <span class='ocrx_word' id='word_1_35' title='bbox 995 288 1040 325; x_wconf 89' lang='lat' dir='ltr'>ut</span> <span class='ocrx_word' id='word_1_36' title='bbox 1070 298 1194 337; x_wconf 88' lang='lat' dir='ltr'>quam</span> <span class='ocrx_word' id='word_1_37' title='bbox 1223 286 1402 337; x_wconf 91' lang='lat' dir='ltr'>primum</span> <span class='ocrx_word' id='word_1_38' title='bbox 1431 286 1662 326; x_wconf 84' lang='lat' dir='ltr'>exercitum</span> 
     </span>
     <span class='ocr_line' id='line_1_6' title="bbox 219 341 1664 396; baseline -0.003 -11"><span class='ocrx_word' id='word_1_39' title='bbox 219 345 272 385; x_wconf 91' lang='lat' dir='ltr'>ad</span> <span class='ocrx_word' id='word_1_40' title='bbox 302 345 476 384; x_wconf 83' lang='lat' dir='ltr'>Ciliciae</span> <span class='ocrx_word' id='word_1_41' title='bbox 506 341 611 383; x_wconf 88' lang='lat' dir='ltr'>fines</span> <span class='ocrx_word' id='word_1_42' title='bbox 642 342 890 382; x_wconf 88' lang='lat' dir='ltr'>adducerem</span> <span class='ocrx_word' id='word_1_43' title='bbox 901 356 913 391; x_wconf 79' lang='lat'>3</span> <span class='ocrx_word' id='word_1_44' title='bbox 944 355 1155 393; x_wconf 88' lang='lat' dir='ltr'>quumque</span> <span class='ocrx_word' id='word_1_45' title='bbox 1186 343 1293 382; x_wconf 91' lang='lat' dir='ltr'>mihi</span> <span class='ocrx_word' id='word_1_46' title='bbox 1322 355 1411 396; x_wconf 82' lang='lat' dir='ltr'>rex,</span> <span class='ocrx_word' id='word_1_47' title='bbox 1441 343 1664 395; x_wconf 82' lang='lat' dir='ltr'>patefactis</span> 
     </span>
     <span class='ocr_line' id='line_1_7' title="bbox 218 399 1665 453; baseline -0.002 -12"><span class='ocrx_word' id='word_1_48' title='bbox 218 402 302 442; x_wconf 87' lang='lat' dir='ltr'>iam</span> <span class='ocrx_word' id='word_1_49' title='bbox 330 400 517 446; x_wconf 81' lang='lat' dir='ltr'>insidiis,</span> <span class='ocrx_word' id='word_1_50' title='bbox 557 412 641 439; x_wconf 90' lang='lat' dir='ltr'>non</span> <span class='ocrx_word' id='word_1_51' title='bbox 672 411 793 451; x_wconf 80' lang='lat' dir='ltr'>egere</span> <span class='ocrx_word' id='word_1_52' title='bbox 823 400 1010 439; x_wconf 82' lang='lat' dir='ltr'>exercitu</span> <span class='ocrx_word' id='word_1_53' title='bbox 1039 399 1187 453; x_wconf 90' lang='lat' dir='ltr'>populi</span> <span class='ocrx_word' id='word_1_54' title='bbox 1215 399 1412 447; x_wconf 85' lang='lat' dir='ltr'>Romani,</span> <span class='ocrx_word' id='word_1_55' title='bbox 1442 399 1515 438; x_wconf 87' lang='lat' dir='ltr'>sed</span> <span class='ocrx_word' id='word_1_56' title='bbox 1544 410 1665 451; x_wconf 87' lang='lat' dir='ltr'>posse</span> 
     </span>
     <span class='ocr_line' id='line_1_8' title="bbox 221 455 1663 509; baseline -0.002 -11"><span class='ocrx_word' id='word_1_57' title='bbox 221 470 265 499; x_wconf 87' lang='lat' dir='ltr'>se</span> <span class='ocrx_word' id='word_1_58' title='bbox 296 458 381 498; x_wconf 89' lang='lat' dir='ltr'>suis</span> <span class='ocrx_word' id='word_1_59' title='bbox 410 455 560 509; x_wconf 86' lang='lat' dir='ltr'>opibus</span> <span class='ocrx_word' id='word_1_60' title='bbox 598 456 822 496; x_wconf 86' lang='lat' dir='ltr'>defendere</span> <span class='ocrx_word' id='word_1_61' title='bbox 852 456 1090 496; x_wconf 84' lang='lat' dir='ltr'>videretur:</span> <span class='ocrx_word' id='word_1_62' title='bbox 1132 456 1254 496; x_wconf 90' lang='lat' dir='ltr'>illum</span> <span class='ocrx_word' id='word_1_63' title='bbox 1284 457 1527 496; x_wconf 83' lang='lat' dir='ltr'>cohortatus</span> <span class='ocrx_word' id='word_1_64' title='bbox 1556 468 1663 503; x_wconf 89' lang='lat' dir='ltr'>sum,</span> 
     </span>
     <span class='ocr_line' id='line_1_9' title="bbox 221 513 1666 566; baseline -0.002 -11"><span class='ocrx_word' id='word_1_65' title='bbox 221 516 269 555; x_wconf 88' lang='lat' dir='ltr'>ut</span> <span class='ocrx_word' id='word_1_66' title='bbox 306 515 350 554; x_wconf 93' lang='lat' dir='ltr'>in</span> <span class='ocrx_word' id='word_1_67' title='bbox 397 528 474 555; x_wconf 87' lang='lat' dir='ltr'>sua</span> <span class='ocrx_word' id='word_1_68' title='bbox 511 513 598 554; x_wconf 85' lang='lat' dir='ltr'>vita</span> <span class='ocrx_word' id='word_1_69' title='bbox 646 513 930 553; x_wconf 80' lang='lat' dir='ltr'>conservanda</span> <span class='ocrx_word' id='word_1_70' title='bbox 970 514 1149 564; x_wconf 89' lang='lat' dir='ltr'>primum</span> <span class='ocrx_word' id='word_1_71' title='bbox 1185 525 1362 566; x_wconf 81' lang='lat' dir='ltr'>regnare</span> <span class='ocrx_word' id='word_1_72' title='bbox 1399 513 1601 561; x_wconf 87' lang='lat' dir='ltr'>disceret;</span> <span class='ocrx_word' id='word_1_73' title='bbox 1642 526 1666 552; x_wconf 89' lang='lat' dir='ltr'>a</span> 
     </span>
     <span class='ocr_line' id='line_1_10' title="bbox 221 569 1668 623; baseline -0.001 -13"><span class='ocrx_word' id='word_1_74' title='bbox 221 571 377 622; x_wconf 87' lang='lat' dir='ltr'>quibus</span> <span class='ocrx_word' id='word_1_75' title='bbox 415 571 696 623; x_wconf 84' lang='lat' dir='ltr'>perspexisset</span> <span class='ocrx_word' id='word_1_76' title='bbox 733 569 815 609; x_wconf 88' lang='lat' dir='ltr'>sibi</span> <span class='ocrx_word' id='word_1_77' title='bbox 854 570 1025 610; x_wconf 88' lang='lat' dir='ltr'>insidias</span> <span class='ocrx_word' id='word_1_78' title='bbox 1067 570 1256 621; x_wconf 86' lang='lat' dir='ltr'>paratas,</span> <span class='ocrx_word' id='word_1_79' title='bbox 1294 570 1338 610; x_wconf 94' lang='lat' dir='ltr'>in</span> <span class='ocrx_word' id='word_1_80' title='bbox 1379 581 1448 609; x_wconf 88' lang='lat' dir='ltr'>eos</span> <span class='ocrx_word' id='word_1_81' title='bbox 1475 571 1668 609; x_wconf 88' lang='lat' dir='ltr'>uteretur</span> 
     </span>
     <span class='ocr_line' id='line_1_11' title="bbox 222 625 1669 680; baseline -0.003 -11"><span class='ocrx_word' id='word_1_82' title='bbox 222 629 315 668; x_wconf 88' lang='lat' dir='ltr'>iure</span> <span class='ocrx_word' id='word_1_83' title='bbox 343 629 482 680; x_wconf 67' lang='lat' dir='ltr'>regio,</span> <span class='ocrx_word' id='word_1_84' title='bbox 512 639 648 679; x_wconf 89' lang='lat' dir='ltr'>poena</span> <span class='ocrx_word' id='word_1_85' title='bbox 677 625 864 666; x_wconf 81' lang='lat' dir='ltr'>afficeret</span> <span class='ocrx_word' id='word_1_86' title='bbox 894 639 976 678; x_wconf 83' lang='lat' dir='ltr'>eos,</span> <span class='ocrx_word' id='word_1_87' title='bbox 1006 638 1110 677; x_wconf 92' lang='lat' dir='ltr'>quos</span> <span class='ocrx_word' id='word_1_88' title='bbox 1127 639 1296 667; x_wconf 87' lang='lat' dir='ltr'>necesse</span> <span class='ocrx_word' id='word_1_89' title='bbox 1324 627 1430 666; x_wconf 87' lang='lat' dir='ltr'>esset</span> <span class='ocrx_word' id='word_1_90' title='bbox 1441 640 1454 675; x_wconf 79' lang='lat'>3</span> <span class='ocrx_word' id='word_1_91' title='bbox 1483 625 1669 677; x_wconf 90' lang='lat' dir='ltr'>reliquos</span> 
     </span>
     <span class='ocr_line' id='line_1_12' title="bbox 224 683 1667 735; baseline -0.002 -10"><span class='ocrx_word' id='word_1_92' title='bbox 224 687 338 726; x_wconf 89' lang='lat' dir='ltr'>metu</span> <span class='ocrx_word' id='word_1_93' title='bbox 374 684 602 733; x_wconf 69' lang='lat' dir='ltr'>liberaret,</span> <span class='ocrx_word' id='word_1_94' title='bbox 642 683 852 735; x_wconf 87' lang='lat' dir='ltr'>praesidio</span> <span class='ocrx_word' id='word_1_95' title='bbox 892 683 1102 724; x_wconf 83' lang='lat' dir='ltr'>exercitus</span> <span class='ocrx_word' id='word_1_96' title='bbox 1131 683 1215 723; x_wconf 91' lang='lat' dir='ltr'>mei</span> <span class='ocrx_word' id='word_1_97' title='bbox 1246 683 1298 723; x_wconf 87' lang='lat' dir='ltr'>ad</span> <span class='ocrx_word' id='word_1_98' title='bbox 1327 695 1490 735; x_wconf 89' lang='lat' dir='ltr'>eorum,</span> <span class='ocrx_word' id='word_1_99' title='bbox 1521 683 1594 734; x_wconf 93' lang='lat' dir='ltr'>qui</span> <span class='ocrx_word' id='word_1_100' title='bbox 1621 684 1667 722; x_wconf 91' lang='lat' dir='ltr'>in</span> 
     </span>
     <span class='ocr_line' id='line_1_13' title="bbox 226 740 1670 794; baseline -0.003 -11"><span class='ocrx_word' id='word_1_101' title='bbox 226 743 354 794; x_wconf 83' lang='lat' dir='ltr'>culpa</span> <span class='ocrx_word' id='word_1_102' title='bbox 383 743 542 789; x_wconf 86' lang='lat' dir='ltr'>essent,</span> <span class='ocrx_word' id='word_1_103' title='bbox 575 742 769 781; x_wconf 87' lang='lat' dir='ltr'>timorem</span> <span class='ocrx_word' id='word_1_104' title='bbox 799 741 965 793; x_wconf 87' lang='lat' dir='ltr'>potius,</span> <span class='ocrx_word' id='word_1_105' title='bbox 1002 753 1126 793; x_wconf 88' lang='lat' dir='ltr'>quam</span> <span class='ocrx_word' id='word_1_106' title='bbox 1156 740 1207 780; x_wconf 85' lang='lat' dir='ltr'>ad</span> <span class='ocrx_word' id='word_1_107' title='bbox 1239 741 1550 780; x_wconf 87' lang='lat' dir='ltr'>contentionem</span> <span class='ocrx_word' id='word_1_108' title='bbox 1580 742 1670 779; x_wconf 92' lang='lat' dir='ltr'>ute-</span> 
     </span>
     <span class='ocr_line' id='line_1_14' title="bbox 225 797 1672 851; baseline -0.003 -11"><span class='ocrx_word' id='word_1_109' title='bbox 225 802 369 841; x_wconf 87' lang='lat' dir='ltr'>retur:</span> <span class='ocrx_word' id='word_1_110' title='bbox 414 799 505 839; x_wconf 84' lang='lat' dir='ltr'>fore</span> <span class='ocrx_word' id='word_1_111' title='bbox 544 801 703 851; x_wconf 84' lang='lat' dir='ltr'>autem,</span> <span class='ocrx_word' id='word_1_112' title='bbox 733 800 780 839; x_wconf 86' lang='lat' dir='ltr'>ut</span> <span class='ocrx_word' id='word_1_113' title='bbox 809 811 972 846; x_wconf 89' lang='lat' dir='ltr'>omnes,</span> <span class='ocrx_word' id='word_1_114' title='bbox 1013 798 1210 849; x_wconf 88' lang='lat' dir='ltr'>quoniam</span> <span class='ocrx_word' id='word_1_115' title='bbox 1237 799 1404 838; x_wconf 89' lang='lat' dir='ltr'>senatus</span> <span class='ocrx_word' id='word_1_116' title='bbox 1434 797 1672 837; x_wconf 90' lang='lat' dir='ltr'>consultum</span> 
     </span>
     <span class='ocr_line' id='line_1_15' title="bbox 229 853 1670 909; baseline -0.003 -13"><span class='ocrx_word' id='word_1_117' title='bbox 229 857 411 904; x_wconf 83' lang='lat' dir='ltr'>nossent,</span> <span class='ocrx_word' id='word_1_118' title='bbox 442 856 729 909; x_wconf 83' lang='lat' dir='ltr'>intelligerent</span> <span class='ocrx_word' id='word_1_119' title='bbox 758 867 822 895; x_wconf 90' lang='lat' dir='ltr'>me</span> <span class='ocrx_word' id='word_1_120' title='bbox 850 855 954 907; x_wconf 81' lang='lat' dir='ltr'>regi,</span> <span class='ocrx_word' id='word_1_121' title='bbox 985 854 1021 894; x_wconf 89' lang='lat' dir='ltr'>si</span> <span class='ocrx_word' id='word_1_122' title='bbox 1051 867 1154 906; x_wconf 91' lang='lat' dir='ltr'>opus</span> <span class='ocrx_word' id='word_1_123' title='bbox 1184 856 1305 902; x_wconf 84' lang='lat' dir='ltr'>esset,</span> <span class='ocrx_word' id='word_1_124' title='bbox 1337 867 1389 895; x_wconf 84' lang='lat' dir='ltr'>ex</span> <span class='ocrx_word' id='word_1_125' title='bbox 1418 853 1670 895; x_wconf 87' lang='lat' dir='ltr'>auctoritate</span> 
     </span>
     <span class='ocr_line' id='line_1_16' title="bbox 176 909 1672 965; baseline 0 -16"><span class='ocrx_word' id='word_1_126' title='bbox 176 909 205 949; x_wconf 88' lang='grc'>8</span> <span class='ocrx_word' id='word_1_127' title='bbox 228 915 370 954; x_wconf 83' lang='lat' dir='ltr'>vestra</span> <span class='ocrx_word' id='word_1_128' title='bbox 398 913 605 965; x_wconf 88' lang='lat' dir='ltr'>praesidio</span> <span class='ocrx_word' id='word_1_129' title='bbox 634 913 831 952; x_wconf 86' lang='lat' dir='ltr'>futurum.</span> <span class='ocrx_word' id='word_1_130' title='bbox 898 913 962 952; x_wconf 86' lang='lat' dir='ltr'>Ita</span> <span class='ocrx_word' id='word_1_131' title='bbox 1006 911 1251 951; x_wconf 86' lang='lat' dir='ltr'>confirmato</span> <span class='ocrx_word' id='word_1_132' title='bbox 1279 912 1378 958; x_wconf 91' lang='lat' dir='ltr'>illo,</span> <span class='ocrx_word' id='word_1_133' title='bbox 1420 924 1472 951; x_wconf 81' lang='lat' dir='ltr'>ex</span> <span class='ocrx_word' id='word_1_134' title='bbox 1501 922 1549 949; x_wconf 91' lang='lat' dir='ltr'>eo</span> <span class='ocrx_word' id='word_1_135' title='bbox 1577 911 1672 950; x_wconf 89' lang='lat' dir='ltr'>loco</span> 
     </span>
     <span class='ocr_line' id='line_1_17' title="bbox 228 967 1674 1018; baseline -0.002 -8"><span class='ocrx_word' id='word_1_136' title='bbox 228 971 367 1010; x_wconf 85' lang='lat' dir='ltr'>castra</span> <span class='ocrx_word' id='word_1_137' title='bbox 402 970 531 1009; x_wconf 82' lang='lat' dir='ltr'>movi:</span> <span class='ocrx_word' id='word_1_138' title='bbox 574 970 657 1009; x_wconf 88' lang='lat' dir='ltr'>iter</span> <span class='ocrx_word' id='word_1_139' title='bbox 696 969 740 1009; x_wconf 89' lang='lat' dir='ltr'>in</span> <span class='ocrx_word' id='word_1_140' title='bbox 773 969 966 1009; x_wconf 84' lang='lat' dir='ltr'>Ciliciam</span> <span class='ocrx_word' id='word_1_141' title='bbox 1002 969 1146 1009; x_wconf 85' lang='lat' dir='ltr'>facere</span> <span class='ocrx_word' id='word_1_142' title='bbox 1196 968 1384 1008; x_wconf 87' lang='lat' dir='ltr'>institui:</span> <span class='ocrx_word' id='word_1_143' title='bbox 1421 979 1550 1018; x_wconf 92' lang='lat' dir='ltr'>quum</span> <span class='ocrx_word' id='word_1_144' title='bbox 1590 967 1674 1007; x_wconf 80' lang='lat' dir='ltr'>hac</span> 
     </span>
     <span class='ocr_line' id='line_1_18' title="bbox 228 1025 1675 1078; baseline -0.001 -13"><span class='ocrx_word' id='word_1_145' title='bbox 228 1026 429 1077; x_wconf 88' lang='lat' dir='ltr'>opinione</span> <span class='ocrx_word' id='word_1_146' title='bbox 458 1038 480 1065; x_wconf 90' lang='lat' dir='ltr'>e</span> <span class='ocrx_word' id='word_1_147' title='bbox 511 1025 776 1078; x_wconf 80' lang='lat' dir='ltr'>Cappadocia</span> <span class='ocrx_word' id='word_1_148' title='bbox 805 1025 1076 1073; x_wconf 86' lang='lat' dir='ltr'>discederem,</span> <span class='ocrx_word' id='word_1_149' title='bbox 1107 1026 1154 1065; x_wconf 89' lang='lat' dir='ltr'>ut</span> <span class='ocrx_word' id='word_1_150' title='bbox 1182 1025 1360 1064; x_wconf 91' lang='lat' dir='ltr'>consilio</span> <span class='ocrx_word' id='word_1_151' title='bbox 1389 1026 1542 1075; x_wconf 83' lang='lat' dir='ltr'>vestro,</span> <span class='ocrx_word' id='word_1_152' title='bbox 1573 1036 1675 1063; x_wconf 89' lang='lat' dir='ltr'>casu</span> 
     </span>
     <span class='ocr_line' id='line_1_19' title="bbox 229 1079 1676 1135; baseline -0.003 -12"><span class='ocrx_word' id='word_1_153' title='bbox 229 1083 472 1123; x_wconf 87' lang='lat' dir='ltr'>incredibili</span> <span class='ocrx_word' id='word_1_154' title='bbox 511 1095 560 1122; x_wconf 88' lang='lat' dir='ltr'>ac</span> <span class='ocrx_word' id='word_1_155' title='bbox 598 1094 730 1135; x_wconf 83' lang='lat' dir='ltr'>paene</span> <span class='ocrx_word' id='word_1_156' title='bbox 760 1083 903 1122; x_wconf 83' lang='lat' dir='ltr'>divino</span> <span class='ocrx_word' id='word_1_157' title='bbox 934 1094 1094 1134; x_wconf 82' lang='lat' dir='ltr'>regem,</span> <span class='ocrx_word' id='word_1_158' title='bbox 1135 1094 1259 1133; x_wconf 91' lang='lat' dir='ltr'>quem</span> <span class='ocrx_word' id='word_1_159' title='bbox 1286 1094 1358 1122; x_wconf 88' lang='lat' dir='ltr'>vos</span> <span class='ocrx_word' id='word_1_160' title='bbox 1397 1079 1676 1121; x_wconf 88' lang='lat' dir='ltr'>honorificen-</span> 
     </span>
     <span class='ocr_line' id='line_1_20' title="bbox 229 1136 1676 1192; baseline -0.003 -12"><span class='ocrx_word' id='word_1_161' title='bbox 229 1140 391 1180; x_wconf 82' lang='lat' dir='ltr'>tissime</span> <span class='ocrx_word' id='word_1_162' title='bbox 420 1140 724 1192; x_wconf 82' lang='lat' dir='ltr'>appellassetis,</span> <span class='ocrx_word' id='word_1_163' title='bbox 753 1140 870 1178; x_wconf 88' lang='lat' dir='ltr'>nullo</span> <span class='ocrx_word' id='word_1_164' title='bbox 901 1140 1165 1190; x_wconf 85' lang='lat' dir='ltr'>postulante,</span> <span class='ocrx_word' id='word_1_165' title='bbox 1194 1150 1400 1189; x_wconf 89' lang='lat' dir='ltr'>quemque</span> <span class='ocrx_word' id='word_1_166' title='bbox 1430 1149 1548 1177; x_wconf 90' lang='lat' dir='ltr'>meae</span> <span class='ocrx_word' id='word_1_167' title='bbox 1577 1136 1676 1177; x_wconf 89' lang='lat' dir='ltr'>fidei</span> 
     </span>
     <span class='ocr_line' id='line_1_21' title="bbox 231 1195 1677 1246; baseline -0.002 -11"><span class='ocrx_word' id='word_1_168' title='bbox 231 1196 598 1236; x_wconf 84' lang='lat' dir='ltr'>commendassetis</span> <span class='ocrx_word' id='word_1_169' title='bbox 634 1197 676 1235; x_wconf 89' lang='lat' dir='ltr'>et</span> <span class='ocrx_word' id='word_1_170' title='bbox 714 1196 835 1236; x_wconf 89' lang='lat' dir='ltr'>cuius</span> <span class='ocrx_word' id='word_1_171' title='bbox 872 1196 1048 1235; x_wconf 87' lang='lat' dir='ltr'>salutem</span> <span class='ocrx_word' id='word_1_172' title='bbox 1076 1207 1251 1246; x_wconf 81' lang='lat' dir='ltr'>magnae</span> <span class='ocrx_word' id='word_1_173' title='bbox 1279 1195 1398 1235; x_wconf 76' lang='lat' dir='ltr'>vobis</span> <span class='ocrx_word' id='word_1_174' title='bbox 1428 1207 1555 1234; x_wconf 89' lang='lat' dir='ltr'>curae</span> <span class='ocrx_word' id='word_1_175' title='bbox 1586 1205 1677 1233; x_wconf 88' lang='lat' dir='ltr'>esse</span> 
     </span>
     <span class='ocr_line' id='line_1_22' title="bbox 231 1249 1678 1303; baseline -0.001 -10"><span class='ocrx_word' id='word_1_176' title='bbox 231 1252 503 1298; x_wconf 88' lang='lat' dir='ltr'>decressetis,</span> <span class='ocrx_word' id='word_1_177' title='bbox 545 1265 661 1292; x_wconf 88' lang='lat' dir='ltr'>meus</span> <span class='ocrx_word' id='word_1_178' title='bbox 692 1252 895 1293; x_wconf 80' lang='lat' dir='ltr'>adventus</span> <span class='ocrx_word' id='word_1_179' title='bbox 934 1252 1226 1303; x_wconf 85' lang='lat' dir='ltr'>praesentibus</span> <span class='ocrx_word' id='word_1_180' title='bbox 1263 1251 1431 1290; x_wconf 88' lang='lat' dir='ltr'>insidiis</span> <span class='ocrx_word' id='word_1_181' title='bbox 1467 1249 1678 1292; x_wconf 83' lang='lat' dir='ltr'>liberarit.</span> 
     </span>
     <span class='ocr_line' id='line_1_23' title="bbox 234 1308 1680 1360; baseline -0.002 -11"><span class='ocrx_word' id='word_1_182' title='bbox 234 1308 354 1358; x_wconf 80' lang='lat' dir='ltr'>Quod</span> <span class='ocrx_word' id='word_1_183' title='bbox 383 1308 436 1350; x_wconf 87' lang='lat' dir='ltr'>ad</span> <span class='ocrx_word' id='word_1_184' title='bbox 463 1321 537 1350; x_wconf 88' lang='lat' dir='ltr'>vos</span> <span class='ocrx_word' id='word_1_185' title='bbox 568 1322 594 1350; x_wconf 87' lang='lat' dir='ltr'>a</span> <span class='ocrx_word' id='word_1_186' title='bbox 622 1320 688 1349; x_wconf 92' lang='lat' dir='ltr'>me</span> <span class='ocrx_word' id='word_1_187' title='bbox 718 1309 849 1349; x_wconf 85' lang='lat' dir='ltr'>scribi</span> <span class='ocrx_word' id='word_1_188' title='bbox 876 1319 961 1348; x_wconf 89' lang='lat' dir='ltr'>non</span> <span class='ocrx_word' id='word_1_189' title='bbox 992 1308 1176 1350; x_wconf 87' lang='lat' dir='ltr'>alienum</span> <span class='ocrx_word' id='word_1_190' title='bbox 1202 1308 1364 1359; x_wconf 82' lang='lat' dir='ltr'>putavi,</span> <span class='ocrx_word' id='word_1_191' title='bbox 1394 1314 1441 1349; x_wconf 81' lang='lat' dir='ltr'>ut</span> <span class='ocrx_word' id='word_1_192' title='bbox 1470 1308 1680 1360; x_wconf 82' lang='lat' dir='ltr'>intellige-</span> 
     </span>
    </p>
   </div>
   <div class='ocr_carea' id='block_1_3' title="bbox 231 1418 1690 2657">
    <p class='ocr_par' dir='ltr' id='par_1_3' title="bbox 231 1418 1685 1967">
     <span class='ocr_line' id='line_1_24' title="bbox 231 1418 1681 1463; baseline 0 -11"><span class='ocrx_word' id='word_1_193' title='bbox 231 1418 307 1453; x_wconf 87' lang='lat' dir='ltr'>iam</span> <span class='ocrx_word' id='word_1_194' title='bbox 331 1425 455 1453; x_wconf 83' lang='lat' dir='ltr'>essent</span> <span class='ocrx_word' id='word_1_195' title='bbox 479 1419 650 1453; x_wconf 83' lang='lat' dir='ltr'>insidiae.</span> <span class='ocrx_word' id='word_1_196' title='bbox 668 1438 713 1445; x_wconf 91' lang='lat'><em>-</em></span> <span class='ocrx_word' id='word_1_197' title='bbox 736 1423 813 1454; x_wconf 85' lang='lat' dir='ltr'>ut...</span> <span class='ocrx_word' id='word_1_198' title='bbox 839 1419 1005 1459; x_wconf 78' lang='lat' dir='ltr'>disceret,</span> <span class='ocrx_word' id='word_1_199' title='bbox 1031 1419 1114 1453; x_wconf 88' lang='lat' dir='ltr'>dass</span> <span class='ocrx_word' id='word_1_200' title='bbox 1139 1430 1180 1452; x_wconf 87' lang='lat' dir='ltr'>er</span> <span class='ocrx_word' id='word_1_201' title='bbox 1197 1418 1260 1452; x_wconf 91' lang='lat' dir='ltr'>bei</span> <span class='ocrx_word' id='word_1_202' title='bbox 1276 1418 1399 1452; x_wconf 84' lang='lat' dir='ltr'>dieser</span> <span class='ocrx_word' id='word_1_203' title='bbox 1419 1418 1681 1463; x_wconf 83' lang='lat' dir='ltr'>Gelegenheit,</span> 
     </span>
     <span class='ocr_line' id='line_1_25' title="bbox 234 1464 1681 1510; baseline -0.001 -10"><span class='ocrx_word' id='word_1_204' title='bbox 234 1475 295 1500; x_wconf 86' lang='lat' dir='ltr'>wo</span> <span class='ocrx_word' id='word_1_205' title='bbox 321 1476 362 1500; x_wconf 86' lang='lat' dir='ltr'>er</span> <span class='ocrx_word' id='word_1_206' title='bbox 387 1466 453 1498; x_wconf 90' lang='lat' dir='ltr'>auf</span> <span class='ocrx_word' id='word_1_207' title='bbox 471 1466 680 1510; x_wconf 82' lang='lat' dir='ltr'>Erhaltung</span> <span class='ocrx_word' id='word_1_208' title='bbox 704 1465 825 1499; x_wconf 86' lang='lat' dir='ltr'>seines</span> <span class='ocrx_word' id='word_1_209' title='bbox 850 1466 999 1499; x_wconf 88' lang='lat' dir='ltr'>Lebens</span> <span class='ocrx_word' id='word_1_210' title='bbox 1024 1465 1190 1498; x_wconf 83' lang='lat' dir='ltr'>Bedacht</span> <span class='ocrx_word' id='word_1_211' title='bbox 1217 1464 1296 1498; x_wconf 88' lang='lat' dir='ltr'>sein</span> <span class='ocrx_word' id='word_1_212' title='bbox 1319 1467 1477 1509; x_wconf 81' lang='lat' dir='ltr'>miisste,</span> <span class='ocrx_word' id='word_1_213' title='bbox 1510 1475 1554 1497; x_wconf 88' lang='lat' dir='ltr'>zu</span> <span class='ocrx_word' id='word_1_214' title='bbox 1581 1465 1681 1509; x_wconf 82' lang='lat' dir='ltr'>regi-</span> 
     </span>
     <span class='ocr_line' id='line_1_26' title="bbox 233 1510 1682 1555; baseline 0 -10"><span class='ocrx_word' id='word_1_215' title='bbox 233 1521 302 1547; x_wconf 79' lang='lat' dir='ltr'>ren</span> <span class='ocrx_word' id='word_1_216' title='bbox 334 1512 463 1545; x_wconf 87' lang='lat' dir='ltr'>lernen</span> <span class='ocrx_word' id='word_1_217' title='bbox 493 1512 656 1554; x_wconf 74' lang='lat' dir='ltr'>mochte,</span> <span class='ocrx_word' id='word_1_218' title='bbox 692 1511 876 1555; x_wconf 82' lang='lat' dir='ltr'>inciperet</span> <span class='ocrx_word' id='word_1_219' title='bbox 910 1517 1013 1545; x_wconf 85' lang='lat' dir='ltr'>recte</span> <span class='ocrx_word' id='word_1_220' title='bbox 1046 1511 1099 1544; x_wconf 90' lang='lat' dir='ltr'>uti</span> <span class='ocrx_word' id='word_1_221' title='bbox 1131 1516 1315 1555; x_wconf 82' lang='lat' dir='ltr'>potestate</span> <span class='ocrx_word' id='word_1_222' title='bbox 1346 1511 1459 1554; x_wconf 78' lang='lat' dir='ltr'>regia.</span> <span class='ocrx_word' id='word_1_223' title='bbox 1494 1510 1610 1545; x_wconf 85' lang='lat' dir='ltr'><strong><em>ERN.</em></strong></span> <span class='ocrx_word' id='word_1_224' title='bbox 1638 1529 1682 1536; x_wconf 89' lang='lat'>—-</span> 
     </span>
     <span class='ocr_line' id='line_1_27' title="bbox 234 1557 1681 1600; baseline 0.001 -10"><span class='ocrx_word' id='word_1_225' title='bbox 234 1557 316 1590; x_wconf 67' lang='lat' dir='ltr'>iure</span> <span class='ocrx_word' id='word_1_226' title='bbox 339 1558 460 1600; x_wconf 77' lang='lat' dir='ltr'>regio,</span> <span class='ocrx_word' id='word_1_227' title='bbox 487 1557 550 1591; x_wconf 89' lang='lat' dir='ltr'>das</span> <span class='ocrx_word' id='word_1_228' title='bbox 566 1557 830 1600; x_wconf 74' lang='lat' dir='ltr'>Konigsrecht.</span> <span class='ocrx_word' id='word_1_229' title='bbox 857 1576 899 1581; x_wconf 98' lang='lat'><strong>—</strong></span> <span class='ocrx_word' id='word_1_230' title='bbox 923 1561 1018 1590; x_wconf 74' lang='lat' dir='ltr'>meta</span> <span class='ocrx_word' id='word_1_231' title='bbox 1034 1557 1111 1596; x_wconf 61' lang='lat' dir='ltr'>lib„</span> <span class='ocrx_word' id='word_1_232' title='bbox 1139 1557 1206 1590; x_wconf 91' lang='lat' dir='ltr'>der</span> <span class='ocrx_word' id='word_1_233' title='bbox 1230 1557 1369 1590; x_wconf 85' lang='lat' dir='ltr'>Furcht</span> <span class='ocrx_word' id='word_1_234' title='bbox 1394 1567 1439 1590; x_wconf 90' lang='lat' dir='ltr'>zu</span> <span class='ocrx_word' id='word_1_235' title='bbox 1466 1557 1681 1592; x_wconf 84' lang='lat' dir='ltr'>entbinden.</span> 
     </span>
     <span class='ocr_line' id='line_1_28' title="bbox 236 1602 1682 1647; baseline -0.001 -10"><span class='ocrx_word' id='word_1_236' title='bbox 236 1603 346 1637; x_wconf 91' lang='lat' dir='ltr'>Denn</span> <span class='ocrx_word' id='word_1_237' title='bbox 370 1603 508 1637; x_wconf 88' lang='lat' dir='ltr'>Furcht</span> <span class='ocrx_word' id='word_1_238' title='bbox 534 1604 661 1636; x_wconf 87' lang='lat' dir='ltr'>mache</span> <span class='ocrx_word' id='word_1_239' title='bbox 686 1602 746 1636; x_wconf 86' lang='lat' dir='ltr'>die</span> <span class='ocrx_word' id='word_1_240' title='bbox 770 1603 910 1637; x_wconf 86' lang='lat' dir='ltr'>Feinde</span> <span class='ocrx_word' id='word_1_241' title='bbox 935 1603 1195 1646; x_wconf 68' lang='lat' dir='ltr'>gesiihrlicher.</span> <span class='ocrx_word' id='word_1_242' title='bbox 1221 1621 1266 1626; x_wconf 95' lang='grc'>--</span> <span class='ocrx_word' id='word_1_243' title='bbox 1291 1603 1338 1636; x_wconf 79' lang='lat' dir='ltr'>ad</span> <span class='ocrx_word' id='word_1_244' title='bbox 1361 1603 1526 1636; x_wconf 81' lang='lat' dir='ltr'>timorem</span> <span class='ocrx_word' id='word_1_245' title='bbox 1546 1604 1682 1647; x_wconf 80' lang='lat' dir='ltr'>pocius,</span> 
     </span>
     <span class='ocr_line' id='line_1_29' title="bbox 235 1648 1683 1692; baseline -0.001 -9"><span class='ocrx_word' id='word_1_246' title='bbox 235 1649 298 1683; x_wconf 86' lang='lat' dir='ltr'>die</span> <span class='ocrx_word' id='word_1_247' title='bbox 323 1649 552 1692; x_wconf 81' lang='lat' dir='ltr'>Schuldigen</span> <span class='ocrx_word' id='word_1_248' title='bbox 567 1649 746 1683; x_wconf 85' lang='lat' dir='ltr'>vielmehr</span> <span class='ocrx_word' id='word_1_249' title='bbox 771 1649 808 1681; x_wconf 89' lang='lat' dir='ltr'>in</span> <span class='ocrx_word' id='word_1_250' title='bbox 826 1648 1040 1683; x_wconf 84' lang='lat' dir='ltr'>Schrccken</span> <span class='ocrx_word' id='word_1_251' title='bbox 1065 1659 1110 1682; x_wconf 92' lang='lat' dir='ltr'>zu</span> <span class='ocrx_word' id='word_1_252' title='bbox 1136 1655 1274 1691; x_wconf 86' lang='lat' dir='ltr'>setzen,</span> <span class='ocrx_word' id='word_1_253' title='bbox 1301 1649 1354 1681; x_wconf 87' lang='lat' dir='ltr'>als</span> <span class='ocrx_word' id='word_1_254' title='bbox 1379 1649 1456 1682; x_wconf 86' lang='lat' dir='ltr'>sich</span> <span class='ocrx_word' id='word_1_255' title='bbox 1481 1649 1547 1682; x_wconf 87' lang='lat' dir='ltr'>mit</span> <span class='ocrx_word' id='word_1_256' title='bbox 1571 1650 1683 1683; x_wconf 89' lang='lat' dir='ltr'>ihnen</span> 
     </span>
     <span class='ocr_line' id='line_1_30' title="bbox 234 1694 1684 1738; baseline 0 -10"><span class='ocrx_word' id='word_1_257' title='bbox 234 1694 608 1738; x_wconf 79' lang='lat' dir='ltr'>herumzuschlagen‚</span> <span class='ocrx_word' id='word_1_258' title='bbox 641 1695 686 1729; x_wconf 85' lang='lat' dir='ltr'>ad</span> <span class='ocrx_word' id='word_1_259' title='bbox 710 1695 848 1728; x_wconf 88' lang='lat' dir='ltr'>bellum</span> <span class='ocrx_word' id='word_1_260' title='bbox 873 1706 952 1728; x_wconf 90' lang='lat' dir='ltr'>cum</span> <span class='ocrx_word' id='word_1_261' title='bbox 977 1694 1165 1728; x_wconf 82' lang='lat' dir='ltr'>seditiosis</span> <span class='ocrx_word' id='word_1_262' title='bbox 1190 1694 1403 1738; x_wconf 76' lang='lat' dir='ltr'>gerendum.</span> <span class='ocrx_word' id='word_1_263' title='bbox 1453 1695 1579 1728; x_wconf 88' lang='lat' dir='ltr'>Ueber</span> <span class='ocrx_word' id='word_1_264' title='bbox 1603 1697 1684 1738; x_wconf 78' lang='lat' dir='ltr'>fore</span> 
     </span>
     <span class='ocr_line' id='line_1_31' title="bbox 235 1740 1685 1786; baseline 0 -12"><span class='ocrx_word' id='word_1_265' title='bbox 235 1745 276 1774; x_wconf 83' lang='lat' dir='ltr'>ul</span> <span class='ocrx_word' id='word_1_266' title='bbox 301 1751 328 1775; x_wconf 87' lang='grc'>5.</span> <span class='ocrx_word' id='word_1_267' title='bbox 356 1742 504 1775; x_wconf 88' lang='lat' dir='ltr'>Ramsh.</span> <span class='ocrx_word' id='word_1_268' title='bbox 532 1743 558 1785; x_wconf 62' lang='grc' dir='ltr'>ξ.</span> <span class='ocrx_word' id='word_1_269' title='bbox 588 1742 666 1784; x_wconf 73' lang='grc'><strong>168,</strong></span> <span class='ocrx_word' id='word_1_270' title='bbox 691 1740 735 1783; x_wconf 85' lang='grc' dir='ltr'>Β,</span> <span class='ocrx_word' id='word_1_271' title='bbox 761 1742 796 1782; x_wconf 81' lang='lat'>4,</span> <span class='ocrx_word' id='word_1_272' title='bbox 821 1741 907 1775; x_wconf 89' lang='lat' dir='ltr'>Not.</span> <span class='ocrx_word' id='word_1_273' title='bbox 936 1742 966 1774; x_wconf 94' lang='lat' dir='ltr'>l.</span> <span class='ocrx_word' id='word_1_274' title='bbox 995 1741 1139 1774; x_wconf 84' lang='lat' dir='ltr'>Grotef.</span> <span class='ocrx_word' id='word_1_275' title='bbox 1168 1741 1195 1783; x_wconf 83' lang='lat'>§.</span> <span class='ocrx_word' id='word_1_276' title='bbox 1223 1742 1303 1775; x_wconf 86' lang='grc'><strong>310.</strong></span> <span class='ocrx_word' id='word_1_277' title='bbox 1329 1741 1434 1775; x_wconf 83' lang='grc' dir='ltr'><strong>Α11111.</strong></span> <span class='ocrx_word' id='word_1_278' title='bbox 1461 1745 1494 1777; x_wconf 81' lang='grc'>6.</span> <span class='ocrx_word' id='word_1_279' title='bbox 1527 1759 1572 1765; x_wconf 92' lang='grc'><strong>-</strong></span> <span class='ocrx_word' id='word_1_280' title='bbox 1596 1752 1685 1786; x_wconf 83' lang='lat' dir='ltr'>quo-</span> 
     </span>
     <span class='ocr_line' id='line_1_32' title="bbox 234 1787 1685 1831; baseline 0.001 -11"><span class='ocrx_word' id='word_1_281' title='bbox 234 1787 348 1820; x_wconf 77' lang='lat' dir='ltr'>niam.</span> <span class='ocrx_word' id='word_1_282' title='bbox 374 1787 462 1830; x_wconf 84' lang='lat' dir='ltr'>Vgl.</span> <span class='ocrx_word' id='word_1_283' title='bbox 489 1797 535 1820; x_wconf 86' lang='lat' dir='ltr'>zu</span> <span class='ocrx_word' id='word_1_284' title='bbox 560 1787 588 1829; x_wconf 84' lang='lat'>§.</span> <span class='ocrx_word' id='word_1_285' title='bbox 614 1788 646 1821; x_wconf 80' lang='lat'>4.</span> <span class='ocrx_word' id='word_1_286' title='bbox 673 1797 728 1819; x_wconf 89' lang='lat' dir='ltr'>am</span> <span class='ocrx_word' id='word_1_287' title='bbox 753 1787 869 1820; x_wconf 83' lang='lat' dir='ltr'>Ende.</span> <span class='ocrx_word' id='word_1_288' title='bbox 894 1798 941 1820; x_wconf 75' lang='grc' dir='ltr'>ε.-</span> <span class='ocrx_word' id='word_1_289' title='bbox 966 1791 1002 1819; x_wconf 82' lang='lat' dir='ltr'>ut</span> <span class='ocrx_word' id='word_1_290' title='bbox 1024 1791 1106 1831; x_wconf 84' lang='lat' dir='ltr'>pote</span> <span class='ocrx_word' id='word_1_291' title='bbox 1130 1788 1192 1830; x_wconf 79' lang='lat' dir='ltr'>qui</span> <span class='ocrx_word' id='word_1_292' title='bbox 1215 1797 1340 1820; x_wconf 89' lang='lat' dir='ltr'>omnes</span> <span class='ocrx_word' id='word_1_293' title='bbox 1365 1794 1511 1820; x_wconf 86' lang='lat' dir='ltr'>senatus</span> <span class='ocrx_word' id='word_1_294' title='bbox 1536 1788 1685 1821; x_wconf 87' lang='lat' dir='ltr'>consul-</span> 
     </span>
     <span class='ocr_line' id='line_1_33' title="bbox 237 1833 1684 1877; baseline 0.001 -11"><span class='ocrx_word' id='word_1_295' title='bbox 237 1838 314 1867; x_wconf 88' lang='lat' dir='ltr'>tum</span> <span class='ocrx_word' id='word_1_296' title='bbox 347 1839 507 1867; x_wconf 82' lang='lat' dir='ltr'>nossent.</span> <span class='ocrx_word' id='word_1_297' title='bbox 541 1851 585 1857; x_wconf 91' lang='lat'><strong>—</strong></span> <span class='ocrx_word' id='word_1_298' title='bbox 626 1843 682 1865; x_wconf 83' lang='lat' dir='ltr'>me</span> <span class='ocrx_word' id='word_1_299' title='bbox 712 1833 797 1874; x_wconf 66' lang='lat' dir='ltr'>oegz·</span> <span class='ocrx_word' id='word_1_300' title='bbox 825 1833 1014 1876; x_wconf 66' lang='lat' dir='ltr'>pmesidic»</span> <span class='ocrx_word' id='word_1_301' title='bbox 1045 1843 1118 1865; x_wconf 87' lang='lat' dir='ltr'>esse</span> <span class='ocrx_word' id='word_1_302' title='bbox 1151 1834 1333 1875; x_wconf 77' lang='lat' dir='ltr'>futurum,</span> <span class='ocrx_word' id='word_1_303' title='bbox 1366 1833 1484 1877; x_wconf 85' lang='lat' dir='ltr'>„dass</span> <span class='ocrx_word' id='word_1_304' title='bbox 1519 1833 1580 1867; x_wconf 89' lang='lat' dir='ltr'>ich</span> <span class='ocrx_word' id='word_1_305' title='bbox 1612 1834 1684 1867; x_wconf 88' lang='lat' dir='ltr'>den</span> 
     </span>
     <span class='ocr_line' id='line_1_34' title="bbox 237 1878 1684 1925; baseline -0.001 -12"><span class='ocrx_word' id='word_1_306' title='bbox 237 1878 365 1921; x_wconf 74' lang='lat' dir='ltr'>Konig</span> <span class='ocrx_word' id='word_1_307' title='bbox 402 1878 730 1912; x_wconf 81' lang='lat' dir='ltr'>nachdiiicklichst</span> <span class='ocrx_word' id='word_1_308' title='bbox 768 1879 945 1912; x_wconf 79' lang='lat' dir='ltr'>schutzeu</span> <span class='ocrx_word' id='word_1_309' title='bbox 984 1879 1126 1913; x_wconf 70' lang='lat' dir='ltr'>winde.</span> <span class='ocrx_word' id='word_1_310' title='bbox 1136 1880 1158 1898; x_wconf 88' lang='lat'><strong>“</strong></span> <span class='ocrx_word' id='word_1_311' title='bbox 1220 1879 1345 1912; x_wconf 88' lang='lat' dir='ltr'>Ueber</span> <span class='ocrx_word' id='word_1_312' title='bbox 1376 1879 1447 1913; x_wconf 91' lang='lat' dir='ltr'>den</span> <span class='ocrx_word' id='word_1_313' title='bbox 1478 1879 1684 1925; x_wconf 88' lang='lat' dir='ltr'>doppelten</span> 
     </span>
     <span class='ocr_line' id='line_1_35' title="bbox 238 1924 1341 1967; baseline 0 -8"><span class='ocrx_word' id='word_1_314' title='bbox 238 1924 365 1959; x_wconf 83' lang='lat' dir='ltr'>Dativ.</span> <span class='ocrx_word' id='word_1_315' title='bbox 393 1924 455 1958; x_wconf 86' lang='lat' dir='ltr'>bei</span> <span class='ocrx_word' id='word_1_316' title='bbox 481 1935 561 1957; x_wconf 87' lang='lat' dir='ltr'>esse</span> <span class='ocrx_word' id='word_1_317' title='bbox 586 1935 616 1958; x_wconf 90' lang='grc'>5</span> <span class='ocrx_word' id='word_1_318' title='bbox 642 1924 752 1957; x_wconf 77' lang='lat' dir='ltr'>Rams</span> <span class='ocrx_word' id='word_1_319' title='bbox 756 1925 789 1958; x_wconf 85' lang='lat' dir='ltr'>h.</span> <span class='ocrx_word' id='word_1_320' title='bbox 816 1926 845 1967; x_wconf 61' lang='grc' dir='ltr'>ἕ.</span> <span class='ocrx_word' id='word_1_321' title='bbox 871 1925 1236 1967; x_wconf 78' lang='lat' dir='ltr'>12o,1.G1otes.§.</span> <span class='ocrx_word' id='word_1_322' title='bbox 1263 1925 1341 1959; x_wconf 82' lang='grc'><strong>253.</strong></span> 
     </span>
    </p>

    <p class='ocr_par' dir='ltr' id='par_1_4' title="bbox 240 1969 1690 2657">
     <span class='ocr_line' id='line_1_36' title="bbox 331 1969 1686 2014; baseline 0 -10"><span class='ocrx_word' id='word_1_323' title='bbox 331 1971 362 2004; x_wconf 85' lang='grc'>8.</span> <span class='ocrx_word' id='word_1_324' title='bbox 411 1972 621 2013; x_wconf 79' lang='lat' dir='ltr'>confirmato</span> <span class='ocrx_word' id='word_1_325' title='bbox 646 1970 725 2012; x_wconf 66' lang='grc' dir='ltr'><strong><em>τῖίο,</em></strong></span> <span class='ocrx_word' id='word_1_326' title='bbox 751 1982 853 2014; x_wconf 81' lang='lat' dir='ltr'>rege,</span> <span class='ocrx_word' id='word_1_327' title='bbox 878 1971 1053 2005; x_wconf 80' lang='lat' dir='ltr'>nachdem</span> <span class='ocrx_word' id='word_1_328' title='bbox 1079 1971 1139 2004; x_wconf 90' lang='lat' dir='ltr'>ich</span> <span class='ocrx_word' id='word_1_329' title='bbox 1165 1970 1227 2004; x_wconf 87' lang='lat' dir='ltr'>ihu</span> <span class='ocrx_word' id='word_1_330' title='bbox 1253 1972 1317 2004; x_wconf 86' lang='lat' dir='ltr'>auf</span> <span class='ocrx_word' id='word_1_331' title='bbox 1337 1970 1440 2004; x_wconf 87' lang='lat' dir='ltr'>diese</span> <span class='ocrx_word' id='word_1_332' title='bbox 1464 1969 1595 2006; x_wconf 87' lang='lat' dir='ltr'>Weise</span> <span class='ocrx_word' id='word_1_333' title='bbox 1619 1970 1686 2004; x_wconf 90' lang='lat' dir='ltr'>be-</span> 
     </span>
     <span class='ocr_line' id='line_1_37' title="bbox 240 2014 1686 2061; baseline 0.001 -12"><span class='ocrx_word' id='word_1_334' title='bbox 240 2014 368 2059; x_wconf 80' lang='lat' dir='ltr'>ruhigt</span> <span class='ocrx_word' id='word_1_335' title='bbox 393 2017 467 2050; x_wconf 89' lang='lat' dir='ltr'>und</span> <span class='ocrx_word' id='word_1_336' title='bbox 492 2016 659 2059; x_wconf 71' lang='lat' dir='ltr'>gestarkt</span> <span class='ocrx_word' id='word_1_337' title='bbox 684 2016 798 2050; x_wconf 78' lang='lat' dir='ltr'>hatte.</span> <span class='ocrx_word' id='word_1_338' title='bbox 826 2036 867 2040; x_wconf 96' lang='lat'><strong>—</strong></span> <span class='ocrx_word' id='word_1_339' title='bbox 893 2017 962 2050; x_wconf 74' lang='lat' dir='ltr'>hac</span> <span class='ocrx_word' id='word_1_340' title='bbox 986 2017 1167 2061; x_wconf 80' lang='lat' dir='ltr'>opinione,</span> <span class='ocrx_word' id='word_1_341' title='bbox 1192 2021 1243 2057; x_wconf 78' lang='lat' dir='ltr'>ut,</span> <span class='ocrx_word' id='word_1_342' title='bbox 1281 2016 1379 2060; x_wconf 85' lang='lat' dir='ltr'>„mit</span> <span class='ocrx_word' id='word_1_343' title='bbox 1404 2017 1485 2049; x_wconf 85' lang='lat' dir='ltr'>dem</span> <span class='ocrx_word' id='word_1_344' title='bbox 1512 2016 1686 2051; x_wconf 60' lang='lat' dir='ltr'>ersi-euli-</span> 
     </span>
     <span class='ocr_line' id='line_1_38' title="bbox 242 2062 1684 2104; baseline 0 -9"><span class='ocrx_word' id='word_1_345' title='bbox 242 2063 335 2096; x_wconf 90' lang='lat' dir='ltr'>chen</span> <span class='ocrx_word' id='word_1_346' title='bbox 364 2062 580 2104; x_wconf 86' lang='lat' dir='ltr'>Gedanken‚</span> <span class='ocrx_word' id='word_1_347' title='bbox 607 2062 728 2096; x_wconf 84' lang='lat' dir='ltr'>dass.“</span> <span class='ocrx_word' id='word_1_348' title='bbox 760 2063 811 2096; x_wconf 84' lang='lat' dir='ltr'>Es</span> <span class='ocrx_word' id='word_1_349' title='bbox 836 2062 885 2096; x_wconf 80' lang='lat' dir='ltr'>ist</span> <span class='ocrx_word' id='word_1_350' title='bbox 903 2063 967 2096; x_wconf 88' lang='lat' dir='ltr'>das</span> <span class='ocrx_word' id='word_1_351' title='bbox 985 2063 1220 2098; x_wconf 70' lang='lat' dir='ltr'>erlauternde</span> <span class='ocrx_word' id='word_1_352' title='bbox 1236 2067 1284 2097; x_wconf 80' lang='lat' dir='ltr'>ul.</span> <span class='ocrx_word' id='word_1_353' title='bbox 1312 2081 1355 2087; x_wconf 92' lang='lat'>—-</span> <span class='ocrx_word' id='word_1_354' title='bbox 1381 2063 1533 2096; x_wconf 81' lang='lat' dir='ltr'>consilio</span> <span class='ocrx_word' id='word_1_355' title='bbox 1552 2066 1684 2101; x_wconf 84' lang='lat' dir='ltr'>vestro,</span> 
     </span>
     <span class='ocr_line' id='line_1_39' title="bbox 240 2107 1688 2152; baseline 0 -11"><span class='ocrx_word' id='word_1_356' title='bbox 240 2109 306 2152; x_wconf 84' lang='lat' dir='ltr'>„in</span> <span class='ocrx_word' id='word_1_357' title='bbox 331 2108 578 2151; x_wconf 81' lang='lat' dir='ltr'>Verbindung</span> <span class='ocrx_word' id='word_1_358' title='bbox 603 2108 668 2142; x_wconf 89' lang='lat' dir='ltr'>mit</span> <span class='ocrx_word' id='word_1_359' title='bbox 693 2107 815 2142; x_wconf 85' lang='lat' dir='ltr'>Eurer</span> <span class='ocrx_word' id='word_1_360' title='bbox 838 2109 1019 2144; x_wconf 83' lang='lat' dir='ltr'>Vorsicht</span> <span class='ocrx_word' id='word_1_361' title='bbox 1043 2128 1087 2133; x_wconf 90' lang='lat'><em>-</em></span> <span class='ocrx_word' id='word_1_362' title='bbox 1112 2108 1172 2142; x_wconf 89' lang='lat' dir='ltr'>ein</span> <span class='ocrx_word' id='word_1_363' title='bbox 1198 2108 1331 2151; x_wconf 80' lang='lat' dir='ltr'>Zufall,</span> <span class='ocrx_word' id='word_1_364' title='bbox 1356 2108 1423 2142; x_wconf 89' lang='lat' dir='ltr'>der</span> <span class='ocrx_word' id='word_1_365' title='bbox 1447 2108 1688 2152; x_wconf 80' lang='lat' dir='ltr'>unglaublich</span> 
     </span>
     <span class='ocr_line' id='line_1_40' title="bbox 244 2154 1687 2198; baseline 0 -11"><span class='ocrx_word' id='word_1_366' title='bbox 244 2154 318 2187; x_wconf 91' lang='lat' dir='ltr'>und</span> <span class='ocrx_word' id='word_1_367' title='bbox 344 2154 501 2187; x_wconf 86' lang='lat' dir='ltr'>beinahe</span> <span class='ocrx_word' id='word_1_368' title='bbox 527 2155 602 2187; x_wconf 83' lang='lat' dir='ltr'>wie</span> <span class='ocrx_word' id='word_1_369' title='bbox 634 2154 719 2188; x_wconf 86' lang='lat' dir='ltr'>eine</span> <span class='ocrx_word' id='word_1_370' title='bbox 744 2155 924 2198; x_wconf 75' lang='lat' dir='ltr'>gottliche</span> <span class='ocrx_word' id='word_1_371' title='bbox 945 2155 1160 2197; x_wconf 82' lang='lat' dir='ltr'>Schickung</span> <span class='ocrx_word' id='word_1_372' title='bbox 1185 2155 1407 2188; x_wconf 68' lang='lat' dir='ltr'>erscheintf‘</span> <span class='ocrx_word' id='word_1_373' title='bbox 1442 2155 1595 2188; x_wconf 77' lang='lat' dir='ltr'>consilio</span> <span class='ocrx_word' id='word_1_374' title='bbox 1620 2155 1687 2187; x_wconf 89' lang='lat' dir='ltr'>be-</span> 
     </span>
     <span class='ocr_line' id='line_1_41' title="bbox 244 2200 1687 2244; baseline -0.001 -10"><span class='ocrx_word' id='word_1_375' title='bbox 244 2200 345 2234; x_wconf 88' lang='lat' dir='ltr'>zieht</span> <span class='ocrx_word' id='word_1_376' title='bbox 370 2200 449 2233; x_wconf 88' lang='lat' dir='ltr'>sich</span> <span class='ocrx_word' id='word_1_377' title='bbox 470 2201 534 2233; x_wconf 83' lang='lat' dir='ltr'>auf</span> <span class='ocrx_word' id='word_1_378' title='bbox 555 2200 618 2233; x_wconf 89' lang='lat' dir='ltr'>das</span> <span class='ocrx_word' id='word_1_379' title='bbox 637 2200 960 2243; x_wconf 77' lang='lat' dir='ltr'>Senatusconsult3</span> <span class='ocrx_word' id='word_1_380' title='bbox 992 2211 1174 2244; x_wconf 77' lang='lat' dir='ltr'>wogegen</span> <span class='ocrx_word' id='word_1_381' title='bbox 1207 2211 1292 2234; x_wconf 75' lang='lat' dir='ltr'>casu</span> <span class='ocrx_word' id='word_1_382' title='bbox 1323 2200 1454 2233; x_wconf 81' lang='lat' dir='ltr'>darauf</span> <span class='ocrx_word' id='word_1_383' title='bbox 1476 2200 1687 2243; x_wconf 88' lang='lat' dir='ltr'>hinweiset,</span> 
     </span>
     <span class='ocr_line' id='line_1_42' title="bbox 243 2245 1688 2290; baseline 0 -11"><span class='ocrx_word' id='word_1_384' title='bbox 243 2247 328 2279; x_wconf 81' lang='lat' dir='ltr'>dass</span> <span class='ocrx_word' id='word_1_385' title='bbox 354 2246 492 2289; x_wconf 83' lang='lat' dir='ltr'>gerade</span> <span class='ocrx_word' id='word_1_386' title='bbox 518 2245 608 2279; x_wconf 87' lang='lat' dir='ltr'>ietzt</span> <span class='ocrx_word' id='word_1_387' title='bbox 634 2247 726 2279; x_wconf 89' lang='lat' dir='ltr'>auch</span> <span class='ocrx_word' id='word_1_388' title='bbox 752 2247 883 2281; x_wconf 77' lang='lat' dir='ltr'>Ciccto</span> <span class='ocrx_word' id='word_1_389' title='bbox 908 2247 991 2280; x_wconf 88' lang='lat' dir='ltr'>hier</span> <span class='ocrx_word' id='word_1_390' title='bbox 1021 2246 1165 2280; x_wconf 79' lang='lat' dir='ltr'>eintiaf.</span> <span class='ocrx_word' id='word_1_391' title='bbox 1192 2264 1236 2271; x_wconf 87' lang='lat'>·--</span> <span class='ocrx_word' id='word_1_392' title='bbox 1269 2247 1397 2290; x_wconf 82' lang='lat' dir='ltr'>appell.</span> <span class='ocrx_word' id='word_1_393' title='bbox 1433 2246 1513 2279; x_wconf 83' lang='lat' dir='ltr'>scil.</span> <span class='ocrx_word' id='word_1_394' title='bbox 1548 2257 1688 2290; x_wconf 83' lang='lat' dir='ltr'>regem,</span> 
     </span>
     <span class='ocr_line' id='line_1_43' title="bbox 244 2290 1688 2336; baseline -0.001 -10"><span class='ocrx_word' id='word_1_395' title='bbox 244 2293 327 2326; x_wconf 86' lang='lat' dir='ltr'>dem</span> <span class='ocrx_word' id='word_1_396' title='bbox 352 2292 417 2326; x_wconf 87' lang='lat' dir='ltr'>Ihr</span> <span class='ocrx_word' id='word_1_397' title='bbox 440 2291 511 2325; x_wconf 89' lang='lat' dir='ltr'>den</span> <span class='ocrx_word' id='word_1_398' title='bbox 536 2290 679 2335; x_wconf 73' lang='lat' dir='ltr'>Konigs</span> <span class='ocrx_word' id='word_1_399' title='bbox 684 2292 765 2326; x_wconf 87' lang='lat' dir='ltr'>titel</span> <span class='ocrx_word' id='word_1_400' title='bbox 790 2303 855 2326; x_wconf 87' lang='lat' dir='ltr'>aus</span> <span class='ocrx_word' id='word_1_401' title='bbox 881 2293 1033 2336; x_wconf 83' lang='lat' dir='ltr'>eigener</span> <span class='ocrx_word' id='word_1_402' title='bbox 1047 2293 1265 2335; x_wconf 79' lang='lat' dir='ltr'>Bewegung</span> <span class='ocrx_word' id='word_1_403' title='bbox 1281 2293 1345 2325; x_wconf 89' lang='lat' dir='ltr'>auf</span> <span class='ocrx_word' id='word_1_404' title='bbox 1359 2292 1420 2326; x_wconf 88' lang='lat' dir='ltr'>die</span> <span class='ocrx_word' id='word_1_405' title='bbox 1438 2293 1688 2325; x_wconf 85' lang='lat' dir='ltr'>ehrenvollste</span> 
     </span>
     <span class='ocr_line' id='line_1_44' title="bbox 244 2338 1688 2383; baseline -0.001 -11"><span class='ocrx_word' id='word_1_406' title='bbox 244 2340 315 2373; x_wconf 85' lang='lat' dir='ltr'>Art</span> <span class='ocrx_word' id='word_1_407' title='bbox 339 2338 542 2382; x_wconf 80' lang='lat' dir='ltr'>beigelegt.</span> <span class='ocrx_word' id='word_1_408' title='bbox 577 2339 676 2371; x_wconf 79' lang='lat' dir='ltr'>nullo</span> <span class='ocrx_word' id='word_1_409' title='bbox 705 2343 800 2382; x_wconf 78' lang='lat' dir='ltr'>post.</span> <span class='ocrx_word' id='word_1_410' title='bbox 833 2350 901 2372; x_wconf 87' lang='lat' dir='ltr'>nec</span> <span class='ocrx_word' id='word_1_411' title='bbox 925 2339 1006 2382; x_wconf 88' lang='lat' dir='ltr'>ipso</span> <span class='ocrx_word' id='word_1_412' title='bbox 1038 2349 1107 2372; x_wconf 90' lang='lat' dir='ltr'>nec</span> <span class='ocrx_word' id='word_1_413' title='bbox 1131 2338 1258 2371; x_wconf 87' lang='lat' dir='ltr'>amicis</span> <span class='ocrx_word' id='word_1_414' title='bbox 1290 2338 1370 2372; x_wconf 89' lang='lat' dir='ltr'>eius</span> <span class='ocrx_word' id='word_1_415' title='bbox 1402 2338 1688 2383; x_wconf 81' lang='lat' dir='ltr'>postulantibus,</span> 
     </span>
     <span class='ocr_line' id='line_1_45' title="bbox 245 2384 1685 2449; baseline 0 -32"><span class='ocrx_word' id='word_1_416' title='bbox 245 2396 292 2418; x_wconf 66' lang='grc' dir='ltr'>ε</span> <span class='ocrx_word' id='word_1_417' title='bbox 316 2385 412 2417; x_wconf 84' lang='grc'><strong>011119</strong></span> <span class='ocrx_word' id='word_1_418' title='bbox 436 2384 500 2417; x_wconf 82' lang='grc'><strong>(135</strong></span> <span class='ocrx_word' id='word_1_419' title='bbox 503 2394 519 2416; x_wconf 91' lang='grc'><strong>5</strong></span> <span class='ocrx_word' id='word_1_420' title='bbox 546 2394 584 2417; x_wconf 88' lang='grc'><strong>95</strong></span> <span class='ocrx_word' id='word_1_421' title='bbox 609 2385 757 2418; x_wconf 88' lang='lat' dir='ltr'>lemand</span> <span class='ocrx_word' id='word_1_422' title='bbox 784 2385 1045 2428; x_wconf 55' lang='grc'><strong>1195911119.-</strong></span> <span class='ocrx_word' id='word_1_423' title='bbox 1069 2385 1288 2418; x_wconf 80' lang='lat' dir='ltr'>decressetis.</span> <span class='ocrx_word' id='word_1_424' title='bbox 1315 2384 1377 2419; x_wconf 86' lang='lat' dir='ltr'>Sic</span> <span class='ocrx_word' id='word_1_425' title='bbox 1363 2385 1516 2449; x_wconf 63' lang='lat' dir='ltr'>—Neap.</span> <span class='ocrx_word' id='word_1_426' title='bbox 1542 2386 1626 2418; x_wconf 89' lang='lat' dir='ltr'>Asc.</span> <span class='ocrx_word' id='word_1_427' title='bbox 1653 2386 1685 2417; x_wconf 91' lang='lat' dir='ltr'>l.</span> 
     </span>
     <span class='ocr_line' id='line_1_46' title="bbox 245 2429 1689 2474; baseline -0.003 -8"><span class='ocrx_word' id='word_1_428' title='bbox 245 2430 346 2466; x_wconf 80' lang='lat' dir='ltr'>Vict.</span> <span class='ocrx_word' id='word_1_429' title='bbox 372 2431 405 2464; x_wconf 87' lang='lat'>2.</span> <span class='ocrx_word' id='word_1_430' title='bbox 452 2429 523 2463; x_wconf 87' lang='lat' dir='ltr'>Hic</span> <span class='ocrx_word' id='word_1_431' title='bbox 558 2430 808 2474; x_wconf 84' lang='lat' dir='ltr'>probabiliter</span> <span class='ocrx_word' id='word_1_432' title='bbox 839 2442 858 2463; x_wconf 91' lang='grc'><strong>9</strong></span> <span class='ocrx_word' id='word_1_433' title='bbox 884 2430 980 2473; x_wconf 85' lang='lat' dir='ltr'>Md.;</span> <span class='ocrx_word' id='word_1_434' title='bbox 1012 2436 1114 2464; x_wconf 88' lang='lat' dir='ltr'>certe</span> <span class='ocrx_word' id='word_1_435' title='bbox 1139 2431 1191 2463; x_wconf 87' lang='grc'>519</span> <span class='ocrx_word' id='word_1_436' title='bbox 1216 2430 1409 2464; x_wconf 84' lang='grc' dir='ltr'><strong>Β3511.-·</strong></span> <span class='ocrx_word' id='word_1_437' title='bbox 1363 2457 1409 2464; x_wconf 88' lang='grc'>.-</span> <span class='ocrx_word' id='word_1_438' title='bbox 1441 2430 1689 2464; x_wconf 75' lang='lat' dir='ltr'>decrevissetis</span> 
     </span>
     <span class='ocr_line' id='line_1_47' title="bbox 247 2476 1688 2520; baseline -0.001 -10"><span class='ocrx_word' id='word_1_439' title='bbox 247 2478 344 2510; x_wconf 83' lang='lat' dir='ltr'>Cett.</span> <span class='ocrx_word' id='word_1_440' title='bbox 374 2476 445 2510; x_wconf 76' lang='grc' dir='ltr'>ΟΕ.</span> <span class='ocrx_word' id='word_1_441' title='bbox 472 2476 559 2519; x_wconf 77' lang='lat' dir='ltr'>Vgl.</span> <span class='ocrx_word' id='word_1_442' title='bbox 587 2487 645 2520; x_wconf 86' lang='lat' dir='ltr'>ep.</span> <span class='ocrx_word' id='word_1_443' title='bbox 672 2476 897 2519; x_wconf 84' lang='lat' dir='ltr'>CCLXXII,</span> <span class='ocrx_word' id='word_1_444' title='bbox 929 2478 960 2509; x_wconf 90' lang='lat'>7.</span> <span class='ocrx_word' id='word_1_445' title='bbox 992 2487 1111 2520; x_wconf 84' lang='lat' dir='ltr'>praes.</span> <span class='ocrx_word' id='word_1_446' title='bbox 1146 2477 1256 2510; x_wconf 74' lang='lat' dir='ltr'>ins-id.</span> <span class='ocrx_word' id='word_1_447' title='bbox 1290 2477 1366 2516; x_wconf 65' lang='lat' dir='ltr'>lib„</span> <span class='ocrx_word' id='word_1_448' title='bbox 1397 2487 1470 2510; x_wconf 77' lang='lat' dir='ltr'>von</span> <span class='ocrx_word' id='word_1_449' title='bbox 1496 2477 1588 2509; x_wconf 85' lang='lat' dir='ltr'>iiber</span> <span class='ocrx_word' id='word_1_450' title='bbox 1613 2476 1688 2509; x_wconf 85' lang='lat' dir='ltr'>ihm</span> 
     </span>
     <span class='ocr_line' id='line_1_48' title="bbox 246 2521 1688 2565; baseline -0.001 -9"><span class='ocrx_word' id='word_1_451' title='bbox 246 2522 521 2556; x_wconf 83' lang='lat' dir='ltr'>schwebenden</span> <span class='ocrx_word' id='word_1_452' title='bbox 559 2522 889 2565; x_wconf 82' lang='lat' dir='ltr'>Lebensgefahren</span> <span class='ocrx_word' id='word_1_453' title='bbox 921 2522 1080 2556; x_wconf 84' lang='lat' dir='ltr'>befreict</span> <span class='ocrx_word' id='word_1_454' title='bbox 1111 2523 1215 2556; x_wconf 85' lang='lat' dir='ltr'>habe.</span> <span class='ocrx_word' id='word_1_455' title='bbox 1272 2522 1336 2557; x_wconf 81' lang='lat' dir='ltr'>Sic</span> <span class='ocrx_word' id='word_1_456' title='bbox 1363 2522 1452 2556; x_wconf 87' lang='lat' dir='ltr'>Ern.</span> <span class='ocrx_word' id='word_1_457' title='bbox 1479 2521 1576 2555; x_wconf 88' lang='lat' dir='ltr'>coni.</span> <span class='ocrx_word' id='word_1_458' title='bbox 1602 2522 1688 2555; x_wconf 82' lang='lat' dir='ltr'>Sch.</span> 
     </span>
     <span class='ocr_line' id='line_1_49' title="bbox 248 2567 1686 2612; baseline -0.001 -10"><span class='ocrx_word' id='word_1_459' title='bbox 248 2569 342 2602; x_wconf 83' lang='lat' dir='ltr'>Liin.</span> <span class='ocrx_word' id='word_1_460' title='bbox 377 2570 550 2602; x_wconf 80' lang='lat' dir='ltr'>liberaret</span> <span class='ocrx_word' id='word_1_461' title='bbox 580 2569 655 2602; x_wconf 84' lang='lat' dir='ltr'>Md.</span> <span class='ocrx_word' id='word_1_462' title='bbox 682 2569 798 2612; x_wconf 87' lang='lat' dir='ltr'>Neap.</span> <span class='ocrx_word' id='word_1_463' title='bbox 823 2569 907 2602; x_wconf 79' lang='lat' dir='ltr'>Asc.</span> <span class='ocrx_word' id='word_1_464' title='bbox 934 2571 964 2601; x_wconf 93' lang='lat' dir='ltr'>l.</span> <span class='ocrx_word' id='word_1_465' title='bbox 1002 2569 1100 2602; x_wconf 77' lang='lat' dir='ltr'>Crat.</span> <span class='ocrx_word' id='word_1_466' title='bbox 1128 2569 1229 2604; x_wconf 86' lang='lat' dir='ltr'>Vict.</span> <span class='ocrx_word' id='word_1_467' title='bbox 1256 2570 1287 2602; x_wconf 91' lang='lat'>1.</span> <span class='ocrx_word' id='word_1_468' title='bbox 1313 2569 1344 2602; x_wconf 89' lang='lat'>2.</span> <span class='ocrx_word' id='word_1_469' title='bbox 1385 2568 1520 2602; x_wconf 81' lang='lat' dir='ltr'>Graev.</span> <span class='ocrx_word' id='word_1_470' title='bbox 1545 2567 1686 2601; x_wconf 87' lang='lat' dir='ltr'>Bened.</span> 
     </span>
     <span class='ocr_line' id='line_1_50' title="bbox 249 2614 1690 2657; baseline -0.001 -10"><span class='ocrx_word' id='word_1_471' title='bbox 249 2615 438 2648; x_wconf 70' lang='lat' dir='ltr'>liberasset</span> <span class='ocrx_word' id='word_1_472' title='bbox 462 2614 589 2649; x_wconf 83' lang='lat' dir='ltr'>Lamb.</span> <span class='ocrx_word' id='word_1_473' title='bbox 617 2614 691 2648; x_wconf 75' lang='grc' dir='ltr'>ΟΒ.</span> <span class='ocrx_word' id='word_1_474' title='bbox 716 2633 760 2638; x_wconf 93' lang='grc'><strong>-</strong></span> <span class='ocrx_word' id='word_1_475' title='bbox 785 2625 855 2647; x_wconf 81' lang='lat' dir='ltr'>non</span> <span class='ocrx_word' id='word_1_476' title='bbox 879 2614 1049 2655; x_wconf 79' lang='lat' dir='ltr'>alienum,</span> <span class='ocrx_word' id='word_1_477' title='bbox 1076 2614 1175 2648; x_wconf 88' lang='lat' dir='ltr'>nicht</span> <span class='ocrx_word' id='word_1_478' title='bbox 1201 2615 1260 2647; x_wconf 81' lang='lat' dir='ltr'>fur</span> <span class='ocrx_word' id='word_1_479' title='bbox 1285 2624 1590 2657; x_wconf 80' lang='lat' dir='ltr'>unangemessen‚</span> <span class='ocrx_word' id='word_1_480' title='bbox 1622 2624 1690 2646; x_wconf 89' lang='lat' dir='ltr'>un-</span> 
     </span>
    </p>
   </div>
   <div class='ocr_carea' id='block_1_4' title="bbox 249 2659 1691 2705">
    <p class='ocr_par' dir='ltr' id='par_1_5' title="bbox 249 2659 1691 2705">
     <span class='ocr_line' id='line_1_51' title="bbox 249 2659 1691 2705; baseline -0.001 -10"><span class='ocrx_word' id='word_1_481' title='bbox 249 2661 441 2704; x_wconf 79' lang='lat' dir='ltr'>gerathen,</span> <span class='ocrx_word' id='word_1_482' title='bbox 467 2660 687 2704; x_wconf 73' lang='lat' dir='ltr'>ungehorig.</span> <span class='ocrx_word' id='word_1_483' title='bbox 713 2663 752 2693; x_wconf 67' lang='lat' dir='ltr'>ut</span> <span class='ocrx_word' id='word_1_484' title='bbox 776 2670 824 2694; x_wconf 77' lang='lat' dir='ltr'>ex</span> <span class='ocrx_word' id='word_1_485' title='bbox 849 2661 971 2705; x_wconf 87' lang='lat' dir='ltr'>suppl.</span> <span class='ocrx_word' id='word_1_486' title='bbox 997 2659 1092 2695; x_wconf 89' lang='lat' dir='ltr'>Edd.</span> <span class='ocrx_word' id='word_1_487' title='bbox 1127 2660 1231 2695; x_wconf 87' lang='lat' dir='ltr'>omis.</span> <span class='ocrx_word' id='word_1_488' title='bbox 1257 2665 1295 2694; x_wconf 77' lang='lat' dir='ltr'>ut</span> <span class='ocrx_word' id='word_1_489' title='bbox 1319 2661 1396 2695; x_wconf 82' lang='lat' dir='ltr'>Md.</span> <span class='ocrx_word' id='word_1_490' title='bbox 1425 2660 1620 2695; x_wconf 82' lang='lat' dir='ltr'><strong><em>ORELLI.</em></strong></span> <span class='ocrx_word' id='word_1_491' title='bbox 1646 2678 1691 2685; x_wconf 90' lang='lat'>-</span> 
     </span>
    </p>
   </div>
   <div class='ocr_carea' id='block_1_5' title="bbox 1721 0 1795 3043">
    <p class='ocr_par' dir='ltr' id='par_1_6' title="bbox 1721 0 1795 3043">
     <span class='ocr_line' id='line_1_52' title="bbox 1721 0 1795 3043; baseline 0 0"><span class='ocrx_word' id='word_1_492' title='bbox 1721 0 1795 3043; x_wconf 95' lang='lat' dir='ltr'> </span> 
     </span>
    </p>
   </div>
  </div>
 </body>
</html>
