1795 3043
472 34 791 84 EPISTOLA
827 35 1107 83 CCCLXVI.
1420 44 1519 93 503

66 148 243 190 lictores
262 146 477 190 haberem.
520 149 728 192 Laudavit
748 149 986 191 consilium.
1033 148 1144 197 Quid
1165 147 1292 202 ergo?
1330 149 1523 202 inquam:

67 218 165 246 nam
201 206 306 247 mihi
344 219 490 249 cursus
528 207 575 247 in
616 206 836 247 Graeciam
875 219 953 258 per
996 207 1108 247 tuam
1142 207 1406 258 provinciam
1434 214 1522 249 est:

0 308 2 317 Ι
64 263 264 314 quoniam
286 263 338 304 ad
358 276 472 304 mare
488 276 686 317 superum
706 263 859 303 milites
880 263 1006 305 sunt?
1062 264 1200 316 „Quid
1221 265 1339 316 mihi,
1369 264 1527 316 inquit,

65 320 310 373 optatius3'’
366 322 460 362 Hoc
490 323 584 362 loco
614 322 747 361 multa
774 320 1101 372 perliberaliter.
1159 322 1273 374 Ergo
1310 322 1390 362 hoc
1431 322 1522 374 qui-

0 388 1 391 *
64 377 158 418 dem
188 380 250 418 est
277 378 542 430 profectum,
573 381 621 418 ut
648 390 733 418 non
761 377 884 417 modo
906 379 1017 425 tuto,
1049 389 1195 418 verum
1225 379 1352 419 etiam
1380 381 1520 432 palam

62 434 365 487 navigaremus.
423 436 601 487 Reliqua
630 436 673 475 in
703 436 914 486 posterum
931 434 1042 474 diem
1067 434 1256 476 distulit:
1294 449 1346 477 ex
1368 436 1518 488 quibus
1543 440 1595 479 11

62 491 245 532 scribam
273 492 327 532 ad
356 497 415 544 te,
461 493 497 533 si
537 492 637 543 quid
667 492 747 531 crit
777 491 953 543 epistola
983 491 1168 544 dignum.
1227 492 1335 532 Sunt
1363 496 1517 543 autem,

61 560 170 600 quae
191 550 413 601 praeterii:
454 551 794 601 interregnumue
825 550 933 589 esset
950 550 1290 600 exspectaturus;
1328 563 1404 603 an,
1434 563 1518 602 quo

6 632 27 637 2
62 605 188 645 modo
218 605 374 646 dixerit
403 607 476 646 ille
505 605 696 656 quidem,
727 606 778 646 ad
804 618 849 645 se
878 606 1035 646 deferri
1065 607 1348 655 consulatum,
1380 608 1452 647 sed
1474 620 1519 648 se

59 662 176 702 nolle
215 663 261 703 in
290 663 529 715 proximum
559 675 726 704 annum.
784 662 841 703 Et
870 663 954 703 alia
983 665 1103 715 sunt,
1147 675 1255 715 quae
1285 665 1518 716 exquiram.

59 717 232 760 Iurabat
260 720 313 760 ad
342 732 562 767 summam,
604 719 716 771 quod
744 720 863 759 nullo
893 720 1063 773 negotio
1089 720 1276 769 faceret,
1318 721 1521 762 amicissi-
1567 755 1571 757 -

58 787 173 816 mum
215 777 321 817 mihi
359 776 581 817 Caesarem
632 790 722 817 esse
771 777 935 818 debere.
1000 777 1139 829 „Quid
1182 779 1315 826 enim,
1367 779 1519 830 inquit,

55 832 227 885 scripsit
265 833 318 873 ad
356 845 424 874 me
460 833 746 877 Dolabella?”
794 857 850 863 -—
918 834 1020 886 Dic,
1066 834 1201 886 quid?
1266 833 1518 876 Affirmabat
1570 852 1574 855 >

55 901 150 930 eum
180 890 422 942 scripsisse,
471 890 582 942 quod
621 903 687 931 me
715 893 890 943 cuperet
921 892 971 931 ad
1002 890 1150 932 urbem
1179 893 1348 944 venire,
1394 893 1518 933 illum

54 946 224 998 quidem
262 948 418 999 gratias
454 959 580 1000 agere
608 948 809 989 maximas
848 950 890 988 et
927 960 1010 987 non
1041 949 1162 989 modo
1190 949 1396 1000 probare,
1443 949 1519 989 sed

54 1004 179 1043 etiam
207 1004 420 1056 gaudere?
478 1004 584 1052 Quid
606 1005 802 1056 quaeris?
859 1005 1082 1056 Acquievi.
1140 1006 1299 1045 Levata
1320 1007 1382 1045 est
1403 1008 1517 1046 enim

51 1061 235 1113 suspicio
274 1061 352 1101 illa
391 1060 611 1101 domestici
647 1062 749 1101 mali
789 1062 830 1100 et
866 1062 1069 1101 sermonis
1107 1062 1311 1102 Hirtiani.
1384 1062 1517 1110 Quam

51 1182 200 1216 lictores
223 1182 390 1216 haberem
417 1193 575 1216 mecum.
613 1182 717 1217 Weil
751 1192 792 1216 er
819 1182 884 1217 das
909 1182 1124 1225 Aufsehen,
1162 1181 1230 1216 das
1253 1181 1308 1216 sie
1332 1183 1515 1226 machten‚

52 1228 268 1263 vermeiden
295 1229 370 1262 und
393 1228 449 1263 sie
473 1228 570 1262 doch
594 1238 659 1262 aus
684 1228 837 1262 mehren
867 1227 1096 1273 politischen
1120 1227 1377 1262 Riicksichten
1411 1228 1517 1263 nicht

49 1275 236 1309 entlassen
260 1275 402 1308 wollte.
429 1292 474 1299 ——
512 1274 724 1317 consilium,
757 1274 861 1308 diese
886 1273 1077 1310 Vorsicht.
1099 1292 1144 1298 —
1180 1285 1264 1308 nam
1288 1273 1392 1308 mihi.
1424 1274 1512 1310 Sch.

49 1321 144 1355 Liin.
190 1332 276 1354 num
307 1320 406 1354 haud
439 1330 643 1364 memores,
686 1320 731 1354 ad
757 1321 829 1354 hoc
853 1319 1054 1354 Curionem
1077 1330 1345 1364 responsurum
1377 1321 1511 1355 fuisse:

49 1367 161 1410 „Non
187 1367 278 1401 est.’'
324 1366 519 1402 Sententia
543 1371 617 1401 est:
652 1366 767 1409 „quid
794 1377 885 1410 ergo
912 1366 1065 1400 faciam?
1099 1366 1306 1400 Possumne
1331 1377 1400 1411 per
1413 1373 1514 1401 tuam

48 1412 281 1458 provinciam
315 1412 353 1447 in
380 1412 577 1447 Graeciam
602 1412 816 1457 proficisciz
853 1413 963 1446 nam⁷’
999 1418 1084 1447 cett.
1125 1412 1320 1446 ORELLI.
1370 1412 1512 1456 Utique

49 1460 146 1494 enim
178 1459 215 1493 id
241 1458 356 1493 Curio
387 1458 592 1503 prohibere
616 1463 775 1504 poterat.
808 1477 850 1483 —·
895 1457 1171 1502 perliberaliter
1196 1458 1326 1501 dixit,
1355 1458 1417 1492 bei
1443 1459 1511 1493 der

48 1505 302 1549 Gelegenheit
331 1511 435 1549 sagte
466 1516 507 1539 er
537 1505 608 1539 mir
639 1505 818 1538 hieriiber
850 1504 934 1538 eine
957 1505 1095 1549 Menge
1119 1505 1206 1538 sehr
1229 1504 1511 1540 verbindlicher

48 1552 186 1596 Dinge.
222 1570 265 1576 —
312 1555 365 1585 est
384 1553 610 1595 profectum,
641 1550 801 1584 richtete
825 1549 887 1584 ich
912 1549 1140 1594 wenigstens
1163 1550 1245 1584 Das
1268 1560 1344 1584 aus.

138 1600 193 1632 ll.
227 1597 318 1632 Sunt
341 1601 481 1641 autem,
527 1596 588 1631 ich
612 1597 708 1630 habe
732 1597 826 1630 auch
850 1597 948 1630 noch
972 1596 1243 1631 verschiedene
1265 1596 1426 1641 Fragen.
1462 1615 1507 1623 —

44 1647 315 1689 exspectaturus
328 1643 488 1687 Caesar,
513 1654 573 1677 um
598 1642 678 1676 sich
701 1653 785 1676 vom
807 1642 983 1677 Interrex
1005 1653 1089 1677 zum
1116 1643 1292 1689 Dictator
1317 1653 1508 1677 ernennen
1523 1661 1536 1685 μ

45 1700 91 1724 zu
116 1690 263 1725 lassen'!
298 1690 410 1724 Denn
436 1689 536 1724 diess
559 1689 819 1732 Interregnum
843 1696 982 1723 musste
1008 1689 1075 1723 der
1099 1689 1337 1733 Verfassung
1360 1690 1507 1733 gemass

45 1737 244 1780 ersolgen,
286 1746 396 1770 wenn
427 1735 466 1770 in
491 1735 631 1769 diesem
665 1735 775 1769 Iahre
806 1734 919 1768 keine
943 1735 1110 1769 consulu
1140 1735 1200 1768 fiir
1232 1735 1297 1770 das
1326 1736 1414 1770 Iahr
1438 1736 1507 1771 706

45 1784 203 1817 erwiihlt
233 1782 402 1817 wurden.
443 1800 486 1806 ——
534 1782 708 1825 quomodo
742 1781 882 1815 dixerit
911 1781 975 1815 ille
1013 1782 1186 1824 (Caesar)
1218 1781 1382 1826 quidem,
1429 1781 1506 1816 wie

45 1828 149 1863 scine
174 1830 418 1872 Aeusserung
441 1837 486 1860 zu
512 1828 709 1861 verstehen
734 1827 801 1861 sei.
832 1846 878 1854 -—
925 1828 1065 1869 deferri
1095 1838 1116 1861 a
1140 1827 1404 1872 Pompeianis,
1440 1837 1506 1861 an-

45 1875 210 1919 geboten
235 1874 378 1909 wurde.
412 1892 455 1898 —-
506 1874 658 1907 Iurabat
683 1873 809 1908 Curio.
839 1892 885 1900 -—
931 1875 1026 1918 quod
1059 1874 1159 1907 nullo
1183 1873 1330 1917 negotio
1357 1874 1381 1916 †
1405 1874 1505 1916 face-

45 1925 120 1964 ret,
154 1931 231 1954 was
266 1920 341 1954 ihm
376 1919 524 1953 sreilich
559 1919 618 1954 ein
645 1920 801 1954 leichtes
826 1918 895 1963 ist,
935 1920 981 1954 da
1007 1931 1049 1954 er
1071 1921 1201 1963 Alles,
1238 1931 1317 1954 was
1342 1931 1383 1954 er
1407 1927 1503 1964 sagt,

44 1967 205 2018 Vva'jres
238 1966 313 2000 und
337 1966 546 1999 Unwahres
580 1965 646 2000 mit
678 1966 798 2000 einem
824 1965 1007 2000 Schwure
1039 1976 1084 2000 zu
1110 1966 1344 2009 bekr'aftigen
1370 1966 1502 2009 pflegt.

45 2014 172 2055 fecerit
199 2012 358 2046 'Graevii
395 2023 496 2056 susp.
530 2012 621 2054 facit
653 2012 748 2046 coni.
789 2010 878 2046 Sch.
909 2013 1055 2048 Malim:
1094 2013 1217 2054 facere
1245 2012 1349 2045 solet.
1382 2011 1502 2046 Hand.

48 2060 200 2093 Turseli.
225 2060 258 2093 1.
291 2070 327 2102 p.
347 2059 411 2093 131
448 2057 662 2102 distinguit:
700 2057 877 2101 lambat,
916 2060 964 2092 ad
995 2069 1172 2092 summam
1205 2058 1312 2102 quod.
1346 2056 1418 2092 OR.
1459 2076 1501 2082 -

45 2105 249 2140 Dolabella,
283 2104 347 2140 Sic
372 2103 545 2148 proxime
569 2104 615 2137 ad
640 2104 733 2141 Cdd.
761 2104 895 2147 (Med.)
920 2105 1020 2140 Vict.
1049 2110 1087 2138 et
1110 2104 1265 2138 Graevii
1290 2103 1386 2138 coni.
1414 2115 1503 2137 con-

44 2152 148 2185 stitui
178 2152 312 2185 locum.
360 2150 507 2185 Handio
543 2150 700 2184 debetur
724 2151 794 2184 Dic
816 2161 885 2195 pro
912 2151 1005 2185 dico.
1055 2151 1150 2186 Quid
1173 2153 1268 2184 enim
1294 2175 1302 2184 .
1322 2177 1330 2185 .
1351 2175 1359 2184 .
1385 2150 1502 2185 Dola—

44 2198 165 2231 bella.²
199 2197 314 2231 verba
337 2203 422 2232 sunt
447 2196 641 2239 Curionis;
677 2204 716 2230 ut
742 2196 835 2230 vidit
859 2197 1054 2231 Graevius.
1110 2197 1202 2240 Dic,
1234 2196 1346 2240 qaid?
1394 2196 1503 2232 Cice-

44 2243 167 2278 ronis:
202 2250 294 2277 tum:
327 2243 475 2287 „Curio
500 2242 703 2277 affirmabat
720 2243 956 2277 Dolabellam
981 2242 1200 2287 scripsisse,
1226 2242 1329 2286 quod
1353 2241 1386 2276 is
1405 2243 1502 2284 (Do-

3 2300 5 2302 ·
42 2290 194 2331 labella)
222 2294 374 2334 cuperet
399 2289 618 2324 Ciceronem
644 2290 689 2322 ad
716 2289 843 2322 urbem
869 2289 1018 2331 venire,
1055 2290 1251 2333 Caesarem
1275 2288 1502 2323 Dolabellae

42 2335 182 2380 gratias
212 2346 325 2379 agere
358 2335 537 2369 maximas
569 2342 605 2369 et
630 2334 1014 2371 Ciceronisreditum
1049 2335 1085 2369 in
1120 2337 1249 2369 urbem
1282 2344 1355 2367 non
1388 2334 1500 2368 modo

40 2382 204 2427 probare
229 2387 312 2417 cett.
340 2381 534 2415 ORELLI.
562 2401 604 2406 —
648 2382 741 2416 Quid
765 2382 939 2425 qnaeris?
972 2382 1162 2427 Acquz‘evi.
1211 2380 1383 2423 Amisus,
1407 2380 1501 2414 VVas

42 2428 115 2462 soll
139 2427 199 2461 ich
223 2427 297 2461 Dir
320 2427 424 2461 mehr
447 2429 581 2472 sagen?
617 2428 682 2461 Ich
708 2428 907 2472 beruhigte
930 2427 1029 2462 mich
1054 2427 1228 2472 (n'amlich
1254 2425 1370 2459 durch
1395 2425 1500 2461 diese

43 2473 174 2508 Reden
204 2473 270 2508 des
296 2472 438 2515 Curio).
473 2492 515 2498 -—
562 2474 700 2507 Levatcc
726 2478 776 2506 est
808 2480 892 2508 cett.
940 2474 1049 2508 Denn
1082 2474 1186 2508 diese
1219 2482 1337 2516 ganze
1362 2472 1500 2505 Unter-

44 2520 186 2564 redung
210 2519 276 2553 mit
301 2519 415 2554 Curio
440 2519 616 2553 benimmt
640 2520 712 2553 mir
736 2520 797 2553 die
813 2520 1064 2564 Besorgniss,
1089 2530 1163 2553 was
1189 2520 1246 2552 fiir
1262 2518 1405 2562 Folgen
1431 2517 1499 2565 der

43 2565 307 2610 ungliickliche
333 2564 475 2600 Schritt
499 2576 651 2600 unseres
674 2566 806 2601 Neffen
832 2566 992 2602 Quintus
1018 2567 1136 2600 haben
1161 2565 1314 2598 konnte.
1348 2563 1387 2599 S.
1414 2564 1445 2608 ξ.
1462 2564 1497 2598 6.

44 2632 86 2638 --
123 2611 311 2646 domestici
334 2612 423 2644 mali
456 2622 503 2645 ex
530 2612 655 2646 Quinti
682 2611 752 2646 filii
785 2613 846 2647 vel
877 2612 1126 2658 imprudentia
1156 2612 1215 2645 vel
1249 2610 1390 2645 malitia
1421 2614 1498 2644 mel-

44 2658 182 2692 tuendi.
215 2677 260 2684 —
307 2661 340 2690 et
363 2657 539 2690 sermonis
564 2659 742 2692 llirlz'ani.
791 2659 875 2693 Non
906 2659 1003 2692 euim
1030 2659 1100 2692 iam
1125 2656 1296 2702 suspicor
1322 2656 1497 2692 Quintum

46 2704 158 2739 filium
184 2703 363 2739 eiusmodi
390 2714 578 2738 sormones
606 2715 684 2738 cum
710 2704 835 2740 Hirtio
861 2705 1054 2747 habuisse¹
1091 2704 1151 2746 qui
1179 2703 1266 2738 mihi
1293 2702 1496 2747 periculum
