1795 3043
203 47 271 96 32
477 41 542 87 M.
578 40 633 87 T.
671 38 1009 87 CICERONIS
1044 33 1415 89 EPISTOLA'E.

205 157 389 207 Interea,
419 153 532 206 quod
562 166 638 206 per
666 153 814 194 literas
844 155 887 193 et
916 153 983 207 agi
1012 154 1154 194 tecum
1184 155 1239 205 et,
1269 155 1316 194 ut
1341 153 1542 204 arbitror,
1574 167 1673 197 con·

158 216 186 256 2
210 213 282 256 fici
310 214 461 266 potest,
492 223 627 263 agam.
669 210 792 251 Nunc
823 225 847 251 a
876 213 918 251 te
947 211 1055 251 illud
1083 211 1266 263 primum
1293 211 1465 264 rogabo,
1498 224 1552 253 ne
1569 213 1674 265 quid

208 271 368 313 invitus
398 282 490 310 mea
520 280 647 308 causa
677 269 828 308 facias:
867 268 939 308 sed.
968 269 1032 316 id,
1064 268 1177 320 quod
1207 281 1300 308 mea
1329 268 1564 321 intelliges,
1596 272 1673 311 tua

207 330 370 371 nullam
387 327 431 366 in
455 327 621 379 partem
643 326 822 365 multum
840 326 1059 373 interesse,
1090 326 1152 366 ita
1173 325 1278 365 mihi
1308 326 1403 378 des,
1432 327 1468 366 si
1498 325 1593 375 tibi,
1623 328 1674 368 ut

206 387 252 428 id
280 385 465 427 libenter
494 383 646 432 facias,
677 384 775 422 ante
805 384 1077 435 persuaseris.
1166 382 1271 422 Cum
1300 383 1485 423 Patrone
1514 384 1673 436 Epicu·

204 446 272 485 rio
303 442 410 483 mihi
440 439 581 481 omnia
609 441 730 480 sunt:
771 440 854 480 nisi
883 440 995 492 quod
1024 441 1069 480 in
1099 440 1371 492 philosophia
1396 441 1673 482 vehementer

206 502 261 543 ab
294 513 344 541 eo
374 498 590 540 dissentio.
650 497 733 538 Sed
764 498 805 536 et
834 497 957 537 initio
987 497 1164 548 Romae,
1195 509 1326 548 quum
1355 499 1397 537 te
1428 510 1598 550 quoque
1628 499 1672 539 et

206 561 302 600 tuos
342 569 487 597 omnes
529 553 802 602 observabat,
851 567 919 594 me
963 554 1096 594 coluit
1140 554 1183 593 in
1221 555 1390 606 primis:
1441 556 1484 594 et
1520 567 1670 608 nuper,

207 628 337 669 quum
367 628 440 662 ea,
472 624 584 664 quae
620 611 777 663 voluit,
815 611 867 652 de
897 611 985 651 suis
1016 611 1243 652 commodis
1271 612 1313 651 et
1340 612 1541 664 praemiis
1572 624 1671 653 con-

208 675 378 715 secutus
414 672 498 722 est,
537 681 603 709 me
642 669 792 709 habuit
829 681 999 708 suorum
1044 669 1311 708 defensorum
1352 670 1394 709 et
1434 670 1670 710 amicorum

205 733 297 773 fere
327 729 593 782 principem:
627 728 668 766 et
695 727 780 766 iam
810 740 835 766 a
864 725 1080 777 Phaedro,
1111 725 1185 777 qui
1213 725 1349 774 nobis,
1382 739 1513 777 quum
1542 725 1671 779 pueri

206 800 420 834 essemus,
461 786 687 835 antequam
727 783 952 824 Philonem
990 783 1288 836 cognovimuS,
1320 783 1466 831 valde,
1499 785 1546 824 ut
1575 784 1671 836 phi·

204 846 432 898 Iosophus,
471 843 619 895 postea
658 842 822 891 tamen,
870 842 918 880 ut
959 840 1026 880 vir
1063 839 1199 880 bonus
1235 842 1278 880 et
1318 841 1457 880 suavis
1496 842 1539 880 et
1578 839 1672 880 offi-

207 903 346 944 ciosus
375 899 656 954 probabatur,
697 898 875 937 traditus
915 897 1021 937 mihi
1068 897 1465 949 commendatusque
1506 899 1581 939 est.
1627 898 1669 937 Is

154 966 183 1007 3
206 961 338 1014 igitur
368 959 519 1004 Patro,
561 968 691 1007 quum
732 955 784 994 ad
809 967 875 994 me
906 954 1081 994 Romam
1111 955 1256 996 literas
1284 955 1489 1004 misisset,
1529 954 1595 995 uti
1624 956 1668 994 te

296 1052 331 1085 2.
358 1047 466 1081 Nunc
491 1057 512 1079 a
539 1050 582 1078 te.
611 1044 675 1078 Sic
700 1044 792 1077 Cdd.
818 1043 936 1076 multi.
960 1044 1059 1086 (Bas.
1078 1044 1198 1088 Lips.)
1226 1046 1324 1079 Crat.
1343 1045 1443 1079 Vict.
1464 1045 1497 1078 2.
1523 1044 1667 1078 Bened.

206 1107 319 1139 agam
336 1105 441 1127 nunc.
468 1095 524 1126 Ac
540 1096 572 1124 te
588 1090 790 1125 z'lludVict.
812 1091 843 1123 1.
863 1089 996 1123 GraeV.
1023 1090 1113 1124 Ern.
1131 1091 1192 1134 (de
1204 1091 1450 1125 Md.nondum
1468 1091 1557 1125 satis
1577 1101 1666 1123 con-

206 1149 300 1184 stat,
334 1139 403 1174 etsi
435 1139 489 1173 sic
520 1138 658 1172 habere
690 1136 840 1169 videtur
872 1147 921 1169 ex
952 1137 1077 1170 collat.
1104 1138 1210 1180 mea.)
1246 1148 1370 1180 agam.
1396 1137 1503 1172 Nunc
1522 1142 1554 1170 te
1571 1137 1667 1171 illud

207 1188 338 1224 Lamb.
356 1197 479 1229 agam.
507 1187 564 1218 Ac
581 1188 613 1217 te
628 1183 723 1217 illud
746 1182 831 1216 Sch.
850 1182 942 1216 Liin.
964 1183 1412 1217 ORELLI.—-interesse.
1427 1184 1554 1217 Lall.e
1571 1183 1664 1218 Cdd.

207 1237 330 1278 Regg.
357 1233 451 1278 quod
482 1231 672 1272 intelliges
694 1233 756 1262 tua
780 1229 922 1262 nullam
950 1228 989 1262 in
1008 1233 1167 1273 partem,
1190 1241 1269 1263 mea
1296 1231 1449 1262 multum
1477 1230 1664 1263 interesse.

209 1282 249 1318 S.
274 1280 423 1314 Ramsh.
451 1279 478 1320 §.
505 1278 580 1311 114.
608 1275 752 1310 Grotes.
784 1276 811 1317 §.
835 1275 914 1308 240.
940 1294 984 1299 —
1016 1276 1205 1318 Epicurio.
1247 1276 1311 1310 Sic
1337 1276 1413 1310 Md.
1441 1276 1545 1311 Vict.
1570 1276 1602 1310 2.
1619 1287 1666 1309 =:

206 1327 406 1373 Epicureio
440 1324 542 1360 Vict.
576 1325 607 1356 l.
639 1335 684 1353 z
715 1322 896 1365 Epicureo
930 1322 1025 1355 Cett.
1061 1322 1135 1355 ΟΕ.
1163 1322 1253 1365 Vgl.
1281 1323 1410 1355 Moser
1436 1331 1482 1355 zu
1509 1320 1663 1357 Tuscul.

206 1376 318 1419 Disp.
362 1375 401 1415 1,
447 1373 489 1404 17
529 1381 584 1403 am
624 1368 744 1403 Ende.
817 1367 914 1401 Dem
953 1367 1163 1412 Epicureer
1208 1369 1325 1403 Patro
1377 1370 1419 1411 (s.
1463 1367 1507 1401 ad
1549 1368 1665 1403 Attic.

206 1423 256 1464 V,
289 1422 343 1455 ll.
377 1420 431 1453 19.
456 1417 552 1459 VII,
584 1416 616 1449 2.
651 1415 696 1448 ad
730 1413 854 1450 Quint.
889 1414 1011 1448 Fratr.
1046 1414 1102 1457 II,
1136 1414 1185 1456 4.)
1217 1415 1319 1448 hatte
1351 1412 1419 1448 der
1449 1414 1667 1459 Epikureer

205 1467 378 1504 Phadtus
402 1475 471 1498 vor
497 1463 636 1496 seinem
657 1461 764 1494 Ende
789 1460 906 1493 durch
932 1460 991 1493 ein
1017 1459 1092 1493 ihm
1117 1461 1425 1504 abgenommenes
1450 1461 1667 1495 seierliches

204 1513 471 1559 Versprechen
497 1510 557 1543 die
583 1508 704 1551 Sorge
730 1508 789 1539 fur
813 1506 875 1539 die
899 1506 1234 1550 Aufrechthaltung
1266 1507 1340 1540 und
1363 1508 1424 1551 sur
1455 1507 1519 1541 das
1543 1508 1667 1541 Inter-

206 1573 288 1597 esse
314 1561 418 1594 ihrer
443 1556 582 1592 Schule
607 1565 673 1587 zur
697 1553 837 1588 Pflicht
861 1553 1040 1595 gemacht.
1089 1553 1227 1586 Dieser
1260 1551 1354 1586 hielt
1376 1553 1458 1594 sich
1490 1554 1665 1587 desshalb

205 1608 353 1644 sowohl
384 1606 442 1639 fiir
475 1600 688 1644 berechtigt
728 1600 781 1633 als
817 1599 877 1632 fiir
907 1598 1123 1632 verbunden
1162 1600 1223 1633 fiir
1255 1599 1318 1632 die
1351 1600 1558 1644 Erhaltung
1597 1600 1666 1634 der

206 1656 404 1690 Trammer
436 1651 502 1684 des
535 1647 765 1690 ehemaligen
799 1645 1059 1680 Wohnhauses
1091 1645 1193 1679 ihres
1224 1645 1374 1687 Stifters
1407 1656 1452 1679 zu
1478 1646 1665 1690 kampfen,

205 1712 319 1746 sogar
359 1699 426 1733 mit
464 1696 605 1730 Gefahr
645 1694 724 1727 sich
762 1692 823 1725 die
861 1692 1042 1735 Ungnade
1088 1692 1190 1725 eines
1238 1692 1462 1726 Romischen
1508 1693 1663 1736 grossen

205 1750 351 1790 Herrn,
383 1745 458 1779 wie
483 1740 679 1777 Memmius
704 1750 802 1783 war,
835 1738 899 1771 auf
921 1739 992 1771 den
1017 1738 1108 1771 Hals
1140 1749 1185 1771 zu
1210 1738 1330 1771 laden.
1357 1757 1401 1763 —
1433 1740 1556 1771 omnia
1580 1742 1664 1772 sunt

205 1807 252 1829 z
277 1803 415 1828 summa
439 1787 653 1824 coniunctio
688 1786 784 1819 inter
810 1795 894 1827 nos,
928 1784 989 1818 ich
1014 1785 1118 1818 stehe
1144 1784 1268 1818 mit...
1294 1784 1330 1818 in
1355 1785 1477 1819 Allem
1503 1785 1570 1818 aus
1590 1785 1662 1819 den

205 1836 621 1876 freundschaftlichsten
640 1833 741 1867 Fuss.
759 1832 881 1864 onmia
899 1832 1103 1864 communia
1122 1832 1219 1865 Crat.
1238 1831 1365 1865 Lamb.
1378 1851 1419 1855 —
1431 1832 1604 1864 dissentio
1622 1837 1663 1865 ut

204 1886 461 1924 Academicus.
488 1902 529 1906 —
557 1879 782 1918 observabat,
811 1877 952 1921 fleissig
977 1877 1079 1911 seine
1095 1878 1344 1921 Auswartung
1369 1878 1522 1911 machte.
1548 1897 1593 1902 —
1618 1879 1663 1911 de

201 1936 281 1969 suis
305 1930 502 1967 commodis
526 1932 558 1961 et
579 1926 758 1971 praemiis
781 1926 878 1958 mul's
902 1923 980 1958 sich
1005 1923 1069 1959 auf
1089 1922 1250 1967 gewisse
1265 1924 1464 1959 Vortheile
1489 1923 1563 1957 und
1588 1924 1663 1958 Be-

204 1983 420 2023 lohnungen
453 1975 656 2015 beziehen,
695 1972 755 2005 die
795 1971 869 2004 ihm
902 1971 956 2004 als
997 1970 1117 2004 einem
1150 1970 1247 2004 Chef
1282 1970 1350 2004 der
1379 1970 1662 2014 Epikurischen

206 2027 346 2063 Schule
378 2022 582 2064 zukamenff,
623 2020 712 2053 aber
738 2029 783 2051 zu
809 2018 932 2051 Athen
957 2023 1108 2060 versagt
1132 2027 1278 2049 waren:
1304 2017 1490 2050 wesshalb
1515 2027 1557 2051 er
1581 2017 1662 2051 sich

204 2086 251 2108 an
284 2074 356 2107 den
388 2069 614 2105 Romischen
641 2065 754 2100 Senat
779 2063 954 2108 gewandt
979 2064 1099 2106 hatte,
1131 2073 1191 2095 wo
1224 2063 1302 2096 bes.
1329 2063 1462 2097 Cicero
1495 2063 1575 2096 sich
1601 2063 1661 2097 fiir

205 2122 271 2156 ihn
296 2116 524 2153 verwandte.
552 2134 592 2138 —
613 2124 635 2146 α
652 2111 830 2146 Phaedro.
859 2110 896 2145 S.
916 2109 963 2143 ad
987 2110 1100 2144 Attic.
1127 2109 1237 2152 XIII,
1262 2111 1316 2143 37.
1335 2109 1381 2142 de
1397 2109 1544 2143 Finibb.
1562 2109 1611 2152 V,
1628 2111 1659 2144 1.

204 2169 252 2202 de
284 2167 366 2201 Nat.
401 2165 520 2197 Deor.
553 2163 593 2204 l,
623 2161 681 2194 33.
711 2157 880 2202 Philipp.
907 2157 957 2199 V,
987 2157 1020 2190 5.
1070 2155 1159 2190 Sein
1192 2155 1294 2190 Sohn
1333 2155 1433 2189 hiess
1464 2155 1659 2202 Lysiades.

204 2215 293 2250 Man
325 2209 581 2245 verwechsele
622 2206 684 2239 ihn
724 2204 826 2238 nicht
857 2203 922 2237 mit
953 2202 1035 2236 dem
1066 2201 1267 2246 Lieblinge
1305 2201 1370 2235 des
1402 2201 1531 2244 Plato,
1562 2202 1661 2241 ,nach

204 2260 388 2295 welchem
430 2267 471 2290 er
512 2255 619 2289 einen
659 2252 782 2286 seiher
816 2250 980 2293 Dialoge
1018 2250 1213 2283 benannte.
1258 2247 1296 2283 S.
1327 2248 1454 2282 Laert.
1488 2248 1565 2291 ΙΙΙ,
1603 2249 1660 2285 29.

205 2308 253 2342 de
279 2308 383 2340 Orat.
408 2305 441 2346 1,
467 2305 500 2336 7.
527 2302 630 2336 Orat.
655 2300 686 2333 4.
716 2298 767 2331 12.
795 2297 943 2331 Finibb.
971 2296 1021 2339 II,
1046 2296 1078 2329 2.
1105 2295 1257 2328 Tuscul.
1285 2296 1318 2338 l,
1342 2295 1398 2329 23.
1430 2294 1518 2329 Div.
1546 2297 1578 2338 1,
1602 2296 1659 2330 37.

203 2355 322 2397 Legg‚
349 2350 399 2393 ΙΙ,
424 2351 457 2384 3.
482 2368 527 2373 ——
552 2350 743 2389 antequam
773 2343 964 2378 Philonem
997 2342 1245 2384 cognovimus.
1318 2341 1452 2375 Cicero
1487 2340 1582 2375 enim
1607 2341 1662 2375 ait

205 2400 278 2436 sibi
303 2395 532 2432 adolescenti
556 2392 767 2428 Phaedrum
792 2390 1018 2434 Epicureum
1035 2399 1205 2432 magnum
1225 2385 1489 2432 philosophum
1506 2398 1588 2421 esse
1603 2387 1661 2421 vi-

204 2458 304 2489 sum,
335 2449 529 2486 antequam
562 2439 760 2475 Philonem
792 2435 1052 2470 Academicum
1086 2433 1325 2478 cognoverit,
1366 2445 1474 2477 quem
1515 2433 1662 2468 scilicet

204 2492 412 2528 subtilitate
445 2484 736 2533 philosophandi
769 2483 835 2516 illo
868 2482 984 2516 multo
1016 2481 1248 2525 superiorem
1281 2479 1515 2514 iudicaverit.
1549 2479 1658 2513 SGH.

204 2539 313 2576 Philo
338 2536 556 2571 Larissaeus
583 2529 803 2567 Clitomachi
829 2529 996 2570 auditor,
1021 2533 1107 2571 post
1130 2525 1353 2562 Academiae
1379 2532 1532 2569 quartae
1555 2525 1660 2570 prin-

205 2597 294 2631 ceps
327 2581 585 2618 Mithridatico
618 2578 719 2612 bello
752 2587 832 2609 cum
859 2574 1098 2620 optimatibus
1123 2572 1403 2607 Atheniensium
1429 2573 1537 2605 domo
1563 2571 1661 2615 fugit

205 2639 244 2668 et
269 2633 421 2665 Romam
446 2628 547 2662 venit
573 2632 610 2659 et
635 2625 872 2665 Ciceronem,
906 2621 966 2655 cui
990 2620 1099 2654 valde
1123 2620 1303 2664 probatus
1328 2624 1426 2661 erat,
1451 2618 1660 2652 auditorem

206 2678 346 2714 habuit.
379 2675 466 2710 Vid.
493 2673 606 2708 Acad.
638 2682 695 2715 pr.
722 2670 779 2711 II,
803 2670 835 2702 4.
861 2670 893 2703 6.
925 2668 1032 2701 Brut.
1059 2667 1113 2701 89.
1147 2665 1194 2699 de
1219 2665 1302 2699 Nat.
1327 2665 1444 2699 Deor.
1478 2666 1511 2708 1,
1543 2666 1576 2699 3.
1601 2665 1659 2699 40.

206 2724 357 2761 Tuscul.
376 2722 426 2764 11,
450 2723 482 2756 3.
510 2721 586 2754 110.
610 2719 660 2762 V,
683 2719 738 2752 37.
764 2714 875 2751 Acad.
900 2719 998 2761 post.
1023 2715 1057 2758 1,
1080 2713 1113 2748 4.
1138 2711 1331 2748 Plutarch.
1358 2711 1397 2745 in
1421 2710 1485 2746 vit.
1511 2710 1660 2745 Lucull.
