1795 3043
602 17 916 66 EPISTOLA
974 18 1244 67 CCXCVII.
1559 24 1661 73 315

193 131 440 188 propediem
469 143 626 175 coram.
684 131 774 173 Iam
803 132 931 184 plane
959 133 1065 173 mihi
1094 132 1234 185 deest,
1263 131 1376 184 quod
1405 132 1458 173 ad
1486 134 1530 173 te
1559 134 1663 175 scri-

196 192 304 233 bam.
363 192 453 233 Nec
481 189 592 232 enim
622 189 673 229 de
703 202 750 229 re
777 189 975 241 publica,
1016 191 1126 241 quod
1156 192 1332 242 uterque
1361 192 1551 231 nostrum
1581 193 1664 232 scit

192 249 362 290 eadem:
394 251 436 289 et
465 248 696 288 domestica
724 248 826 286 nota
854 247 953 285 sunt
981 247 1194 287 ambobus.
1256 247 1481 299 Reliquum
1510 247 1574 288 est
1601 249 1662 288 io-
1683 241 1713 284 5

192 307 300 358 cari,
329 306 365 347 si
393 307 464 347 hic
494 305 618 346 sinat.
674 303 783 344 Nam
813 315 889 357 ego
919 303 956 343 is
984 316 1092 351 sum,
1124 304 1197 355 qui
1226 304 1293 345 illi
1311 305 1488 346 concedi
1518 307 1663 358 putem

192 364 340 404 utilius
370 376 473 413 esse,
502 360 614 414 quod
634 362 835 413 postulat,
863 372 990 411 quam
1009 361 1128 414 signa
1154 363 1354 403 conferri.
1413 363 1517 403 Sero
1548 363 1663 404 enim

192 421 428 462 resistimus
457 420 517 471 ei,
554 431 680 470 quem
717 430 796 470 per
832 430 964 458 annos
1005 417 1153 458 decem
1182 419 1363 459 aluimus
1393 420 1542 460 contra
1569 432 1662 463 nos.

192 479 336 531 „Quid
370 482 502 519 sentis
539 479 728 532 igitar‘’?
764 475 920 526 inquis.
988 474 1109 515 Nihil
1150 475 1315 516 scilicet
1350 477 1433 516 nisi
1475 477 1527 516 de
1570 490 1663 518 sen-

191 536 327 575 tentia
356 537 451 583 tua3
488 545 567 572 nec
603 533 722 584 prius
752 531 943 584 quidem,
973 545 1099 584 quam
1127 534 1317 573 nostrum
1345 534 1559 588 negotium
1588 536 1663 576 aut

193 592 500 643 confecerimus
523 593 597 630 aut
617 589 950 641 deposuerimus.
1011 589 1122 629 Cura
1143 589 1288 642 igitur,
1313 592 1359 630 ut
1375 592 1530 634 valeas.
1574 593 1664 633 Ali-

192 649 360 700 quando
389 644 610 699 απότριψαι
640 648 891 699 quartanam
931 647 1055 688 istam
1100 646 1343 701 diligentia,
1388 659 1497 701 quae
1534 649 1578 689 in
1618 651 1662 689 te

192 719 355 746 summa
393 706 470 747 est.

367 832 681 878 EPISTOLA
718 830 988 877 CCXCVII.
1038 830 1119 887 (ad
1152 831 1244 876 Att.
1275 831 1379 877 VII.
1416 834 1484 890 6.)

432 896 515 932 Ser.
542 904 628 942 post
651 897 740 931 mus
764 897 859 931 Dec.
886 897 932 931 A.
958 895 1004 929 U,
1031 896 1073 929 c.
1100 896 1178 930 704.
1205 898 1253 939 (a.
1281 897 1320 932 c,
1345 897 1419 939 50.)

408 963 459 1001 Se
493 965 541 1000 de
573 977 614 1000 re
649 964 801 1011 publica
836 965 945 999 valde
978 963 1111 997 timere
1144 963 1290 998 scribit.
1318 965 1442 999 1—2.

685 1033 874 1068 CICERO
905 1032 1100 1068 ATTICO
1134 1031 1175 1067 S.

302 1081 434 1121 Plane
464 1080 580 1121 deest
604 1081 715 1132 quod
745 1082 796 1121 ad
828 1084 872 1122 te
900 1081 1104 1121 scribam:
1136 1081 1236 1120 nota
1255 1080 1398 1121 omnia
1428 1081 1509 1123 tibi
1538 1085 1659 1126 sunt:

184 1148 265 1178 nec
286 1137 377 1191 ipse
396 1136 548 1186 habeo,
579 1152 604 1178 a
624 1140 667 1178 te
690 1138 794 1189 quid.
815 1140 1067 1191 exspectem.
1125 1139 1306 1178 Tantum
1317 1139 1448 1191 igitur
1468 1142 1661 1182 nostrum

185 1195 295 1235 illud
325 1197 513 1235 solemne
541 1207 775 1248 servemus,
817 1197 866 1235 ut
894 1207 948 1235 ne
978 1208 1103 1246 quem
1140 1196 1251 1235 istuc
1282 1198 1451 1237 euntem
1492 1198 1582 1238 sine
1611 1198 1662 1239 li-

186 1252 290 1292 teris
320 1252 593 1292 dimittamus.
660 1252 724 1292 De
754 1264 802 1291 re
830 1251 1006 1304 publica
1043 1251 1167 1293 valde
1206 1252 1360 1293 timeo:
1403 1266 1483 1294 nec
1520 1255 1660 1297 adhuc
1682 1261 1712 1302 2

186 1309 278 1349 fere
316 1309 486 1357 inveni,
529 1308 602 1359 qui
651 1320 736 1348 non
775 1308 1090 1348 concedendum
1131 1310 1300 1360 putaret
1340 1310 1509 1352 Caesari
1548 1313 1660 1363 quod

187 1367 422 1418 postularet
466 1366 632 1417 potius,
675 1377 802 1417 quam
843 1365 1180 1418 depugnandum.
1256 1367 1334 1406 Est
1372 1367 1449 1408 illa
1489 1369 1662 1420 quidem

186 1423 418 1476 postulatio
450 1423 652 1475 opinione
680 1421 904 1462 valentior.
980 1422 1065 1462 Cur
1094 1424 1235 1462 autem
1262 1436 1377 1464 nunc
1407 1425 1588 1476 primum
1620 1427 1661 1468 ei

186 1478 465 1522 resistamus?
515 1477 563 1517 ού
603 1476 681 1527 γάρ
719 1477 770 1526 δή
798 1477 893 1517 τόδε
924 1479 1058 1527 μεῖζον
1085 1480 1150 1516 ἔπι
1178 1478 1329 1532 κακόν,
1368 1494 1493 1532 quam
1532 1496 1660 1535 quum

186 1537 523 1589 quinquennium
560 1536 915 1588 prorogabamus,
964 1538 1036 1576 aut
1064 1549 1215 1587 quum,
1259 1539 1306 1577 ut
1336 1537 1521 1579 absentis
1550 1541 1661 1581 ratio

187 1627 264 1661 cfr.
290 1627 419 1659 Moser
454 1626 500 1658 ad
527 1625 566 1658 ΙΙ
599 1626 642 1659 de
665 1626 752 1669 Rep.
776 1637 810 1669 p.
829 1626 905 1660 178.
941 1626 1014 1659 ΟΒ.
1042 1645 1086 1651 —
1135 1627 1250 1670 deest,
1281 1628 1378 1662 Ball.
1404 1629 1565 1664 Helmst.
1603 1633 1659 1674 (ut

187 1683 247 1716 ep.
275 1684 351 1716 seq.
379 1671 473 1714 init.)
501 1671 594 1704 nihil
617 1675 669 1704 est
693 1673 800 1716 prob.
837 1672 970 1706 Graev.
1013 1672 1111 1707 Stati
1143 1674 1255 1717 quod,
1288 1675 1387 1709 Iens.
1421 1676 1522 1710 Crat.
1554 1677 1659 1712 Vict-

186 1719 284 1764 quid.
310 1719 376 1752 cfr.
404 1718 526 1752 Hand.
552 1717 597 1751 ad
622 1718 763 1762 Wopk.
793 1730 828 1763 p.
850 1719 926 1753 168.
954 1737 1000 1743 -
1046 1719 1224 1762 scribam,
1264 1720 1392 1755 Lamb.
1418 1723 1632 1757 rescribam.

278 1765 310 1799 5.
344 1765 378 1797 si
403 1763 462 1798 hic
485 1764 601 1803 sinat,
628 1764 660 1798 si
685 1775 754 1808 per
780 1765 976 1798 Caesarem
996 1764 1119 1799 liceat.
1167 1766 1303 1801 MAN.
1327 1786 1370 1791 —
1409 1768 1443 1801 is
1466 1780 1557 1813 sum,
1583 1770 1658 1814 qui.

187 1810 226 1846 S.
253 1811 402 1844 Ramsh.
430 1812 459 1854 ᾗ.
480 1811 564 1850 184,
590 1812 623 1845 3.
650 1810 794 1845 Grotes.
821 1813 848 1855 §.
865 1811 952 1853 432,
979 1812 1087 1845 Aum.
1107 1812 1140 1845 2.
1169 1830 1212 1836 —
1261 1815 1355 1856 quod
1374 1816 1549 1858 postulat,
1574 1817 1656 1850 also

185 1859 282 1891 auch
307 1857 372 1890 das
397 1857 535 1899 Recht,
572 1857 670 1890 ohne
699 1857 803 1890 seine
828 1858 1048 1891 Erlaubniss
1075 1857 1177 1891 nicht
1201 1859 1380 1893 scherzen
1406 1862 1501 1895 noch
1525 1862 1657 1897 lachen

187 1914 233 1938 zu
261 1903 406 1936 diirsen.
433 1921 476 1928 —-
523 1902 638 1945 Sero,
661 1914 706 1936 zu
733 1905 826 1947 spat.
870 1903 910 1938 S.
937 1904 1088 1938 Ramsh.
1116 1905 1145 1948 §.
1166 1905 1246 1950 203,
1273 1906 1322 1950 II,
1349 1918 1385 1950 a,
1410 1908 1443 1941 2.
1473 1926 1513 1934 —
1561 1910 1659 1943 alui-

185 1961 284 1992 mus,
310 1960 351 1982 so
377 1959 507 1993 grOSS,
535 1960 576 1982 so
602 1949 763 1992 machtig
788 1950 907 1983 haben
931 1951 1082 1984 werden
1107 1950 1242 1986 lassen.
1269 1971 1311 1976 —
1361 1957 1488 1987 contra
1511 1966 1589 1998 nos,
1615 1967 1658 1989 so

186 1996 271 2030 dass
298 2006 340 2029 er
365 2006 431 2029 uns
457 1996 546 2029 ietzt
571 1996 775 2039 iiberlegen
802 1995 860 2029 ist.
886 2013 931 2021 --
977 1997 1020 2030 de
1043 2001 1131 2030 sent.
1159 2002 1232 2032 tua.
1267 1997 1307 2033 S.
1325 1999 1448 2045 Ziinpt
1470 2001 1499 2042 §.
1516 2003 1596 2036 308.
1613 2021 1659 2030 -ν

186 2053 251 2076 nec
271 2042 378 2086 prius
403 2041 563 2086 quidem,
590 2042 679 2086 quid
704 2042 871 2085 sentiam,
898 2043 1152 2087 exposuerim.
1178 2063 1223 2068 —-
1271 2049 1435 2080 nostrum
1458 2049 1658 2090 negotium,

187 2089 437 2132 triumphum,
464 2099 572 2132 quem
599 2089 785 2132 sperabat.
825 2088 933 2122 SCH.
962 2107 1007 2114 —-·
1055 2093 1093 2122 ut
1123 2090 1266 2133 valeas,
1299 2091 1385 2126 dass
1416 2093 1479 2127 Du
1515 2095 1660 2128 wieder

187 2141 374 2178 genesest.
401 2153 446 2159 —-
492 2135 725 2178 Aliquando,
757 2135 888 2168 Lamb.
930 2135 978 2168 Et
1008 2136 1094 2179 aliq.
1121 2154 1163 2160 ——
1212 2136 1433 2185 ἇπότριψαι,
1470 2141 1657 2184 absterge,

188 2181 364 2219 amolire,
391 2181 480 2214 wirf
501 2181 566 2224 ab,
604 2180 686 2225 iage
712 2182 805 2224 fort,
832 2185 1073 2226 quartanam,
1106 2182 1172 2216 das
1197 2183 1492 2221 Quartanfieber.
1530 2187 1569 2221 S.
1598 2199 1658 2232 ep.

279 2274 310 2306 l.
342 2253 428 2316 quid
452 2283 546 2316 exsp.
573 2272 701 2307 Lamb.
728 2273 818 2306 Ern.
846 2271 933 2307 sch.
967 2273 1060 2307 Liin.
1095 2275 1199 2316 quod.
1256 2275 1329 2310 Hic
1361 2277 1450 2319 quid
1481 2285 1584 2311 recte
1617 2289 1659 2313 se

189 2318 311 2361 habet,
337 2319 447 2352 etiam
473 2330 521 2352 ex
546 2319 683 2352 Handii
708 2319 934 2363 praeceptis·
980 2319 1051 2352 OR.
1077 2320 1172 2355 Ueb.
1199 2320 1269 2354 deu
1289 2322 1540 2357 Umerschied
1566 2325 1659 2359 zwi-

188 2365 302 2398 Sshen
335 2364 444 2398 habeo
479 2365 566 2408 quid
597 2376 630 2399 u.
663 2366 758 2409 quod
790 2376 818 2399 s.
850 2365 1001 2400 Ramsh.
1038 2366 1068 2408 §.
1090 2368 1176 2410 160,
1203 2369 1242 2410 l,
1273 2369 1359 2403 Not.
1375 2371 1410 2404 3.
1436 2371 1527 2413 184,
1552 2371 1586 2405 2.
1614 2391 1658 2397 -

189 2411 285 2444 illud
308 2411 410 2453 soll„
448 2421 525 2444 was
550 2411 622 2444 wir
647 2423 715 2445 uns
742 2411 860 2455 heilig
885 2412 1062 2455 angelobt
1087 2413 1218 2448 haben.

281 2457 312 2490 2.
347 2468 453 2500 quam
476 2458 653 2500 depugn„
679 2458 732 2491 als
758 2457 837 2491 sich
864 2458 930 2491 mit
955 2457 1029 2491 ihm
1056 2468 1102 2492 zu
1127 2460 1316 2503 schlagen.
1345 2480 1386 2486 --
1434 2462 1503 2495 illa
1522 2463 1658 2497 Caesa-

187 2502 241 2537 ris
263 2503 463 2547 postulatio
488 2504 655 2547 opinione
680 2505 874 2546 valentior,
900 2504 989 2548 geht
1012 2505 1106 2539 iiber
1131 2506 1255 2549 AlleS‚
1279 2518 1354 2541 was
1369 2518 1449 2540 man
1472 2508 1553 2542 sich
1578 2510 1658 2544 ein-

186 2549 357 2592 gebildet
382 2550 500 2591 hatte,
528 2561 572 2582 =
598 2550 806 2593 impudens,
833 2551 905 2584 wie
930 2551 1080 2585 Andere
1105 2552 1237 2585 haben.
1263 2571 1307 2577 —
1356 2554 1400 2587 οὐ
1424 2553 1496 2602 γάρ
1521 2569 1551 2589 κ.
1573 2570 1603 2591 τ.
1622 2559 1655 2591 λ.

185 2596 331 2630 Versus
359 2602 412 2628 est
438 2595 591 2629 Homeri
627 2597 762 2641 Odyss
802 2598 861 2639 M,
885 2598 965 2631 209.
1017 2598 1167 2641 „Neque
1197 2598 1292 2631 enim
1327 2599 1447 2632 maius
1471 2604 1658 2637 consequi-

186 2646 246 2674 tm·
271 2641 443 2675 malam”.
491 2642 663 2676 Ceterum
690 2644 802 2687 vulgo
829 2654 1023 2687 perperam
1050 2644 1226 2677 scribitur
1251 2645 1295 2680 οὐ
1319 2644 1392 2693 γάρ
1417 2646 1459 2681 ἄν
1485 2640 1657 2694 τόδειῖιεΐ-

187 2689 245 2729 ’ζον
274 2690 351 2724 ἕπει
382 2686 508 2724 κακόν.
540 2688 647 2722 ὑῸΙΙ.
681 2708 724 2714 -—
779 2690 1061 2734 quinquennium
1093 2689 1252 2733 imperii.
1300 2689 1337 2726 S.
1364 2693 1526 2737 ep.294‚
1552 2696 1586 2729 4.
1613 2715 1656 2722 --
