1795 3043
440 62 752 113 EPISTOLA
787 61 1210 114 cecum-lv,
1458 73 1558 121 493

288 179 600 228 EPISTOLA
638 176 926 224 CCCLXlII.
977 177 1058 235 (ad
1092 179 1183 224 Att.
1218 180 1270 225 X.
1305 180 1375 239 3.)

192 255 274 293 Ser.
307 257 346 292 in
378 257 525 291 Arcano
559 254 651 292 vn.
674 251 732 287 ld.
764 254 858 298 Apr.
890 252 936 287 A.
967 252 1010 288 U.
1040 254 1081 288 C.
1116 255 1191 290 705.
1231 257 1279 298 (3.
1313 257 1357 292 Ο,
1385 257 1464 301 49.)

349 324 472 368 Petit,
501 330 542 359 ut
566 323 660 366 sibi,
697 320 786 366 quid
811 321 947 356 Caesar
972 321 1116 366 egerit,
1151 324 1308 358 nuntiet.

585 391 772 427 CICERO
804 390 996 425 ATTICO
1022 391 1063 426 S.

207 452 367 500 Quum,
411 450 524 503 quod
571 449 820 501 scriberem,
864 451 990 502 plane
1026 450 1138 491 nihil
1176 451 1399 505 haberem,
1446 454 1553 495 haec

95 510 237 549 autem
278 510 444 560 reliqua
492 509 653 558 essent,
701 519 809 557 quae
856 508 965 548 scire
1012 520 1233 560 cuperem:
1285 511 1555 561 profectusne

93 568 226 615 esset;
266 578 349 618 quo
379 566 423 606 in
454 567 564 606 statu
593 564 741 604 urbem
771 564 1034 616 reliquisset3
1081 565 1125 605 in
1154 566 1247 617 ipsa
1275 566 1400 607 ltalia
1428 580 1552 619 quem

94 623 250 674 cuique
293 622 455 676 regioni
495 622 567 662 aut
605 621 775 673 negotio
810 622 1108 673 praefecisset3
1166 623 1291 673 ecqui
1323 627 1460 664 essent
1499 626 1553 666 ad

91 679 340 733 Pompeium
378 682 420 719 et
456 678 509 718 ad
538 679 731 718 consules
761 689 812 718 ex
842 681 1009 719 senatus
1051 681 1244 720 consulto
1281 679 1332 720 dc
1360 693 1466 733 pace
1494 683 1553 723 le-

92 737 204 788 gati:
248 739 296 777 ut
321 737 453 788 igitur
481 736 587 775 haec
618 735 791 787 scirem,
831 735 973 776 dedita
1002 748 1130 789 opera
1158 737 1234 777 has
1263 737 1316 777 ad
1334 740 1377 777 te
1407 739 1553 779 literas

93 793 202 835 misi.
260 793 432 833 Feceris
470 791 600 843 igitur
635 791 849 832 commode
888 793 1075 845 mihique
1104 795 1293 846 gratum,
1338 796 1373 835 si
1403 808 1470 835 me
1498 795 1552 835 de

91 849 158 890 his
187 849 312 890 rebus
341 852 383 889 et
411 850 446 888 si
476 848 578 900 quid
609 849 690 888 erit
719 849 859 896 aliud,
888 850 997 901 quod
1028 850 1136 890 scire
1166 863 1271 903 opus
1290 851 1368 904 sit,
1396 853 1552 893 feceris

92 907 332 948 certiorem.
390 906 480 960 Ego
509 905 555 946 in
576 905 744 946 Arcano
775 907 995 959 opperior,
1036 907 1133 948 dum
1162 907 1242 949 ista
1271 920 1492 962 cognosco.

222 1087 533 1161 EPISTOLA
573 1089 858 1136 CCCLXIV.
897 1088 978 1148 (ad
1000 1089 1091 1135 Att.
1128 1091 1182 1136 X.
1220 1095 1250 1142 3
1285 1093 1423 1150 extr.)

178 1175 261 1211 Ser.
291 1176 329 1211 in
360 1177 507 1211 Arcano
540 1176 631 1212 VII.
659 1175 714 1211 Id.
749 1178 843 1222 Apr.
875 1178 919 1211 A.
953 1176 1000 1211 U.
1035 1177 1074 1212 C.
1110 1178 1188 1213 705.
1226 1181 1271 1221 (3.
1307 1177 1349 1213 C.
1386 1178 1458 1220 49.)

86 1244 234 1280 Literas
246 1244 364 1280 Attici
389 1249 585 1290 exspectat
608 1249 666 1288 et,
690 1243 783 1287 quid
806 1244 879 1278 sibi
895 1245 1034 1279 Caesar
1047 1244 1264 1290 scripserit,
1291 1246 1420 1281 refert.
1446 1246 1548 1281 1—2.

577 1312 764 1348 CICERO
794 1313 987 1348 ATTICO
1019 1312 1059 1349 S.

199 1371 249 1413 A.
281 1371 320 1412 d.
349 1384 428 1413 v11.
450 1371 513 1413 Id.
555 1373 733 1413 alteram
772 1371 852 1412 tibi
890 1371 1035 1412 eodem
1073 1371 1141 1412 die
1175 1372 1288 1413 hanc
1325 1372 1549 1425 epistolam

87 1427 268 1478 dictavi;
320 1430 364 1469 et
400 1428 540 1481 pridie
579 1428 774 1469 dederam
811 1441 904 1469 mea
943 1441 1067 1469 manu
1103 1430 1346 1482 longiorem.
1406 1430 1551 1471 Visum

87 1487 129 1525 te
159 1486 279 1526 aiunt
308 1486 352 1525 in
381 1486 526 1538 regia3
556 1498 636 1526 nec
656 1486 945 1538 reprehendo:
975 1487 1133 1545 quippe
1163 1499 1290 1537 quum
1311 1487 1403 1539 ipse
1424 1487 1549 1527 istam

86 1542 458 1594 reprehensionem
508 1554 593 1582 non
629 1542 822 1595 fugerim.
893 1542 978 1582 Sed
1017 1547 1214 1595 exspecto
1251 1545 1345 1584 tuas
1379 1543 1550 1585 literas:

83 1611 223 1650 neque
251 1599 336 1640 iam
365 1611 464 1639 sane
493 1599 642 1650 video,
680 1599 781 1650 quid
812 1601 1072 1651 exspectem:
1119 1600 1191 1639 sed
1218 1602 1381 1648 tamen,
1420 1600 1548 1641 etiam

84 1656 124 1696 si
151 1655 261 1696 nihil
289 1656 394 1703 erit,
444 1655 488 1695 id
525 1656 662 1708 ipsum
690 1655 743 1696 ad
773 1667 838 1696 me
868 1657 995 1696 velim
1024 1656 1198 1699 scribas.
1259 1657 1411 1699 Caesar
1440 1658 1546 1698 mihi
1566 1661 1597 1701 2

84 1713 264 1766 ignoscit
292 1725 370 1765 per
398 1712 564 1765 literas,
594 1712 708 1763 quod
731 1725 817 1753 non
838 1714 1025 1753 venerim
1035 1726 1050 1762 3
1088 1725 1261 1765 seseque
1277 1714 1323 1754 in
1346 1715 1549 1766 optimam

82 1772 248 1822 partem
277 1770 322 1810 id
349 1769 547 1820 accipere
577 1769 696 1812 dicit.
752 1769 901 1810 Facile
931 1771 1095 1822 patior,
1131 1770 1244 1822 quod
1273 1771 1444 1819 scribit,
1484 1783 1549 1811 se·
1622 1800 1635 1805 -

84 1839 182 1867 cum
210 1827 379 1867 Tullum
408 1828 451 1866 et
475 1826 666 1867 Servium
702 1828 873 1878 questos
914 1838 1025 1876 esse,
1068 1827 1167 1879 quia
1194 1839 1279 1868 non
1308 1828 1421 1868 idem
1448 1828 1545 1877 sibi,

175 1948 208 1981 1.
239 1948 468 1991 profectusne
493 1952 583 1982 esset
606 1949 744 1983 Caesar
767 1948 805 1983 in
829 1949 1041 1994 Hispanias.
1076 1969 1121 1977 —
1169 1953 1293 1987 dedita
1317 1964 1446 1997 opera,
1479 1964 1547 1997 ge-

84 1993 324 2037 flissentlich‚
359 1994 594 2028 absichtlich.
630 2013 676 2020 —
722 1999 757 2028 et
786 1996 820 2029 si
849 1997 935 2040 quid
960 2023 968 2031 .
986 2024 994 2032 .
1014 2023 1023 2031 .
1048 2009 1137 2042 opus
1168 1999 1219 2032 sit
1252 2005 1297 2034 st.
1333 2003 1367 2033 et
1390 2000 1434 2033 de
1457 2000 1549 2034 aliis·

82 2041 212 2083 rebus,
248 2051 344 2083 quae
366 2041 530 2075 'fortasse
555 2041 760 2075 acciderint
786 2048 823 2075 et
849 2053 939 2085 quas
964 2043 1063 2078 scire
1088 2055 1182 2088 opus
1208 2044 1270 2079 sit.

174 2088 207 2120 1.
243 2087 280 2120 Α
321 2086 357 2121 d.
388 2086 476 2120 VII.
501 2088 557 2121 Id.
583 2087 725 2131 April„
771 2099 828 2122 am
853 2091 884 2124 7.
906 2089 1027 2133 April.
1077 2091 1206 2124 Novae
1238 2091 1326 2124 hinc
1350 2090 1546 2136 Epistolae

82 2131 228 2166 initium
252 2132 342 2167 fecit
366 2132 476 2167 Sch.:
511 2134 707 2177 superiore
739 2134 835 2167 enim
867 2135 1026 2179 epistola
1057 2136 1198 2170 diserte
1224 2140 1459 2172 enumerarat
1483 2139 1547 2173 Ci-

81 2189 192 2222 cero,
218 2189 314 2222 quae
338 2178 411 2212 sibi
435 2179 480 2212 ab
496 2180 622 2213 Attico
649 2180 766 2214 scribi
790 2180 922 2224 vellet3
958 2182 1019 2215 hic
1043 2188 1162 2216 autem
1188 2182 1254 2217 ait:
1289 2184 1324 2217 si
1347 2183 1443 2217 nihil
1459 2184 1545 2228 erit,

81 2225 124 2258 id
147 2225 265 2269 ipsum
290 2225 338 2259 ad
361 2235 417 2257 me
441 2226 550 2259 velim
573 2226 731 2260 scribas:
765 2226 865 2269 quod
890 2228 1059 2272 profecto
1085 2229 1122 2262 in
1150 2229 1277 2263 eadem
1296 2230 1363 2263 illa
1381 2231 1546 2275 epistola

80 2270 248 2305 scribere
273 2281 347 2305 non
373 2271 507 2314 potuit.
539 2291 582 2297 —
631 2283 711 2306 mea
734 2283 863 2312 manu,
899 2274 1170 2319 eigenhiindig;
1207 2276 1256 2309 im
1282 2276 1442 2320 Gegens.
1469 2286 1544 2309 von

80 2317 229 2351 dictavi.
261 2334 305 2341 —
353 2317 578 2360 longiorem,
615 2329 709 2361 quae
737 2318 936 2353 intercidit.
986 2321 1078 2354 Nam
1105 2321 1266 2366 epistola
1280 2323 1358 2357 361.
1385 2332 1458 2355 non
1485 2328 1544 2356 est

80 2362 206 2407 pridie
229 2362 296 2396 sed
320 2362 389 2397 111.
405 2363 500 2398 Non.
523 2364 646 2409 April.
672 2364 822 2409 scripta.
853 2364 962 2400 SCH.
993 2385 1038 2392 —
1085 2367 1125 2401 in
1148 2371 1255 2410 regia
1280 2368 1304 2402 i.
1333 2379 1365 2402 e.
1390 2367 1541 2402 Caesari

79 2407 320 2453 apparuisse,
362 2409 466 2444 cuius
493 2409 661 2454 domum,
702 2412 806 2454 quasi
832 2410 901 2444 iam
927 2422 996 2445 rex
1022 2419 1140 2457 esset,
1183 2414 1370 2447 invidiose
1394 2414 1541 2455 regiam

81 2461 199 2488 vocat.
235 2454 344 2488 SCH.
389 2455 440 2488 Es
471 2466 550 2489 war
582 2457 643 2490 eiu
678 2455 912 2491 offentliches
947 2458 1127 2494 Gebaude
1161 2470 1204 2494 an
1239 2460 1305 2493 der
1336 2459 1395 2493 via
1420 2471 1540 2503 sacra,

82 2512 140 2534 wo
167 2501 228 2534 die
252 2499 458 2535 Pontifices
484 2501 566 2535 ihre
589 2503 938 2537 Zusammenkiinfte
962 2504 1101 2539 hielten
1128 2506 1202 2538 und
1225 2506 1339 2540 Gasar
1363 2506 1417 2539 als
1437 2507 1540 2540 Pon·

81 2546 174 2580 tifex
189 2546 373 2580 Maximus
397 2546 477 2580 sich
502 2547 640 2583 damals
663 2549 790 2593 haufig
815 2549 929 2584 seben
953 2551 1026 2585 und
1053 2552 1113 2585 die
1134 2552 1234 2585 cour
1258 2552 1412 2586 machen
1436 2552 1538 2586 liess.

87 2592 238 2626 WIEL.
271 2611 316 2617 —
362 2602 436 2625 non
466 2593 648 2635 fugerim,
686 2596 782 2629 denn
815 2597 909 2630 auch
947 2608 988 2630 er
1026 2598 1127 2631 hatte
1165 2607 1210 2631 zu
1241 2597 1414 2632 Formiae
1457 2598 1539 2632 dem

80 2638 194 2673 cesar
221 2637 281 2672 die
305 2639 550 2683 Auswartung
575 2642 756 2683 gemacht.
806 2642 845 2677 S.
872 2654 931 2687 ep.
952 2643 1153 2678 CCCLlX.

170 2685 203 2718 2.
239 2684 277 2718 in
303 2688 374 2728 opt.
398 2688 496 2727 part.
521 2687 655 2730 accip„
687 2698 729 2721 er
751 2689 883 2722 nehme
899 2690 976 2722 Das
1003 2700 1073 2723 vou
1101 2689 1169 2722 der
1193 2689 1323 2723 besten
1351 2688 1468 2725 Seite.
1495 2708 1538 2715 —-

83 2730 227 2765 Tullum
258 2730 474 2767 Volcatium
506 2734 539 2765 et
569 2732 736 2769 Servium
767 2733 985 2780 Sulpicium.
1048 2735 1172 2769 Ueber
1204 2736 1382 2771 Ersteren
1416 2746 1445 2771 s.
1479 2746 1538 2780 ep.
