1795 3043
503 75 819 126 EPISTOLA
856 78 1095 127 ccchI.
1439 85 1540 133 429

14 207 16 210 ·
79 194 173 243 tur,
211 193 349 242 sorte;
386 193 455 235 vel
483 204 580 234 cum
609 204 784 246 genero,
826 192 1024 241 honeste3
1069 191 1139 233 vel
1170 189 1389 233 Caesarem
1416 192 1540 245 fugit,

77 251 244 291 iratum.
298 250 496 291 Marcelli
525 250 717 303 quidem,
744 249 827 290 nisi
854 249 1039 302 gladium
1068 248 1257 289 Caesaris
1286 248 1538 298 timuissent,

8 320 16 366 f
77 308 311 349 manerent.
367 306 531 360 Appius
567 310 610 348 et
652 306 798 348 eodem
833 307 1008 357 timore,
1056 307 1098 345 et
1125 305 1445 347 inimicitiarum
1473 318 1540 346 re·

77 363 284 406 centium:
333 365 376 404 et
404 367 566 416 tamen,
607 366 779 417 praeter
815 363 931 404 hunc
974 362 1017 401 et
1047 360 1092 403 C.
1125 361 1337 413 Cassium,
1381 362 1538 415 reliqui

77 420 228 474 legati,
267 421 448 461 Faustus
483 422 784 473 proquaestor3
830 433 905 474 ego
938 432 1066 467 unuS‚
1104 419 1173 459 cui
1201 421 1407 461 utrumvis
1435 420 1537 460 lice-

57 481 157 520 ret.
215 478 369 518 Frater
385 477 583 527 accedet3
613 490 738 530 quem
767 477 929 517 socium
958 475 1082 516 huius
1112 476 1308 516 fortunae
1337 488 1425 516 esse
1452 489 1538 518 non

77 536 170 575 erat
198 546 400 586 aequum3
449 534 518 575 cui
557 533 689 588 magis
725 534 851 573 etiam
882 533 1036 574 Caesar
1075 531 1295 573 irascetur.
1353 532 1436 574 Sed
1464 533 1539 574 im-

77 593 248 645 petrare
288 603 373 631 non
413 603 605 643 possum,
651 592 699 630 ut
737 592 918 633 maneat.
975 588 1180 631 Dabimus
1206 589 1289 629 hoc
1320 589 1539 643 Pompeio,

15 678 17 692 .
76 649 189 701 quod
218 647 431 690 debemus.
487 647 596 689 Nam
634 659 702 688 me
739 647 909 699 quidem
944 646 1054 688 alius
1088 657 1212 687 nemo
1242 648 1404 696 movet3
1449 659 1539 688 non

75 717 214 745 sermo
251 704 478 752 bonorum,
527 704 604 756 qui
643 705 754 745 nulli
794 707 914 754 sunt;
971 716 1056 745 non
1097 716 1248 756 causa,
1291 716 1400 755 quae
1439 704 1539 745 acta

76 762 222 802 timide
254 763 339 813 est,
387 763 536 814 agetur
565 760 771 814 improbe.
830 762 937 810 Uni,
985 760 1060 801 uni
1090 761 1172 802 hoc
1203 760 1369 808 damus,
1409 773 1463 802 ne
1491 760 1538 811 id

16 841 18 869 5
76 818 247 870 quidem
280 819 472 873 roganti,
527 831 606 859 nec
655 831 772 858 suam
811 831 982 859 causam
1021 818 1089 869 (ut
1125 817 1204 869 ait)
1240 817 1405 871 agenti,
1464 817 1538 858 sed

73 875 304 928 publicam.
362 875 426 917 Tu
456 875 558 929 quid
587 877 748 929 cogites
776 875 827 916 de
849 874 1106 918 transeundo
1134 875 1180 915 in
1195 875 1396 928 Epirum,
1427 874 1540 916 scire

74 944 176 974 sane
204 933 346 974 velim.

18 1079 20 1105 τ
73 1055 240 1090 Lucceio
265 1061 303 1089 et
326 1056 556 1100 Theophane
582 1057 816 1102 Mitylenaeo
842 1058 1025 1101 suscepit,
1066 1069 1178 1101 quum
1203 1063 1322 1091 tamen
1349 1055 1453 1090 nulla
1477 1065 1540 1090 res

18 1139 19 1142 Ἴ
75 1112 145 1136 nos
178 1101 225 1135 ad
256 1101 327 1136 hoc
358 1108 480 1146 cogat.
527 1104 577 1137 At
603 1102 799 1147 optimates
822 1103 888 1138 alii
912 1104 986 1138 alia
1011 1104 1057 1137 de
1083 1114 1193 1138 causa
1217 1102 1392 1147 Pompeii
1418 1107 1540 1136 castra

18 1146 23 1160 ³
74 1154 293 1191 sequuntur.
324 1159 386 1182 ex.
414 1159 466 1191 gr.
491 1148 534 1182 P.
559 1149 737 1184 Metellus
762 1150 892 1194 Scipio
919 1156 988 1184 cet.
1019 1149 1209 1184 POPMA.
1257 1149 1351 1183 Ueb.
1377 1148 1421 1182 L.
1442 1149 1540 1182 Luc-

14 1190 23 1230 ¹:
75 1194 179 1228 ceius
211 1205 239 1229 s.
265 1203 311 1228 zu
337 1205 394 1238 ep.
413 1194 541 1228 CVIII
565 1194 614 1228 im
638 1195 746 1237 Anf.‚·
788 1196 881 1230 iiber
904 1196 1152 1241 Theophanes
1177 1207 1236 1242 ep.
1257 1194 1542 1238 CCCXXXVL.

15 1254 21 1286 j
75 1241 110 1275 5.
142 1241 223 1274 beS.
248 1249 295 1274 zu
321 1240 530 1283 CCXCIV,
563 1242 596 1274 l.
621 1242 656 1276 6.

165 1286 200 1320 4.
225 1289 324 1319 sorte
339 1286 432 1319 kurz
446 1292 576 1329 gesagt
589 1287 648 1320 fiir
668 1296 774 1329 quam
788 1292 890 1320 sorte
910 1286 1084 1322 obtinuit.
1103 1306 1146 1312 -
1176 1297 1325 1330 genero,
1341 1286 1540 1331 Pompeio.

76 1330 240 1375 honeste,
278 1331 407 1365 Ehren
433 1332 576 1366 halber.
623 1332 735 1365 Denn
768 1333 834 1366 mit
857 1333 984 1366 Ehren
1009 1333 1149 1367 konnte
1173 1344 1216 1367 er
1238 1333 1303 1367 ihn
1327 1333 1430 1366 nicht
1454 1343 1540 1367 ver-

75 1377 212 1412 lassen.
237 1395 282 1402 —
331 1378 525 1412 Caesarem
549 1403 558 1412 .
577 1404 586 1412 .
605 1404 613 1412 .
639 1378 778 1411 iratum
802 1384 847 1412 st.
874 1379 1046 1414 Caesaris
1071 1379 1174 1414 iram.
1223 1380 1316 1414 Nam
1341 1380 1388 1414 P.
1404 1378 1540 1412 Metel-

21 1452 23 1475 ἰ
74 1423 134 1458 lus
145 1422 276 1468 Scipio
301 1422 339 1458 in
366 1434 449 1457 eum
474 1423 694 1458 sententiam
720 1424 837 1468 dixit,
864 1433 904 1459 ut
928 1432 1013 1459 ante
1037 1432 1178 1460 certum
1205 1426 1303 1460 diem
1328 1425 1539 1459 exercitum

76 1469 303 1513 dimitteret,
351 1470 450 1513 quod
483 1470 515 1504 si
548 1481 621 1503 non
646 1470 797 1513 fecerit,
836 1471 1016 1506 adversus
1041 1483 1120 1505 rem
1145 1472 1333 1516 publicam
1357 1473 1540 1505 facturum

21 1543 24 1557 ;
77 1515 212 1550 videri.
237 1535 282 1541 —
329 1516 543 1550 timuissent.
586 1517 638 1550 Μ.
660 1516 861 1551 Marcellus
886 1523 923 1552 et
941 1517 1054 1552 Caius
1079 1525 1238 1561 uterque
1263 1517 1429 1562 gladium
1446 1518 1541 1552 Cae-

75 1562 173 1597 saris
209 1561 406 1605 timebant,
446 1561 546 1606 quod
581 1562 662 1597 eius
693 1562 910 1606 dignitatem
940 1563 1123 1598 acerrime
1149 1568 1468 1609 oppugnaverant.
1492 1581 1538 1589 —-

75 1607 220 1652 Appius
252 1608 429 1643 Claudius
462 1608 630 1643 Pulcher
662 1608 858 1643 Caesarem
892 1609 989 1654 sugit
1029 1611 1152 1644 eodem
1187 1610 1369 1644 adductus
1406 1611 1540 1644 timore

76 1654 102 1688 i.
130 1665 162 1689 e.
190 1654 276 1697 quia
302 1665 383 1687 eum
409 1653 524 1688 timet.
551 1673 594 1678 —
642 1659 677 1687 et
701 1655 832 1688 timore
856 1656 994 1690 inimic.
1022 1667 1094 1691 rec.
1120 1655 1145 1690 i.
1172 1667 1204 1690 e.
1230 1656 1331 1700 quod
1356 1656 1402 1690 P.
1419 1657 1540 1690 Dola—

76 1700 212 1734 bellam
244 1706 281 1734 et
304 1700 356 1735 M.
382 1700 570 1743 Caelium,
608 1700 875 1744 Caesarianos,
906 1701 1079 1736 inimicos
1113 1713 1201 1736 suos
1224 1703 1370 1736 metuit.
1410 1703 1539 1736 Ueber

76 1745 228 1781 Caelius
252 1756 282 1780 s.
308 1756 355 1780 zu
381 1758 440 1791 ep.
457 1746 597 1781 CXCII
622 1746 670 1780 im
695 1747 781 1781 Ans.
823 1748 930 1782 Auch
955 1748 1057 1782 hatte
1080 1748 1227 1792 Appius
1253 1748 1333 1783 sich
1359 1759 1443 1782 vom
1470 1747 1540 1782 Se-

75 1798 161 1826 nate
191 1792 266 1826 und
289 1792 493 1837 Pompeius
527 1792 621 1825 dazu
647 1791 882 1837 gebrauchen
916 1794 1063 1837 lassen,
1107 1795 1169 1828 die
1203 1794 1301 1829 zwei
1331 1794 1540 1837 Legionen,

78 1838 141 1872 die
176 1838 291 1872 Gasar
326 1849 411 1871 vom
442 1838 645 1882 Pompeius
679 1839 841 1883 geborgt
876 1840 1001 1883 hatte,
1051 1846 1158 1874 unter
1197 1841 1281 1874 dem
1320 1840 1540 1876 Vorwande

77 1884 442 1923 zuriickzufordern‚
493 1884 576 1917 dass
609 1894 688 1918 man
720 1885 776 1919 sie
813 1896 898 1920 zum
938 1886 1083 1930 Kriege
1125 1887 1247 1920 wider
1288 1886 1349 1920 die
1379 1887 1542 1920 Parther

76 1929 209 1974 nothig
233 1930 337 1963 habe.
378 1930 579 1964 Dolabella
604 1929 705 1964 hatte
729 1931 799 1964 den
823 1932 969 1977 Appius
995 1932 1112 1966 durch
1137 1932 1242 1967 seine
1257 1933 1431 1976 Anklage
1459 1932 1540 1967 sich

77 1976 248 2009 verhasst
270 1976 450 2020 gemacht.
492 1976 533 2011 S.
559 1986 615 2020 ep.
635 1976 821 2020 CCXLII,
847 1980 880 2013 1.
921 1978 1109 2023 CCLVII,
1134 1980 1167 2014 2.
1206 1979 1433 2017 CCLXXV‚
1460 1981 1491 2013 l.
1504 1979 1541 2013 2.

32 2056 33 2059 ,
78 2033 113 2055 u.
156 2033 184 2056 s.
229 2022 253 2055 f.
294 2041 337 2047 —
398 2022 436 2057 C.
472 2022 661 2064 cassium,
706 2022 892 2057 tribunum
926 2024 1063 2068 plebis.
1113 2024 1151 2060 S.
1186 2035 1244 2069 ep.
1277 2025 1468 2069 CCCXV,
1505 2025 1538 2059 2.

32 2104 33 2107 ,
77 2068 330 2112 CCCXVIII,
362 2068 394 2102 2.
427 2087 473 2093 —
527 2068 683 2112 reliqui,
724 2069 787 2112 qui
822 2071 1042 2115 Pompeium
1076 2077 1302 2114 sequuntur,
1341 2076 1426 2105 sunt
1458 2070 1541 2105 eius

78 2114 216 2158 legati,
255 2120 296 2148 ut
327 2114 521 2158 Afranius,
561 2114 738 2149 Petreius
772 2120 809 2150 et
840 2116 967 2151 Varro
999 2118 1036 2151 in
1071 2117 1282 2162 Hispaniis,
1326 2116 1372 2151 de
1404 2117 1541 2163 quibus

76 2159 241 2203 itemque
273 2161 320 2194 de
346 2159 546 2205 Scipione,
583 2161 798 2204 Marcellis,
832 2162 962 2196 Cassio
996 2163 1168 2197 videatur
1191 2164 1328 2198 Caesar
1351 2163 1420 2197 lib.
1447 2164 1478 2198 1.
1504 2170 1542 2197 et

76 2206 126 2240 ΙΙ.
160 2206 206 2240 de
235 2206 279 2241 B.
305 2207 385 2241 Civ.
420 2207 466 2240 de
491 2206 619 2251 Appio
650 2218 763 2251 supra
789 2207 900 2251 epist.
924 2209 993 2243 339
1017 2215 1055 2242 et
1079 2209 1159 2244 279.
1184 2209 1375 2244 POPMA.
1402 2229 1448 2235 —
1493 2210 1540 2243 L.

77 2252 276 2287 Cornelius
302 2252 408 2287 Sulla
431 2254 589 2287 Faustus
613 2264 670 2297 ep.
691 2254 984 2297 CCCXXXVI,
1016 2257 1050 2290 3.
1081 2255 1182 2289 inter
1206 2266 1272 2290 eos
1297 2260 1538 2295 memoratur,

79 2297 143 2340 qui
168 2308 249 2332 cum
275 2297 434 2343 imperio
459 2305 577 2333 erant.
615 2298 707 2334 Vid.
733 2305 769 2333 et
795 2312 853 2344 ep.
866 2301 1045 2336 CXVIII.
1091 2302 1198 2344 „Cin
1214 2302 1328 2346 Pigh.
1351 2302 1532 2336 Annal.3.

77 2354 112 2388 p.
144 2344 224 2377 398.
281 2344 323 2377 In
363 2351 489 2378 nostra
533 2344 697 2379 lectione
735 2345 864 2390 utique
902 2347 1158 2382 scribendum:
1206 2359 1277 2392 pro
1316 2348 1541 2391 quaestore.”

35 2432 37 2434 Ι
79 2389 277 2423 ORELLI.
310 2409 352 2415 —-
406 2401 474 2433 ego
509 2402 587 2425 sum
620 2402 722 2425 unus.
760 2411 802 2417 -—
867 2394 1068 2437 utrumvis,
1110 2400 1147 2428 et
1179 2405 1326 2428 manere
1356 2399 1393 2426 et
1426 2394 1542 2427 Pom-

76 2435 201 2479 peium
233 2435 352 2477 sequi.
384 2454 428 2461 —
475 2448 546 2470 non
577 2441 656 2470 erat
690 2448 862 2482 aequum,
902 2439 990 2481 quia
1014 2439 1186 2474 Caesaris
1218 2440 1363 2482 legatus
1397 2438 1466 2472 suit
1498 2439 1539 2472 in

78 2480 203 2514 Gallia
226 2491 346 2523 neque
359 2482 541 2526 Pompeio
567 2483 679 2517 debet
703 2494 821 2527 aeque
847 2491 958 2527 atque
976 2496 1059 2529 ego.
1086 2485 1290 2520 MANUT.
1325 2484 1538 2518 Ueberden

77 2525 355 2561 Subiectsinfin.
383 2539 410 2561 s.
439 2528 586 2563 Ramsh.
613 2530 643 2571 §.
662 2531 740 2565 168.
767 2535 812 2565 A.
850 2531 994 2566 Grotef.
1020 2533 1144 2574 §.304.
1170 2551 1214 2556 —
1251 2531 1421 2574 quinum·
1443 2533 1536 2566 suut.

77 2572 117 2607 S.
150 2573 297 2607 Ramsh.
332 2574 359 2616 ᾗ.
380 2573 466 2616 203,
501 2575 560 2617 11,
592 2586 621 2608 c.
658 2594 700 2600 —
749 2587 839 2619 quae
865 2603 873 2610 .
895 2600 904 2609 .
924 2603 933 2612 .
959 2578 1145 2622 improbe,
1183 2577 1289 2610 nicht
1321 2576 1382 2610 die
1417 2575 1539 2611 sache

77 2619 208 2661 selbst,
243 2619 326 2661 (lie,
363 2629 404 2652 so
439 2621 588 2663 zaghast
624 2620 679 2654 sie
708 2624 937 2666 angefangen
968 2625 1121 2665 wurde‚
1162 2633 1202 2655 so
1239 2622 1417 2656 verkehrt
1440 2622 1538 2656 wird

0 2653 6 2701 ¹,
77 2665 292 2707 ausgeliihrt
327 2665 492 2699 werden.
525 2685 568 2691 —
617 2665 683 2700 Ῐιοσ
714 2668 863 2710 damus,
908 2669 1069 2712 bringen
1106 2668 1176 2701 wir
1202 2667 1305 2703 diess
1331 2668 1461 2713 Opser.
1490 2687 1533 2693 -

79 2711 121 2743 de
143 2712 361 2746 transeundo
386 2711 425 2746 in
448 2712 537 2756 Ep„
577 2711 669 2746 tiber
693 2713 815 2747 Deine
841 2714 957 2750 Reise
981 2715 1075 2750 nach
1099 2713 1249 2759 Epirus.

873 2779 949 2788 ..η-ι
