1795 3043
580 40 892 90 EPISTOLA
953 39 1245 87 CCXCVIII.
1543 44 1646 97 317

179 156 310 208 enim,
353 154 464 209 quod
495 154 653 197 debuit.
709 155 818 195 Eum
846 163 924 204 ego
952 152 1015 193 uti
1045 164 1096 192 ea
1123 150 1309 205 pecunia
1336 152 1470 205 volui,
1509 152 1646 205 quoad

177 214 344 255 liceret.
403 215 551 265 Itaque
578 225 678 252 usus
707 212 770 251 est
800 221 963 251 menses
993 222 1081 250 xlv.
1139 209 1407 262 Pomptinum
1437 212 1562 263 cupio
1577 224 1646 252 va·
1669 213 1697 252 3

179 272 287 311 lere:
328 273 395 319 et,
435 269 545 322 quod
573 268 726 309 scribis
755 268 800 307 in
830 266 978 306 urbem
1006 265 1227 314 introisse,
1259 279 1409 308 vereor
1439 267 1541 319 quid
1569 269 1648 309 sit:

178 340 276 368 nam
305 327 348 367 id
377 326 459 367 nisi
486 325 604 380 gravi
634 326 685 365 de
715 337 842 365 causa
871 335 956 363 non
986 323 1169 363 fecisset.
1227 324 1331 377 Ego,
1362 324 1559 376 quoniam
1584 337 1648 368 lv.

178 384 322 425 Nonas
353 385 518 424 Ianuar.
550 382 863 434 compitalicius
891 379 981 420 dies
1013 381 1099 427 est,
1139 380 1237 418 nolo
1269 393 1317 421 eo
1348 382 1416 422 die
1445 383 1490 422 in
1519 380 1648 422 Alba·

177 453 280 481 num
310 441 480 488 venire,
511 452 564 480 ne
593 441 794 479 molestus
821 437 900 477 sim
927 436 1127 478 familiae.
1195 436 1371 478 Veniam
1401 453 1473 481 111.
1504 438 1648 480 Nonas

178 497 330 550 igitur:
371 497 469 538 inde
497 496 551 538 ad
578 495 727 536 urbem
755 494 894 548 pridie
923 493 1079 535 Nonas.
1148 492 1241 533 'rua
1277 497 1394 547 λῆψις
1433 508 1559 548 quem
1599 496 1647 536 iu

179 555 291 595 diem
328 555 540 601 incurrat,
581 553 751 601 nescio,
797 551 871 591 sed
911 563 1085 604 prorsus
1126 552 1169 595 te
1205 555 1461 594 commoveri
1488 554 1649 593 incom-

178 612 300 652 modo
330 609 581 652 valetudinis
609 612 707 650 tuae
736 609 848 649 nolo.
919 608 983 648 De
1020 609 1181 652 honore
1218 612 1383 662 nostro,
1424 611 1510 650 nisi
1543 610 1645 662 quid
1669 617 1698 656 4

178 670 347 710 occulte
377 668 531 708 Caesar
559 679 637 719 per
665 678 761 707 suos
790 665 982 706 tribunos
1011 666 1183 709 molitus
1213 668 1312 716 erit,
1342 668 1486 708 cetera
1503 668 1648 709 viden-

177 727 248 765 tur
274 737 364 765 esse
393 725 638 776 tranquilla.
708 723 1097 774 Tranquillissimus
1136 727 1275 767 autem
1313 725 1477 766 animus
1512 737 1650 773 meus,

178 783 253 834 qui
282 783 416 822 totum
445 781 556 822 istuc
586 780 711 832 aequi
741 780 841 821 boni
869 781 996 828 facit3
1027 782 1069 821 et
1098 793 1150 823 co
1180 782 1330 835 magis,
1363 782 1476 834 quod
1506 783 1592 823 iam
1620 795 1650 824 a

177 839 323 879 multis
352 839 479 880 audio
508 839 780 878 constitutum
821 850 911 877 esse
949 837 1148 889 Pompeio
1178 845 1221 880 et
1258 840 1348 880 eius
1387 840 1564 881 consilio
1599 839 1648 880 in

177 896 371 937 Siciliam
399 908 466 937 me
496 897 687 947 mittere,
729 894 841 945 quod
869 895 1095 945 imperium
1126 896 1320 938 habeam.
1378 897 1428 937 Id
1457 899 1519 937 est
1554 895 1650 949 Ἀβ-

176 950 400 1002 δηριτικόν.
457 951 547 993 Nec
577 952 688 992 enim
717 953 884 992 senatus
913 951 1197 994 decrevitnec
1215 955 1398 1006 populus
1427 954 1550 995 iussit
1578 966 1650 995 me

176 1010 406 1062 imperium
435 1010 482 1049 in
513 1009 663 1049 Sicilia
692 1009 862 1048 habere.
921 1009 994 1048 Sin
1025 1009 1110 1049 hoc
1141 1024 1209 1051 res
1238 1010 1415 1063 publica
1442 1011 1495 1051 ad
1525 1012 1650 1051 Pom-

175 1068 318 1120 peium
347 1067 502 1107 defert:
530 1065 607 1118 qui
633 1077 701 1106 me
730 1065 861 1118 magis
889 1077 1016 1116 quam
1043 1065 1258 1118 privatum
1270 1068 1456 1119 aliquem
1484 1067 1651 1111 mittat?

268 1191 304 1224 3.
337 1188 482 1230 valere,
515 1187 600 1222 dass
637 1198 678 1221 er
702 1198 855 1232 genese.
903 1188 1128 1234 Pomptinus
1153 1201 1233 1224 war
1258 1189 1364 1224 einer
1388 1190 1456 1224 der
1479 1189 1652 1234 Legaten

22 1218 26 1266 (³
178 1234 342 1270 Cicero’s
358 1234 394 1268 in
410 1233 583 1268 Cilicien.
610 1233 650 1268 S.
674 1245 732 1278 ep.
754 1235 833 1269 193.
858 1252 902 1259 —-
951 1239 996 1278 et,
1021 1237 1126 1279 qnod.
1163 1237 1256 1270 Ern.
1273 1247 1372 1281 susp.
1395 1237 1459 1270 secl
1482 1237 1587 1280 quod.
1602 1255 1651 1262 —-

23 1271 25 1327 ἱ
180 1280 268 1325 quid
291 1281 360 1324 sit,
384 1281 477 1314 Was
502 1280 566 1313 das
592 1289 638 1313 zu
662 1279 849 1313 bedeuten
872 1279 979 1315 habe.
1028 1282 1139 1316 Denn
1167 1282 1227 1316 die
1251 1282 1569 1317 Unterseldherrn
1595 1281 1655 1316 ei·-

23 1330 24 1344 ¹
178 1337 246 1361 nes
271 1327 517 1370 Imperators‚
557 1325 625 1359 der
649 1325 720 1359 den
748 1326 931 1370 Triumph
962 1328 1203 1372 nachsuchte,
1237 1329 1403 1373 pflegten
1429 1328 1533 1363 nicht
1557 1329 1652 1363 ehet’

17 1370 25 1408 Ιῖ
179 1373 220 1406 in
245 1373 305 1406 die
328 1372 436 1407 Stadt
460 1382 505 1405 zu
531 1371 724 1414 kommen,
761 1372 816 1406 als
846 1372 905 1406 bis
941 1372 998 1407 sie
1022 1373 1088 1407 mit
1112 1374 1186 1408 ihm
1211 1385 1256 1408 an
1283 1375 1350 1409 der
1383 1375 1512 1420 Spitze
1545 1375 1652 1409 ihrer

181 1418 378 1463 Legionen
404 1417 599 1451 einziehen
635 1417 814 1452 konnten.
842 1429 912 1451 non
939 1419 1007 1460 fec.
1040 1431 1159 1454 meum
1192 1421 1289 1455 enim
1321 1421 1549 1466 triumphum
1582 1433 1652 1455 ex·

178 1471 406 1509 spectasset,
433 1470 490 1505 ut,
516 1464 547 1497 si
573 1463 619 1496 de
644 1463 831 1509 triumpho
856 1464 1109 1509 impetrarem,
1135 1478 1277 1501 mecum
1302 1467 1412 1502 simul
1438 1468 1566 1502 urbem
1593 1468 1653 1501 in·-

178 1511 411 1554 grederetur.
454 1509 662 1544 MANUT.
689 1529 733 1535 -—
780 1509 851 1544 IV.
877 1511 973 1546 Non.
998 1512 1102 1554 Iam,
1129 1523 1184 1546 am
1210 1513 1242 1548 2.
1264 1513 1342 1548 Ian.
1367 1533 1412 1540 —
1472 1514 1652 1558 compita-

181 1558 290 1590 licius
314 1557 408 1598 dies,
434 1555 514 1589 eins
539 1556 607 1589 der
632 1556 887 1599 beweglichen
907 1557 1031 1599 Feste,
1054 1558 1116 1592 die
1140 1570 1223 1592 vom
1239 1560 1404 1604 collegio
1418 1560 1652 1595 Pontificum

180 1614 217 1637 u.
244 1603 314 1636 den
339 1602 502 1637 Consuln
530 1602 622 1635 nach
646 1602 842 1636 Willkiihr
866 1603 1082 1637 anberaumt
1106 1606 1274 1641 wurden.
1321 1607 1374 1640 Es
1399 1607 1500 1641 hatte
1519 1607 1653 1642 seinen

179 1649 321 1684 Namen
346 1648 558 1692 compitalia
583 1659 654 1682 von
680 1649 753 1682 den
775 1648 1096 1694 Scheidewegen,
1123 1653 1299 1697 compita,
1325 1654 1391 1687 auf
1410 1654 1582 1687 welchen
1609 1663 1654 1688 es

180 1695 251 1729 den
276 1695 392 1728 Lares
417 1704 462 1727 zu
488 1695 615 1728 Ehren
641 1705 713 1727 von
744 1694 816 1729 den
848 1696 1137 1740 Hausgenossen
1170 1699 1236 1731 anf
1263 1699 1346 1732 dem
1378 1700 1510 1733 Lande
1541 1701 1654 1734 woh-

25 1732 32 1781 ξ
180 1742 322 1775 nender
344 1740 538 1781 Familien‚
564 1741 772 1775 besonders
796 1752 869 1775 von
894 1742 966 1776 den
985 1742 1161 1787 SkIaven,
1187 1745 1247 1778 fiir
1265 1745 1413 1779 welche
1429 1757 1467 1780 es
1486 1746 1545 1780 ein
1566 1746 1652 1791 Tag

26 1783 32 1818 l
181 1788 248 1821 der
270 1787 378 1821 Ruhe
404 1786 479 1820 und
504 1786 764 1820 Frohlichkeit
795 1798 893 1831 war,
928 1789 1143 1833 begangen,
1176 1790 1242 1825 mit
1275 1790 1395 1825 einem
1426 1792 1650 1827 feierlichen

27 1833 33 1849 ''
182 1834 301 1878 Opfer
324 1833 554 1876 angesangen
581 1844 616 1866 u.
645 1832 710 1866 mit
736 1832 962 1868 Schmausen
987 1847 1021 1869 u.
1049 1837 1147 1869 allen
1165 1837 1289 1871 dieser
1305 1838 1440 1873 Klasse
1453 1849 1651 1882 angemes·

181 1890 297 1915 senen
322 1881 438 1913 Arten
470 1889 541 1912 von
567 1879 918 1922 Ergotzlichkeiten
944 1881 1188 1917 beschlossen
1219 1884 1363 1918 wurde.
1388 1903 1434 1910 —
1480 1886 1652 1928 familiae

181 1925 376 1968 Pompeii,
410 1925 515 1958 cuius
546 1925 768 1959 hilaritatem
805 1926 867 1960 die
898 1929 992 1962 festo
1025 1940 1129 1963 meus
1159 1929 1339 1964 adventus
1374 1930 1651 1976 interpellaret.

29 1998 31 2004 ,
181 1971 388 2007 MANUT.
404 1990 449 1996 —
497 1972 573 2005 ΙΙΙ.
594 1971 705 2014 Non„
732 1983 789 2005 am
813 1974 846 2007 3.
862 1975 1009 2008 lanuar.
1027 1993 1072 1999 ——
1115 1976 1217 2019 prid.
1235 1976 1349 2021 Non„
1375 1988 1432 2011 am
1457 1979 1491 2013 4.
1510 1978 1588 2012 Ian.
1604 1996 1651 2004 —-·

29 2005 34 2057 t:
181 2020 309 2064 λῆψις,
341 2025 542 2062 quartanae
578 2018 791 2062 correptio,
824 2018 1004 2063 impetus,
1039 2020 1086 2054 de
1117 2022 1331 2057 accessione
1361 2023 1491 2059 febris.
1523 2043 1567 2050 -·
1615 2029 1652 2058 te

18 2060 35 2085 *³³
182 2064 423 2105 commoveri,
458 2064 542 2098 dass
567 2063 629 2097 Du
655 2064 741 2097 dich
768 2075 838 2098 von
877 2066 946 2099 der
968 2066 1089 2101 Stelle
1115 2068 1320 2112 bewegest.

268 2110 302 2144 4.
335 2111 484 2143 molitus
507 2110 590 2152 erit,
614 2110 742 2144 Etwas
768 2111 944 2146 heimlich
959 2113 1056 2146 wird
1083 2114 1120 2147 in
1147 2114 1217 2147 den
1239 2116 1339 2159 Weg
1354 2115 1482 2159 gelegt
1507 2116 1649 2160 haben;

181 2161 221 2189 ut
246 2155 453 2191 intercedat
476 2155 644 2190 tribunus
670 2157 821 2200 aliquis,
847 2169 893 2192 ne
917 2159 1056 2203 possim
1083 2160 1324 2206 triumphare.
1372 2162 1582 2197 MANUT.
1606 2181 1650 2188 -

184 2202 405 2246 tranquilla,
431 2214 472 2237 so
499 2202 584 2236 dass
608 2203 688 2236 also
714 2210 818 2237 sonst
842 2215 915 2237 von
930 2205 1161 2240 Niemanden
1188 2207 1249 2241 ein
1273 2207 1486 2252 Einspruch
1511 2219 1557 2242 zu
1582 2210 1649 2243 be-

181 2247 438 2290 sorgenist.—
464 2249 661 2292 quitatum.
675 2250 798 2293 .sacit,
819 2250 974 2284 dersich
987 2252 1050 2285 das
1066 2253 1192 2287 Ganze
1204 2254 1476 2298 gesallenl'asst,
1490 2256 1648 2298 gutsein

181 2293 282 2327 l'asst.
311 2294 349 2328 S.
362 2294 510 2329 Ramsh.
523 2295 551 2336 §.
564 2295 734 2336 109,Not.
745 2297 777 2330 3.
792 2295 978 2342 G1·0tef.§.
990 2298 1070 2339 238,
1083 2299 1155 2334 1.2.
1170 2300 1316 2345 Zumpt.
1327 2301 1355 2343 §.
1367 2301 1448 2336 444.
1459 2303 1568 2335 Anm.
1580 2313 1650 2336 zur

183 2338 304 2373 Sache
337 2340 414 2383 vgl.
447 2352 505 2384 ep.
532 2341 830 2385 CCXXXVIII,
857 2345 912 2378 13.
950 2344 1246 2390 CCLXXVHI,
1269 2347 1302 2381 2.
1339 2347 1586 2391 CCLXXXI,
1613 2349 1648 2383 5.

183 2385 504 2428 CCLXXXIV‚7.
532 2386 782 2431 CCXC111‚6.
796 2391 827 2423 7.
847 2390 955 2424 u.s.f.
976 2408 1020 2415 ·—
1044 2391 1275 2427 inSr'cz'lz'czm.
1301 2393 1363 2427 {Es
1375 2393 1648 2436 magEtwasan

183 2430 322 2464 diesem
334 2431 510 2466 Proiecte
525 2433 671 2467 wahres
692 2434 783 2468 sein.
827 2435 962 2470 Cicero
981 2437 1058 2480 galt
1073 2438 1146 2472 seit
1163 2439 1410 2482 derAnklage
1427 2439 1492 2472 des
1504 2440 1650 2475 Verres

183 2477 349 2510 daselbst
358 2477 447 2517 viel,
459 2477 596 2513 konnte
606 2479 668 2513 die
678 2480 777 2516 Insel
787 2492 908 2525 gegen
921 2483 1034 2517 Casar
1044 2483 1275 2529 behaupteu3
1293 2484 1547 2520 and’rerSeits
1556 2486 1652 2521 hielt

183 2533 265 2556 man
279 2523 350 2556 den
361 2524 723 2567 Republikanervon
734 2527 1003 2563 Romdadurch
1019 2531 1246 2564 entfe1·nt.-—
1271 2531 1374 2575 quod.
1386 2530 1648 2574 impdzabeam.
1704 2553 1708 2557 ·

183 2569 237 2603 Er
262 2568 377 2612 hiess‚
404 2569 462 2603 bis
487 2570 615 2604 Etwas
641 2572 734 2605 oder
758 2573 890 2607 Nichts
911 2585 976 2609 aus
1001 2577 1140 2610 seinem
1166 2577 1348 2621 Triumph
1372 2577 1525 2620 wurde,
1550 2580 1647 2613 noch

184 2614 314 2649 immer
338 2616 568 2660 Imperator,
603 2617 703 2650 hatte
728 2619 819 2653 aber
842 2620 974 2655 Nichts
998 2632 1044 2656 zu
1070 2623 1358 2656 commandiren.
1385 2641 1430 2648 —·
1475 2624 1589 2668 Ἀβδη
1618 2641 1648 2660 ι-

181 2660 299 2703 τικόιι,
324 2662 490 2696 stultum.
540 2662 745 2698 Abderitae
769 2666 929 2701 stultitia
953 2667 1121 2702 infames..
1172 2669 1259 2704 Vid.
1293 2681 1350 2714 ep.
1373 2667 1554 2705 CXLIX:
1588 2639 1648 2706 fite

183 2706 352 2752 Abdera,
389 2719 459 2742 nou
493 2711 631 2743 tacente
665 2720 732 2744 me.
760 2730 803 2737 —
852 2713 986 2758 defert,
1017 2715 1212 2749 iiberlasst.
1240 2734 1284 2741 -
1332 2715 1454 2749 mittat
1478 2714 1516 2749 in
1548 2716 1647 2754 Sici-
