1795 3043
571 81 890 129 EPISTOLA
925 81 1141 129 CCCLII.
1490 88 1594 138 465

128 198 256 239 reret.
316 195 487 239 Utinam
516 195 688 248 aliquod
716 195 763 236 in
780 195 862 235 hac
882 195 1052 236 miseria
1081 195 1146 236 rei
1161 194 1359 248 publicae
1384 194 1593 238 πολιτικόν

128 266 234 306 opus
262 254 435 295 efficere
465 257 506 294 et
526 266 681 294 navare
703 253 809 292 mihi
827 251 975 292 liceat!
1036 253 1192 293 Matius
1210 253 1378 304 quidem
1408 257 1457 306 et<
1467 254 1590 295 illum

17 303 26 310 ”
83 340 88 343 -
127 310 173 350 111
204 324 254 352 ea
281 311 491 352 sententia
520 322 610 350 esse
640 308 878 351 confidebat
906 310 948 348 et
978 321 1022 349 se
1053 312 1269 350 auctorem
1288 311 1388 350 fore
1415 311 1591 363 pollice-

12 523 23 594 *⁴11*
16 410 27 481 *nu

126 366 270 409 batur.
341 369 484 409 Pridie
527 369 668 408 autem
707 365 819 417 apud
857 377 924 405 me
964 365 1178 418 Crassipes
1217 369 1382 415 fuerat,
1430 369 1506 420 qui
1544 381 1589 408 se
1612 377 1639 416 3

126 425 266 477 pridie
290 424 432 465 Nonas
452 424 578 466 Mart.
596 423 819 464 Brundisio
849 422 1088 474 profectum
1117 426 1242 475 atque
1261 424 1324 464 ibi
1337 425 1589 478 Pompeium

125 481 350 532 reliquisse
392 482 578 522 dicebat:
629 480 742 533 quod
783 479 929 531 etiam,
969 481 1042 530 qui
1083 480 1465 524 v111.1dusillinc
1494 495 1589 536 pro—

123 538 227 578 fecti
258 540 403 588 erant,
439 538 713 579 nuntiabant:
752 538 833 577 Illa
861 549 962 578 vero
993 549 1162 585 01111165,
1205 537 1250 577 111
1279 539 1433 589 quibus
1460 541 1589 581 etiam

126 594 343 647 Crassipes
363 598 390 645 †
418 619 476 625 —
521 595 596 646 qui
622 592 848 647 prudentia
864 593 1005 646 potius
1030 592 1247 634 attendere
1274 617 1331 623 —
1375 609 1588 638 sermones

124 652 333 704 minaces,
363 652 560 693 inimicos
579 651 871 704 optimatium,
902 650 1232 704 municipiorum
1260 652 1421 705 hostes,
1450 667 1588 696 meras

121 709 474 761 proscriptiones,
513 721 651 748 meros
683 709 841 749 Sullas:
883 721 991 759 quae
1019 708 1251 749 Lucceium
1278 710 1418 761 loqui!
1479 723 1589 762 quae

120 767 253 805 totam
275 765 515 807 Graeciam!
565 778 674 816 quae
703 778 804 806 vero
834 766 1155 818 Theophanem!
1210 767 1266 805 Et
1282 768 1422 807 tamen
1451 769 1589 810 omnis
1610 771 1639 811 4

121 834 217 874 spes
255 822 402 863 salutis
438 823 482 862 in
513 822 599 863 illis
631 823 719 872 est3
771 825 814 863 et
844 830 930 876 ego·
950 823 1111 863 excubo
1143 823 1283 863 animo
1312 836 1393 864 nec
1421 827 1588 876 partem

119 880 252 919 ullam
282 880 406 931 capio
437 880 612 931 quietis;
651 881 714 931 et,
743 881 792 920 ut
821 881 897 920 has
925 882 1062 933 pestes
1093 877 1310 933 effugiam,
1343 894 1440 921 cum
1468 882 1586 923 dissi»-

118 935 310 976 millimis
347 938 483 977 nostri
521 949 611 977 esse
642 936 784 988 cupio.
844 937 954 984 Quid
985 937 1097 977 enim
1128 939 1174 977 tu
1204 937 1298 978 illic
1329 938 1585 991 Scipionem,

120 993 223 1043 quid
237 994 455 1042 Faustum,
486 994 586 1045 quid
605 994 809 1034 Libonem
829 994 1224 1047 praetermissurum
1247 995 1418 1036 sceleris
1436 995 1586 1048 putas?

118 1061 297 1101 quorum
333 1051 565 1091 creditores
597 1052 827 1091 convenire
867 1051 1084 1093 dicuntur.
1154 1050 1266 1098 Quid
1312 1064 1383 1093 eos
1430 1054 1586 1106 autem,

116 1173 288 1208 einkunft
312 1172 380 1207 mit
402 1172 620 1218 Pompeius.
645 1192 690 1198 —
738 1174 839 1209 πολ.
865 1183 963 1217 opus,
978 1172 1003 1207 1.
1031 1184 1064 1207 e.
1088 1172 1146 1207 rei
1171 1173 1347 1218 publicae
1370 1174 1484 1219 utile,
1518 1176 1587 1212 Et-

115 1231 194 1254 was
228 1220 296 1254 der
326 1220 521 1264 Republik
555 1219 777 1253 niitzliches.
808 1238 852 1243 —
901 1220 1028 1261 illum,
1065 1220 1274 1257 Caesarem.
1308 1238 1353 1247 --
1398 1227 1586 1259 auctorem

115 1268 216 1311 fore,
248 1277 291 1301 er
314 1267 431 1301 wolle
456 1276 538 1299 zum
562 1266 728 1300 Frieden
752 1266 897 1299 rathen.

203 1325 238 1359 3.
281 1323 492 1367 Crassipes,
532 1322 699 1356 Cicero’s
730 1321 960 1365 ehemaliger
992 1321 1322 1367 Schwiegersohn.
1363 1341 1409 1351 --
1457 1325 1588 1371 pridie

115 1368 212 1405 Non.
249 1369 389 1411 Mart.,
439 1379 495 1403 am
532 1369 566 1403 6.
590 1369 709 1403 Blarz.
740 1386 785 1392 —
837 1368 946 1402 VIII.
971 1366 1028 1401 Id.
1065 1369 1198 1413 Mart„
1240 1381 1296 1404 am
1326 1371 1360 1406 8.
1386 1373 1503 1408 Marz.
1537 1391 1584 1400 —-

115 1417 184 1449 illa
209 1425 307 1449 vero.
352 1415 437 1450 sch.
464 1414 503 1448 in
528 1415 586 1448 ed.
614 1415 701 1448 min.
735 1414 832 1448 coni.
859 1415 960 1448 illos.
1001 1414 1083 1447 Hoc
1116 1420 1236 1449 tamen
1266 1416 1334 1451 vix
1365 1425 1585 1464 corruptum

114 1468 227 1496 esset.
274 1462 359 1495 illic
388 1467 509 1495 autem
542 1472 628 1494 mox
661 1460 872 1494 videbimus
904 1461 1157 1504 depravatum.
1194 1462 1266 1496 ΟΕ.
1301 1482 1345 1488 -
1399 1466 1462 1508 qui
1488 1478 1583 1511 pru..

114 1509 239 1543 dentia
257 1511 384 1552 potius
407 1508 602 1541 attendere.
649 1508 751 1541 Haec
776 1507 886 1540 foede
911 1513 1099 1550 corrupta.
1142 1506 1207 1541 Sic
1231 1508 1310 1543 Md.
1337 1509 1434 1545 Cett.
1459 1512 1579 1548 Codd.

113 1554 214 1598 noti,
251 1557 341 1589 Asc.
369 1556 399 1587 1.
440 1554 540 1589 Crat.
578 1553 680 1589 Vict.
707 1554 737 1586 1.
777 1553 871 1586 Item
904 1553 993 1586 Bos.
1026 1553 1158 1588 Graev.
1191 1554 1304 1599 Ern.,
1343 1557 1409 1590 sed
1442 1569 1463 1592 e
1487 1559 1578 1594 Bos.

112 1601 236 1643 coni„
262 1611 335 1644 qua
359 1600 454 1633 nihil
480 1600 668 1633 invamur:
699 1601 809 1642 potis.
853 1599 944 1632 Item
971 1599 1113 1632 Manut.
1138 1598 1268 1635 Lamb.
1294 1602 1400 1637 Vict.
1414 1603 1445 1638 2.
1483 1604 1578 1639 Sed:

108 1647 231 1692 potuit
272 1646 455 1681 Graevius
493 1646 589 1679 coni.
629 1646 724 1680 Lall.
770 1655 840 1689 qua
866 1645 1084 1688 prudentia,
1119 1649 1224 1689 potes
1258 1649 1443 1683 attendere
1488 1651 1578 1686 Sch.

113 1693 211 1727 coni.
249 1703 340 1737 quae
366 1696 538 1737 portenta
569 1695 679 1736 putas
709 1691 919 1725 ostendere?
960 1695 1130 1735 portenta
1165 1703 1238 1726 non
1272 1693 1466 1738 displicet:
1510 1696 1578 1731 sed

111 1744 188 1773 tum
215 1739 389 1774 usitatum
406 1744 478 1773 est:
507 1743 677 1782 portenta
702 1738 803 1781 loqui
823 1738 883 1772 vel
901 1738 1002 1783 quod
1021 1738 1057 1772 in
1073 1738 1579 1778 POTIUSATTENDERE

110 1786 232 1820 latere
264 1791 408 1830 potest:
448 1786 641 1827 effundere.
683 1784 877 1820 ORELLI.
927 1785 1037 1819 Danu
1074 1786 1186 1820 fallen
1222 1786 1283 1821 die
1310 1788 1475 1823 zeichen
1509 1790 1578 1825 der

110 1832 346 1867 Parenthese
376 1842 461 1874 weg
503 1831 576 1865 und
613 1831 719 1866 Alles
756 1831 870 1875 hangt
908 1842 981 1865 von
1018 1836 1128 1876 putas
1168 1833 1226 1866 ab.
1282 1834 1490 1869 Vielleicht
1526 1835 1577 1871 ist

111 1878 314 1912 attenditur
337 1887 384 1910 zu
409 1877 515 1910 lesen
540 1876 614 1910 und
639 1877 702 1911 die
727 1876 846 1912 Stelle
870 1888 912 1912 so
937 1888 983 1912 zu
1008 1880 1150 1912 sassen:
1180 1879 1250 1912 illa
1275 1879 1357 1914 scil.
1383 1889 1577 1917 sermones

110 1923 274 1958 minaces
309 1929 380 1957 etc.
414 1934 499 1956 vero
531 1934 673 1967 omnes,
717 1924 757 1957 in
789 1924 916 1968 quibus
947 1925 1057 1958 etiam
1090 1925 1280 1969 Crassipes
1310 1945 1355 1952 -—
1401 1930 1463 1971 qui
1481 1940 1576 1973 pru-⁵

111 1969 236 2004 denti&
261 1969 285 2003 i.
304 1980 335 2003 e.
361 1969 409 2003 ob
426 1969 659 2014 prudentiam
681 1971 805 2013 potius
829 1972 1045 2014 attenditur,
1071 1972 1302 2006 nuntiabant.
1339 1974 1453 2016 „Alle
1469 1976 1574 2018 aber,

109 2023 220 2050 unter
253 2015 365 2049 ihnen
403 2017 498 2049 auch
532 2017 746 2060 Crassipes,
789 2018 853 2051 auf
881 2017 953 2051 den
986 2018 1047 2052 1611
1080 2029 1211 2062 wegen
1246 2018 1370 2052 seiner
1403 2020 1575 2056 Einsicht

108 2063 217 2104 (weil
245 2073 286 2096 er
311 2072 351 2096 65
378 2072 434 2095 3111
458 2062 597 2096 Besten
624 2062 733 2104 weis)
757 2063 879 2097 lieber
904 2064 1001 2098 mein
1023 2064 1103 2098 Ohr
1128 2064 1261 2107 richte,
1288 2066 1471 2109 sprechen
1497 2078 1572 2104 von

111 2108 183 2142 den
200 2109 454 2151 Drohungen,
488 2108 550 2142 die
576 2119 658 2142 man
684 2108 769 2142 dort
790 2110 1011 2153 aussfiesse,
1051 2121 1122 2144 von
1148 2121 1301 2153 grosser
1325 2111 1573 2158 Erbitterung

109 2155 176 2189 auf
204 2155 265 2188 die
296 2154 689 2197 zuriickgebliebenen
717 2155 950 2199 Optimaten,
993 2167 1064 2190 von
1093 2157 1235 2190 Grimm
1268 2157 1333 2191 auf
1358 2158 1421 2192 die
1445 2161 1574 2195 Muni-

109 2200 353 2245 cipalstadte3
392 2200 486 2234 kurz
512 2201 595 2234 dass
622 2201 785 2235 daselbst
809 2213 880 2235 von
905 2202 1036 2236 Nichts
1060 2202 1116 2236 als
1141 2213 1212 2236 von
1237 2203 1482 2249 Aechtungen
1508 2207 1572 2241 die

108 2247 216 2282 Rede
242 2246 297 2281 sei
331 2246 406 2280 und
432 2245 516 2281 dass
540 2258 622 2281 man
648 2248 769 2281 lauter
793 2247 926 2282 Sulla's
952 2249 1036 2282 dort
1061 2259 1107 2282 zu
1133 2249 1251 2282 hosen
1284 2251 1358 2284 und
1383 2261 1429 2285 zu
1455 2253 1571 2287 seben

108 2293 310 2327 vermeine.
352 2293 440 2327 Man
465 2294 540 2336 vgl.
569 2293 646 2328 Cic.
675 2294 778 2328 Orat.
797 2295 875 2337 ΙΙΙ,
901 2295 962 2329 50:
989 2305 1118 2328 versus
1142 2295 1364 2339 attenditur;
1398 2298 1567 2344 Philippi

108 2339 169 2382 ΙΙ,
202 2339 264 2372 12:
311 2344 501 2383 stuporem
535 2339 694 2374 hominis
725 2341 924 2384 attendite3
975 2340 1070 2374 Sull.
1098 2342 1163 2375 ll:
1205 2354 1263 2376 me
1297 2344 1490 2378 attendite-
1523 2363 1566 2370 —

106 2384 210 2428 loqui
234 2384 313 2418 scil.
341 2384 571 2419 nuntiabant!
610 2397 674 2420 aus
700 2387 882 2420 welchem
900 2387 1006 2420 Tene
1032 2387 1168 2421 liessen
1193 2388 1248 2422 sie
1273 2389 1343 2422 den
1368 2390 1567 2434 Lucceius,

106 2431 234 2473 Alles,
274 2441 352 2464 was
383 2441 455 2465 von
480 2431 667 2466 Griechen
699 2443 760 2466 um
784 2433 989 2477 Pompeius
1020 2433 1091 2477 ist,
1132 2434 1337 2468 besonders
1365 2436 1456 2470 aber
1492 2437 1566 2471 den

106 2476 358 2521 Theophanes
390 2478 591 2521 sprechen!
637 2478 764 2514 Ueber
786 2479 965 2514 Lucceius
994 2490 1023 2514 5.
1056 2490 1103 2514 zu
1136 2492 1195 2526 ep.
1216 2480 1421 2526 CCCXLI,
1445 2483 1486 2525 35
1522 2492 1566 2517 so

105 2524 200 2558 auch
228 2523 320 2557 iiber
349 2522 578 2567 Theophanes
601 2524 679 2559 das.
967 2563 971 2567 ,

198 2570 232 2604 4.
265 2569 306 2602 in
329 2568 427 2613 illis,
466 2570 532 2603 auf
559 2571 711 2605 solchen
737 2570 895 2606 Leuten.
927 2588 973 2598 -ἢ
1018 2572 1152 2606 excubo
1183 2571 1322 2611 animo,
1363 2572 1423 2606 ic‘h
1458 2573 1565 2608 5111116

108 2615 191 2659 Tag
223 2615 298 2648 und
323 2615 454 2650 Nacht.
490 2635 533 2640 —
580 2621 614 2650 et
639 2623 770 2652 tamen.
807 2637 849 2644 -
897 2616 962 2652 has
982 2623 1118 2662 pestes,
1155 2629 1250 2661 quae
1283 2629 1304 2652 a
1329 2619 1566 2654 Caesarianis

108 2661 333 2706 impendent.
375 2662 482 2696 SCH.
522 2681 565 2687 —-
618 2664 758 2698 dissim.
788 2665 925 2707 nostri,
969 2664 1222 2708 Pompeianis
1263 2684 1301 2689 —-
1356 2665 1564 2710 Scipionem

106 2707 281 2752 Pompeii
307 2718 488 2741 socerum.
526 2727 567 2734 --
615 2710 810 2752 Faustum,
843 2710 973 2745 Sullae
999 2709 1191 2744 dictatoris
1215 2709 1359 2754 filium,
1395 2713 1460 2754 qui
1486 2720 1566 2748 erat

106 2752 147 2787 in
170 2753 412 2798 Pompeianis
442 2752 656 2800 praesidiiS.
689 2755 896 2792 MANUT.
948 2757 1012 2790 cfr.
1040 2767 1098 2801 ep.
1117 2756 1204 2796 341,
1230 2757 1264 2790 4.
1300 2776 1342 2783 -—
1393 2758 1568 2794 Libonem

168 2812 237 2843 Cic.v
260 2814 373 2842 Briefo
394 2823 428 2842 v.
450 2814 591 2843 Billerb.
614 2816 657 2843 11.
1212 2818 1268 2857 30
