1795 3043
198 78 299 126 494
468 73 532 121 M.
557 73 613 120 Τ.
645 72 986 120 CICERONIS
1019 73 1395 127 EPISTOLAE.

199 185 311 239 quod
328 186 454 235 mihi,
483 185 722 226 remisisset.
779 185 981 227 Homines
1008 186 1233 231 ridiculos!
1265 189 1358 241 qui,
1389 202 1520 242 quum
1549 191 1658 234 filios

198 243 410 284 misissent
440 242 493 282 ad
523 243 596 283 Cn.
627 243 874 294 Pompeium
905 245 1313 299 drenmsidendum,
1349 247 1433 300 ipsi
1462 249 1508 289 in
1537 261 1656 290 sena-

199 303 289 341 tum
325 300 472 340 venire
513 299 773 343 dubitarent.
831 300 915 342 Sed
951 303 1091 342 tamen
1129 305 1368 356 exemplum
1404 305 1498 347 misi
1534 305 1588 347 ad
1617 309 1661 346 te

201 356 393 398 Caesaris
421 358 656 398 literarum.

379 506 694 553 EPISTOLA
729 507 983 554 CCCLXV.
1034 507 1115 567 (ad
1151 508 1257 556 Div.
1295 510 1375 557 IV.
1403 513 1471 570 1.)

243 582 326 618 scr.
358 582 459 618 circa
490 583 546 618 Id.
571 584 662 628 Apr.
699 583 738 616 in
762 584 1054 674 Fogmiznowvtjl
1084 585 1160 620 alia
1191 586 1283 620 villa
1316 588 1361 622 A.
1388 586 1433 622 U.
1463 585 1505 622 C.
1533 587 1611 622 705.

836 641 867 664 a.
924 657 932 665 .
1006 656 1013 664 .

199 697 370 743 Sulpicio
395 708 519 732 secum
545 696 592 731 de
607 697 809 742 republica
834 698 1101 733 communicari
1115 700 1281 745 cupienti
1305 701 1438 736 scribit
1454 711 1508 744 se,
1534 712 1662 745 quam-

198 756 307 789 quam
339 744 434 779 nihil
469 744 504 778 ei
541 743 718 788 opitulari
750 755 862 788 posse
892 745 1084 788 videatur,
1122 752 1242 781 tamen
1274 759 1347 781 non
1373 748 1476 781 nolle
1509 758 1590 781 cum
1614 758 1660 781 eo

198 791 391 836 colloqui,
425 790 500 824 nisi
530 791 633 823 malit
668 790 828 834 aliquem
861 791 906 826 ad
931 802 973 826 se
1003 792 1179 835 mittere,
1223 804 1270 826 ne
1294 801 1357 828 aut
1381 794 1452 838 ipsi
1478 794 1586 828 exire
1611 804 1661 827 ex

375 837 469 870 urbe
493 847 647 870 necesse
672 836 738 880 sit,
774 842 836 871 aut
861 838 935 872 sibi
959 839 1117 883 propius
1141 839 1334 875 accedere.
1370 840 1486 874 1—2.

505 905 557 939 Μ.
583 905 769 940 CICERO
802 906 840 941 S.
872 906 923 941 D.
956 906 1065 942 SER.
1094 905 1347 942 SULPICIO.

311 964 356 1005 C.
385 964 633 1016 Trebatius,
681 965 905 1006 familiaris
934 978 1072 1014 meus,
1121 966 1175 1007 ad
1213 978 1281 1007 me
1319 967 1491 1019 scripsit
1528 968 1570 1007 te
1608 979 1660 1007 ex

196 1033 242 1063 se
270 1022 506 1073 quaesisse,
546 1021 697 1073 quibus
737 1023 780 1062 in
819 1023 926 1063 locis
964 1035 1117 1072 essem,
1166 1024 1427 1076 molesteque
1462 1025 1505 1064 te
1534 1024 1659 1075 ferre,

196 1079 307 1131 quod
337 1091 403 1119 me
432 1080 608 1132 propter
636 1079 919 1119 valetudinem
944 1081 1082 1131 tuam,
1111 1093 1243 1131 quum
1272 1081 1325 1121 ad
1344 1081 1491 1121 urbem
1520 1093 1660 1121 acces-

196 1136 364 1184 sissem,
412 1148 496 1176 non
526 1136 716 1176 vidisses:
768 1138 809 1176 et
850 1137 930 1176 hoc
960 1138 1149 1188 tempore
1177 1138 1289 1178 velle
1318 1139 1360 1177 te
1390 1150 1578 1190 mecum,
1621 1137 1660 1179 si

193 1193 371 1245 propius
407 1193 704 1243 accessissem,
752 1192 804 1232 de
834 1192 977 1232 officio
1006 1193 1229 1245 utriusque
1258 1196 1447 1236 nostram
1476 1206 1657 1235 commu-

195 1314 385 1356 CCCLX,
410 1313 442 1347 2.
480 1312 768 1355 CCCXXXIX,
792 1312 826 1346 2.
861 1313 1027 1356 CCCLI,
1053 1315 1085 1348 7.
1123 1313 1375 1358 CCCXXIV,
1400 1316 1434 1350 3.
1461 1334 1506 1340 -
1552 1310 1660 1359 quu‘m

193 1360 291 1404 filios
315 1359 508 1393 misissent.
557 1360 638 1392 Hoc
665 1359 757 1392 nihii
789 1358 833 1392 ad
859 1359 1073 1394 Volcatium
1098 1360 1331 1405 pertinebat,
1357 1361 1423 1395 sed
1448 1366 1586 1395 tantum
1612 1360 1659 1396 ad

193 1405 381 1442 Servium.
417 1406 605 1448 Loquitur
628 1411 749 1439 autem
775 1404 881 1448 quasi
905 1405 1091 1440 universe.
1125 1407 1183 1440 Ac
1207 1407 1405 1442 Volcatius
1430 1412 1550 1441 tamen
1574 1407 1658 1441 aliis

190 1452 315 1489 modis
339 1452 410 1486 iam
435 1453 526 1486 satis
551 1452 765 1486 ostenderat
789 1462 830 1485 se
855 1462 877 1485 a
894 1452 1064 1486 Caesaris
1090 1452 1259 1496 partibus
1284 1459 1394 1487 stare.
1418 1453 1524 1488 SCH.
1561 1453 1659 1488 Statt

196 1499 343 1533 Tullum
367 1498 416 1533 ist
443 1499 623 1533 Titinium
647 1509 693 1532 zu
716 1499 820 1533 lesen
869 1497 909 1533 S.
935 1509 991 1543 ep.
1007 1499 1266 1543 CCCXLVH,
1291 1502 1326 1535 6.
1361 1498 1597 1544 CCCXLIX‚
1621 1500 1656 1535 2.

193 1545 378 1588 CCCLX,
410 1545 445 1580 2.
494 1545 700 1587 CCCLXI,
730 1546 765 1579 4.
806 1563 848 1569 —
903 1546 1125 1589 exemplum,
1168 1545 1374 1581 Abschrist.
1431 1546 1570 1580 Leider
1608 1546 1678 1592 istx

191 1591 316 1627 dieser
341 1591 452 1625 Brief
472 1591 538 1624 des
563 1592 696 1625 Casars
720 1590 824 1624 nicht
847 1591 953 1625 mehr
977 1592 1206 1627 vorhanden.

283 1637 389 1672 SER.
423 1637 673 1672 SULPICIO.
732 1636 886 1671 Servius
926 1636 1117 1681 Sulpicius
1153 1638 1274 1671 Rufus
1311 1648 1377 1672 aus
1417 1637 1486 1671 der
1516 1638 1657 1673 Tribus

191 1683 372 1719 Lemonia
394 1695 475 1717 war
501 1686 565 1718 703
591 1683 657 1717 mit
681 1684 732 1718 M.
749 1683 926 1717 Claudius
944 1683 1146 1717 Marcellus
1171 1684 1343 1727 zugleich
1363 1684 1503 1718 Consul
1527 1696 1656 1728 gewe-

192 1742 271 1766 sen.
319 1731 388 1764 Als
419 1730 546 1764 dieser
579 1730 649 1764 den
676 1729 955 1764 Senatsschluss
987 1729 1233 1765 durchsetzen
1264 1730 1416 1773 wolste,
1457 1730 1541 1764 dass
1573 1731 1656 1764 dem

193 1778 307 1812 cesar
331 1776 497 1811 Provinz
522 1776 595 1810 und
622 1777 758 1810 Armee
794 1776 891 1809 noch
920 1786 988 1809 vor
1017 1775 1154 1809 Ablauf
1187 1776 1252 1809 des
1285 1776 1359 1809 ihm
1395 1776 1655 1820 vei-willigten

193 1823 356 1857 zweiten
382 1822 636 1866 Quinquennii
661 1823 772 1857 sollte
797 1832 1016 1866 genommen
1041 1821 1215 1864 werden,
1250 1823 1384 1865 sprach
1408 1822 1514 1856 iener
1538 1823 1656 1856 dawi—

192 1869 263 1903 der
288 1869 363 1903 und
387 1879 481 1912 ganz
507 1870 565 1903 fiir
583 1870 707 1903 Ciisar.
747 1867 786 1903 S.
809 1867 962 1902 Sueton.
989 1868 1094 1902 Caes.
1121 1879 1152 1902 c.
1170 1869 1226 1902 29.
1260 1869 1348 1902 Man
1373 1868 1527 1912 glaubte
1553 1869 1657 1903 dess-

192 1916 302 1959 halb,
329 1926 371 1949 er
397 1915 489 1949 oder
513 1915 617 1949 seine
643 1914 864 1949 Gemahlinn
887 1914 1082 1948 Postumia
1115 1915 1171 1948 sei
1202 1925 1272 1948 von
1300 1915 1415 1948 Ciisar
1440 1915 1654 1950 bestochen.

194 1961 235 1997 S.
261 1962 339 1996 das,
367 1973 399 1996 c.
418 1963 475 1996 50.
525 1961 652 1996 celius
676 1961 722 1995 ad
738 1961 889 1995 Divers.
907 1960 1015 2003 VIII,
1037 1962 1080 1995 10
1105 1966 1219 1995 neunt
1243 1960 1307 1994 ihn
1331 1960 1368 1994 in
1394 1960 1534 1994 seinem
1556 1961 1655 1995 Con-

191 2008 313 2043 sulate
350 2007 460 2042 einen
485 2008 698 2042 Cunctator.
747 2006 854 2041 Beim
878 2007 1098 2041 Ausbruche
1131 2007 1196 2041 des
1226 2006 1527 2050 Biirgerkrieges
1563 2006 1655 2041 liess

193 2065 237 2088 er
261 2054 390 2088 seinen
417 2054 520 2089 Sohn
545 2060 654 2088 unter
678 2054 792 2088 C'asar
817 2053 977 2087 Dienste
1002 2054 1170 2088 nehmen.
1218 2052 1256 2088 S.
1283 2054 1329 2086 ad
1354 2052 1468 2087 Attio.
1492 2054 1572 2096 IX,
1598 2055 1652 2088 19.

191 2101 296 2135 Nach
321 2100 388 2134 der
412 2100 692 2145 pharsalischen
719 2100 895 2134 Schlacht
919 2106 1034 2133 setzte
1060 2099 1124 2133 ihu
1149 2100 1262 2134 Casar
1287 2099 1381 2132 iiber
1406 2099 1468 2132 die
1487 2099 1654 2134 Provinz

191 2146 334 2181 Achaia
366 2147 432 2181 mit
467 2147 550 2181 dem
576 2147 678 2180 Titel
712 2146 814 2181 eines
838 2146 1080 2180 Proconsuls.
1129 2146 1252 2179 Dahin
1285 2144 1367 2178 sind
1406 2145 1467 2178 die
1497 2145 1653 2179 meisten

189 2203 265 2227 von
290 2193 361 2226 den
389 2195 431 2228 18
447 2193 599 2227 Briefen
625 2193 791 2227 Cicero's
816 2203 860 2226 an
886 2192 948 2225 ihn
976 2192 1047 2226 und
1074 2203 1144 2225 von
1171 2191 1217 2225 da
1241 2191 1344 2225 seine
1370 2191 1503 2224 beiden
1521 2191 1653 2226 Briese

189 2249 237 2274 an
269 2239 403 2274 Cicero
436 2240 695 2282 geschrieben.
746 2239 850 2273 Nach
883 2239 1016 2273 Casars
1039 2238 1145 2272 Tode
1176 2237 1305 2271 wollte
1337 2236 1522 2272 Antonius
1556 2239 1652 2272 noch

188 2286 291 2320 viele
325 2284 522 2330 angeblich
554 2292 663 2321 unter
694 2286 825 2320 Ciisars
863 2285 1051 2331 Papieren
1082 2284 1291 2329 gesundene
1327 2282 1490 2317 Decrete
1528 2284 1654 2328 giiltig

188 2333 362 2366 machen:
403 2333 494 2366 aber
525 2331 716 2376 Sulpicius
752 2332 911 2366 stimmte
944 2331 1077 2365 dahin:
1119 2341 1165 2363 ne
1202 2341 1274 2373 qua
1299 2329 1426 2363 tabula
1459 2337 1544 2375 post
1569 2330 1652 2364 idus

188 2378 346 2413 Martias
378 2378 491 2412 ullius
523 2377 665 2411 decreti
690 2378 861 2412 Caesaris
894 2384 956 2412 aut
980 2376 1153 2411 beneficii
1177 2375 1369 2420 figeretur.
1420 2374 1457 2410 S.
1483 2375 1650 2421 Philipp.

188 2425 228 2467 1,
255 2427 287 2459 1.
342 2425 411 2459 Als
442 2424 590 2458 hierauf
626 2424 673 2457 im
710 2425 911 2468 folgenden
943 2424 1052 2457 Iahre
1085 2423 1151 2456 der
1183 2421 1297 2457 Senat
1329 2421 1451 2456 wider
1485 2422 1651 2458 Cicero's

189 2471 336 2505 Willen
366 2471 579 2512 beschloss,
614 2470 802 2504 Gesandte
838 2481 969 2515 wegen
1006 2470 1071 2503 des
1096 2469 1277 2503 Friedens
1301 2479 1345 2502 an
1371 2468 1442 2501 den
1468 2469 1650 2503 Antonius

188 2517 260 2551 in’s
284 2518 408 2561 Lager
433 2528 501 2551 vor
524 2516 668 2550 Mutina
693 2527 738 2550 zu
763 2516 923 2554 senden,
956 2515 1047 2560 ging
1072 2514 1264 2560 Sulpicius
1290 2514 1354 2549 mit
1378 2515 1423 2548 L.
1447 2514 1650 2559 Philippus

189 2564 266 2598 und
289 2564 331 2597 L.
346 2564 439 2598 Piso
467 2563 599 2607 dahin3
636 2563 737 2596 starb
761 2563 851 2596 aber
875 2561 1054 2596 wahrend
1080 2561 1147 2595 der
1164 2561 1395 2596 fruchtlosen
1415 2561 1650 2595 Unterhand-

188 2610 327 2654 lungeu
353 2610 401 2644 im
426 2610 549 2653 Lager
574 2609 749 2644 daselbst.
798 2608 837 2644 S.
863 2608 1033 2653 Philipp.
1059 2608 1135 2652 IX,
1163 2609 1196 2642 1.
1225 2607 1539 2642 SCHMIEDER.

282 2658 314 2691 I.
348 2657 389 2691 C.
418 2656 621 2690 Trebatius.
669 2655 708 2690 S.
745 2666 802 2699 ep.
831 2654 1038 2698 CCCLXI,
1072 2656 1106 2689 3.
1149 2673 1194 2680 —
1239 2654 1386 2687 moleste
1411 2679 1448 2688 ..
1474 2657 1507 2686 te
1535 2654 1662 2696 ferre,-

189 2701 264 2737 und
289 2712 328 2737 es
353 2703 453 2737 thate
478 2703 553 2737 Dir
578 2702 665 2737 sehr
688 2701 776 2736 leid.
810 2719 855 2726 —
901 2711 1009 2745 quum
1032 2702 1082 2735 ad
1104 2701 1229 2734 urbem
1252 2710 1403 2742 acces-5„
1438 2705 1523 2744 post
1545 2699 1647 2733 redi-

189 2754 267 2783 tum
291 2759 312 2782 e
335 2747 483 2784 Cilicia.
534 2749 624 2785 vid.
650 2759 709 2794 ep.
724 2747 855 2790 CCCI,
880 2746 913 2782 2.
949 2765 994 2773 —
1041 2749 1085 2782 de
1115 2748 1174 2790 off.
1205 2750 1277 2781 utr.
1302 2757 1338 2780 n.
1364 2756 1516 2789 comm,
1556 2745 1648 2780 iiber
