<?xml version="1.0" encoding="UTF-8"?>
<!DOCTYPE html PUBLIC "-//W3C//DTD XHTML 1.0 Transitional//EN"
    "http://www.w3.org/TR/xhtml1/DTD/xhtml1-transitional.dtd">
<html xmlns="http://www.w3.org/1999/xhtml" xml:lang="en" lang="en">
 <head>
  <title>
</title>
<meta http-equiv="Content-Type" content="text/html;charset=utf-8" />
  <meta name='ocr-system' content='tesseract 3.04.00' />
  <meta name='ocr-capabilities' content='ocr_page ocr_carea ocr_par ocr_line ocrx_word'/>
</head>
<body>
  <div class='ocr_page' id='page_1' title='image "./epistolaeadattic02ciceuoft_0138.png"; bbox 0 0 1795 3043; ppageno 0'>
   <div class='ocr_carea' id='block_1_1' title="bbox 243 78 1452 135">
    <p class='ocr_par' dir='ltr' id='par_1_1' title="bbox 243 78 1452 135">
     <span class='ocr_line' id='line_1_1' title="bbox 243 78 1452 135; baseline -0.006 0"><span class='ocrx_word' id='word_1_1' title='bbox 243 87 343 135; x_wconf 73' lang='lat'>128</span> <span class='ocrx_word' id='word_1_2' title='bbox 504 81 571 128; x_wconf 87' lang='grc' dir='ltr'>Μ.</span> <span class='ocrx_word' id='word_1_3' title='bbox 607 81 663 128; x_wconf 90' lang='grc' dir='ltr'>Τ.</span> <span class='ocrx_word' id='word_1_4' title='bbox 700 78 1043 127; x_wconf 89' lang='lat' dir='ltr'>CICERONIS</span> <span class='ocrx_word' id='word_1_5' title='bbox 1077 78 1452 128; x_wconf 81' lang='lat' dir='ltr'>EPISTOLAE.</span> 
     </span>
    </p>
   </div>
   <div class='ocr_carea' id='block_1_2' title="bbox 190 191 1718 1166">
    <p class='ocr_par' dir='ltr' id='par_1_2' title="bbox 190 191 1718 1166">
     <span class='ocr_line' id='line_1_2' title="bbox 241 191 1717 248; baseline -0.001 -12"><span class='ocrx_word' id='word_1_6' title='bbox 241 196 364 248; x_wconf 88' lang='lat' dir='ltr'>lium,</span> <span class='ocrx_word' id='word_1_7' title='bbox 395 195 441 236; x_wconf 88' lang='lat' dir='ltr'>T.</span> <span class='ocrx_word' id='word_1_8' title='bbox 464 193 589 235; x_wconf 86' lang='lat' dir='ltr'>Gavii</span> <span class='ocrx_word' id='word_1_9' title='bbox 613 193 851 245; x_wconf 85' lang='lat' dir='ltr'>Caepionis,</span> <span class='ocrx_word' id='word_1_10' title='bbox 881 193 1108 246; x_wconf 87' lang='lat' dir='ltr'>locupletis</span> <span class='ocrx_word' id='word_1_11' title='bbox 1139 194 1181 234; x_wconf 87' lang='lat' dir='ltr'>et</span> <span class='ocrx_word' id='word_1_12' title='bbox 1209 193 1422 246; x_wconf 83' lang='lat' dir='ltr'><strong>splendidi</strong></span> <span class='ocrx_word' id='word_1_13' title='bbox 1443 192 1639 242; x_wconf 88' lang='lat' dir='ltr'>hominis,</span> <span class='ocrx_word' id='word_1_14' title='bbox 1670 191 1717 234; x_wconf 90' lang='lat' dir='ltr'>fi-</span> 
     </span>
     <span class='ocr_line' id='line_1_3' title="bbox 243 251 1714 304; baseline -0.002 -10"><span class='ocrx_word' id='word_1_15' title='bbox 243 255 368 301; x_wconf 82' lang='lat' dir='ltr'>lium,</span> <span class='ocrx_word' id='word_1_16' title='bbox 400 252 622 292; x_wconf 86' lang='lat' dir='ltr'>tribunum</span> <span class='ocrx_word' id='word_1_17' title='bbox 652 252 852 293; x_wconf 87' lang='lat' dir='ltr'>militum.</span> <span class='ocrx_word' id='word_1_18' title='bbox 911 252 1022 291; x_wconf 87' lang='lat' dir='ltr'>Sane</span> <span class='ocrx_word' id='word_1_19' title='bbox 1052 252 1222 304; x_wconf 81' lang='lat' dir='ltr'>plagam</span> <span class='ocrx_word' id='word_1_20' title='bbox 1252 251 1442 291; x_wconf 82' lang='lat' dir='ltr'>odiosam</span> <span class='ocrx_word' id='word_1_21' title='bbox 1473 253 1714 304; x_wconf 83' lang='lat' dir='ltr'>acceperat,</span> 
     </span>
     <span class='ocr_line' id='line_1_4' title="bbox 191 307 1717 364; baseline -0.002 -14"><span class='ocrx_word' id='word_1_22' title='bbox 191 319 221 362; x_wconf 85' lang='lat'>5</span> <span class='ocrx_word' id='word_1_23' title='bbox 245 324 374 364; x_wconf 87' lang='lat' dir='ltr'>quum</span> <span class='ocrx_word' id='word_1_24' title='bbox 403 322 472 360; x_wconf 83' lang='lat' dir='ltr'>re,</span> <span class='ocrx_word' id='word_1_25' title='bbox 503 312 592 348; x_wconf 88' lang='lat' dir='ltr'>tum</span> <span class='ocrx_word' id='word_1_26' title='bbox 628 310 827 360; x_wconf 87' lang='lat' dir='ltr'>tempore.</span> <span class='ocrx_word' id='word_1_27' title='bbox 884 307 971 348; x_wconf 88' lang='lat' dir='ltr'>Nos</span> <span class='ocrx_word' id='word_1_28' title='bbox 1001 308 1322 360; x_wconf 82' lang='lat' dir='ltr'>Pindenissum,</span> <span class='ocrx_word' id='word_1_29' title='bbox 1371 308 1484 360; x_wconf 92' lang='lat' dir='ltr'>quod</span> <span class='ocrx_word' id='word_1_30' title='bbox 1514 307 1717 361; x_wconf 85' lang='lat' dir='ltr'>oppidum</span> 
     </span>
     <span class='ocr_line' id='line_1_5' title="bbox 243 364 1715 409; baseline -0.002 -1"><span class='ocrx_word' id='word_1_31' title='bbox 243 367 570 409; x_wconf 84' lang='lat' dir='ltr'>munitissimum</span> <span class='ocrx_word' id='word_1_32' title='bbox 597 364 1009 406; x_wconf 82' lang='lat' dir='ltr'>Eleutherocilicum</span> <span class='ocrx_word' id='word_1_33' title='bbox 1054 366 1240 405; x_wconf 88' lang='lat' dir='ltr'>omnium</span> <span class='ocrx_word' id='word_1_34' title='bbox 1277 366 1481 406; x_wconf 85' lang='lat' dir='ltr'>memoria</span> <span class='ocrx_word' id='word_1_35' title='bbox 1507 366 1553 405; x_wconf 87' lang='lat' dir='ltr'>in</span> <span class='ocrx_word' id='word_1_36' title='bbox 1584 366 1715 406; x_wconf 88' lang='lat' dir='ltr'>armis</span> 
     </span>
     <span class='ocr_line' id='line_1_6' title="bbox 242 422 1718 472; baseline -0.003 -6"><span class='ocrx_word' id='word_1_37' title='bbox 242 427 347 472; x_wconf 81' lang='lat' dir='ltr'>suit,</span> <span class='ocrx_word' id='word_1_38' title='bbox 379 447 438 453; x_wconf 86' lang='lat'>—</span> <span class='ocrx_word' id='word_1_39' title='bbox 463 425 545 464; x_wconf 86' lang='lat' dir='ltr'>feri</span> <span class='ocrx_word' id='word_1_40' title='bbox 575 423 766 463; x_wconf 87' lang='lat' dir='ltr'>homiues</span> <span class='ocrx_word' id='word_1_41' title='bbox 803 425 844 462; x_wconf 84' lang='lat' dir='ltr'>et</span> <span class='ocrx_word' id='word_1_42' title='bbox 883 435 1003 463; x_wconf 86' lang='lat' dir='ltr'>acres</span> <span class='ocrx_word' id='word_1_43' title='bbox 1033 424 1076 462; x_wconf 85' lang='lat' dir='ltr'>et</span> <span class='ocrx_word' id='word_1_44' title='bbox 1105 422 1301 463; x_wconf 89' lang='lat' dir='ltr'>omnibus</span> <span class='ocrx_word' id='word_1_45' title='bbox 1331 422 1459 463; x_wconf 89' lang='lat' dir='ltr'>rebus</span> <span class='ocrx_word' id='word_1_46' title='bbox 1489 423 1542 464; x_wconf 88' lang='lat' dir='ltr'>ad</span> <span class='ocrx_word' id='word_1_47' title='bbox 1573 423 1718 463; x_wconf 86' lang='lat' dir='ltr'>defen·</span> 
     </span>
     <span class='ocr_line' id='line_1_7' title="bbox 243 480 1714 534; baseline -0.002 -12"><span class='ocrx_word' id='word_1_48' title='bbox 243 483 426 523; x_wconf 72' lang='lat' dir='ltr'>dentium</span> <span class='ocrx_word' id='word_1_49' title='bbox 456 481 610 534; x_wconf 83' lang='lat' dir='ltr'>parati,</span> <span class='ocrx_word' id='word_1_50' title='bbox 627 502 685 509; x_wconf 90' lang='lat'><em>-</em></span> <span class='ocrx_word' id='word_1_51' title='bbox 712 480 920 521; x_wconf 83' lang='lat' dir='ltr'>cinximus</span> <span class='ocrx_word' id='word_1_52' title='bbox 950 481 1063 521; x_wconf 82' lang='lat' dir='ltr'>vallo</span> <span class='ocrx_word' id='word_1_53' title='bbox 1094 482 1136 520; x_wconf 85' lang='lat' dir='ltr'>et</span> <span class='ocrx_word' id='word_1_54' title='bbox 1164 480 1301 528; x_wconf 88' lang='lat' dir='ltr'>fossa,</span> <span class='ocrx_word' id='word_1_55' title='bbox 1334 492 1486 534; x_wconf 80' lang='lat' dir='ltr'>aggere</span> <span class='ocrx_word' id='word_1_56' title='bbox 1514 480 1714 528; x_wconf 80' lang='lat' dir='ltr'>maximo,</span> 
     </span>
     <span class='ocr_line' id='line_1_8' title="bbox 242 537 1716 590; baseline -0.002 -10"><span class='ocrx_word' id='word_1_57' title='bbox 242 540 401 587; x_wconf 86' lang='lat' dir='ltr'>vineis,</span> <span class='ocrx_word' id='word_1_58' title='bbox 443 541 561 579; x_wconf 88' lang='lat' dir='ltr'>turre</span> <span class='ocrx_word' id='word_1_59' title='bbox 591 539 819 589; x_wconf 87' lang='lat' dir='ltr'>altissima,</span> <span class='ocrx_word' id='word_1_60' title='bbox 858 550 1009 590; x_wconf 86' lang='lat' dir='ltr'>magna</span> <span class='ocrx_word' id='word_1_61' title='bbox 1048 539 1355 578; x_wconf 84' lang='lat' dir='ltr'>tormentorum</span> <span class='ocrx_word' id='word_1_62' title='bbox 1385 538 1528 590; x_wconf 86' lang='lat' dir='ltr'>copia,</span> <span class='ocrx_word' id='word_1_63' title='bbox 1569 537 1716 578; x_wconf 89' lang='lat' dir='ltr'>multis</span> 
     </span>
     <span class='ocr_line' id='line_1_9' title="bbox 242 595 1712 650; baseline -0.003 -12"><span class='ocrx_word' id='word_1_64' title='bbox 242 597 493 650; x_wconf 82' lang='lat' dir='ltr'>sagittariis,</span> <span class='ocrx_word' id='word_1_65' title='bbox 524 608 674 648; x_wconf 85' lang='lat' dir='ltr'>magno</span> <span class='ocrx_word' id='word_1_66' title='bbox 703 595 872 643; x_wconf 78' lang='lat' dir='ltr'>labore,</span> <span class='ocrx_word' id='word_1_67' title='bbox 905 597 1135 647; x_wconf 85' lang='lat' dir='ltr'>apparatu;</span> <span class='ocrx_word' id='word_1_68' title='bbox 1176 596 1324 636; x_wconf 89' lang='lat' dir='ltr'>multis</span> <span class='ocrx_word' id='word_1_69' title='bbox 1354 595 1511 635; x_wconf 90' lang='lat' dir='ltr'>sauciis</span> <span class='ocrx_word' id='word_1_70' title='bbox 1540 595 1712 642; x_wconf 89' lang='lat' dir='ltr'>nostris,</span> 
     </span>
     <span class='ocr_line' id='line_1_10' title="bbox 242 651 1714 704; baseline -0.003 -8"><span class='ocrx_word' id='word_1_71' title='bbox 242 655 448 696; x_wconf 87' lang='lat' dir='ltr'>incolumi</span> <span class='ocrx_word' id='word_1_72' title='bbox 479 654 694 700; x_wconf 79' lang='lat' dir='ltr'>exercitu,</span> <span class='ocrx_word' id='word_1_73' title='bbox 735 651 953 704; x_wconf 82' lang='lat' dir='ltr'>negotium</span> <span class='ocrx_word' id='word_1_74' title='bbox 983 652 1256 693; x_wconf 85' lang='lat' dir='ltr'>confecimus.</span> <span class='ocrx_word' id='word_1_75' title='bbox 1328 652 1480 693; x_wconf 85' lang='lat' dir='ltr'>Hilara</span> <span class='ocrx_word' id='word_1_76' title='bbox 1510 665 1610 693; x_wconf 86' lang='lat' dir='ltr'>sane</span> <span class='ocrx_word' id='word_1_77' title='bbox 1640 652 1714 692; x_wconf 88' lang='lat' dir='ltr'>Sa-</span> 
     </span>
     <span class='ocr_line' id='line_1_11' title="bbox 241 709 1714 763; baseline -0.003 -10"><span class='ocrx_word' id='word_1_78' title='bbox 241 713 441 753; x_wconf 83' lang='lat' dir='ltr'>turnalia.</span> <span class='ocrx_word' id='word_1_79' title='bbox 496 709 706 751; x_wconf 78' lang='lat' dir='ltr'>Militibus</span> <span class='ocrx_word' id='word_1_80' title='bbox 735 722 924 762; x_wconf 86' lang='lat' dir='ltr'>quoque,</span> <span class='ocrx_word' id='word_1_81' title='bbox 962 709 1084 761; x_wconf 87' lang='lat' dir='ltr'>equis</span> <span class='ocrx_word' id='word_1_82' title='bbox 1114 709 1327 763; x_wconf 79' lang='lat' dir='ltr'>exceptis,</span> <span class='ocrx_word' id='word_1_83' title='bbox 1355 710 1565 761; x_wconf 89' lang='lat' dir='ltr'>reliquam</span> <span class='ocrx_word' id='word_1_84' title='bbox 1593 721 1714 761; x_wconf 88' lang='lat' dir='ltr'>prae-</span> 
     </span>
     <span class='ocr_line' id='line_1_12' title="bbox 242 766 1712 819; baseline -0.001 -9"><span class='ocrx_word' id='word_1_85' title='bbox 242 770 340 810; x_wconf 87' lang='lat' dir='ltr'>dam</span> <span class='ocrx_word' id='word_1_86' title='bbox 371 768 668 810; x_wconf 89' lang='lat' dir='ltr'>concessimus.</span> <span class='ocrx_word' id='word_1_87' title='bbox 734 766 953 819; x_wconf 83' lang='lat' dir='ltr'>Mancipia</span> <span class='ocrx_word' id='word_1_88' title='bbox 991 767 1195 807; x_wconf 77' lang='lat' dir='ltr'>venibant</span> <span class='ocrx_word' id='word_1_89' title='bbox 1225 767 1521 808; x_wconf 82' lang='lat' dir='ltr'>Saturnalibus</span> <span class='ocrx_word' id='word_1_90' title='bbox 1560 766 1712 808; x_wconf 88' lang='lat' dir='ltr'>tertiis.</span> 
     </span>
     <span class='ocr_line' id='line_1_13' title="bbox 244 823 1711 875; baseline -0.002 -8"><span class='ocrx_word' id='word_1_91' title='bbox 244 828 384 875; x_wconf 75' lang='lat' dir='ltr'>Quum</span> <span class='ocrx_word' id='word_1_92' title='bbox 414 828 520 866; x_wconf 85' lang='lat' dir='ltr'>haec</span> <span class='ocrx_word' id='word_1_93' title='bbox 561 823 820 871; x_wconf 84' lang='lat' dir='ltr'>scribebam,</span> <span class='ocrx_word' id='word_1_94' title='bbox 861 825 906 864; x_wconf 90' lang='lat' dir='ltr'>in</span> <span class='ocrx_word' id='word_1_95' title='bbox 935 823 1142 864; x_wconf 85' lang='lat' dir='ltr'>tribunali</span> <span class='ocrx_word' id='word_1_96' title='bbox 1184 837 1253 865; x_wconf 89' lang='lat' dir='ltr'>res</span> <span class='ocrx_word' id='word_1_97' title='bbox 1283 826 1375 864; x_wconf 85' lang='lat' dir='ltr'>erat</span> <span class='ocrx_word' id='word_1_98' title='bbox 1413 824 1465 864; x_wconf 89' lang='lat' dir='ltr'>ad</span> <span class='ocrx_word' id='word_1_99' title='bbox 1495 824 1584 865; x_wconf 90' lang='lat' dir='ltr'>HS.</span> <span class='ocrx_word' id='word_1_100' title='bbox 1617 836 1711 865; x_wconf 81' lang='lat' dir='ltr'>cxx.</span> 
     </span>
     <span class='ocr_line' id='line_1_14' title="bbox 243 879 1711 934; baseline -0.003 -9"><span class='ocrx_word' id='word_1_101' title='bbox 243 885 357 925; x_wconf 86' lang='lat' dir='ltr'>Hinc</span> <span class='ocrx_word' id='word_1_102' title='bbox 397 883 632 923; x_wconf 81' lang='lat' dir='ltr'>exercitum</span> <span class='ocrx_word' id='word_1_103' title='bbox 661 881 706 921; x_wconf 89' lang='lat' dir='ltr'>in</span> <span class='ocrx_word' id='word_1_104' title='bbox 743 881 926 921; x_wconf 88' lang='lat' dir='ltr'>hiberna</span> <span class='ocrx_word' id='word_1_105' title='bbox 963 881 1054 934; x_wconf 88' lang='lat' dir='ltr'>agri</span> <span class='ocrx_word' id='word_1_106' title='bbox 1086 882 1195 921; x_wconf 89' lang='lat' dir='ltr'>male</span> <span class='ocrx_word' id='word_1_107' title='bbox 1235 882 1381 934; x_wconf 82' lang='lat' dir='ltr'>pacati</span> <span class='ocrx_word' id='word_1_108' title='bbox 1417 879 1711 922; x_wconf 86' lang='lat' dir='ltr'>deducendum</span> 
     </span>
     <span class='ocr_line' id='line_1_15' title="bbox 190 937 1711 991; baseline -0.002 -9"><span class='ocrx_word' id='word_1_109' title='bbox 190 950 220 990; x_wconf 84' lang='grc'><strong>6</strong></span> <span class='ocrx_word' id='word_1_110' title='bbox 243 943 399 990; x_wconf 77' lang='lat' dir='ltr'>Quinto</span> <span class='ocrx_word' id='word_1_111' title='bbox 430 941 552 982; x_wconf 87' lang='lat' dir='ltr'>fratri</span> <span class='ocrx_word' id='word_1_112' title='bbox 583 938 756 980; x_wconf 81' lang='lat' dir='ltr'>dabam:</span> <span class='ocrx_word' id='word_1_113' title='bbox 786 939 878 989; x_wconf 88' lang='lat' dir='ltr'>ipse</span> <span class='ocrx_word' id='word_1_114' title='bbox 905 951 972 978; x_wconf 89' lang='lat' dir='ltr'>me</span> <span class='ocrx_word' id='word_1_115' title='bbox 998 939 1251 979; x_wconf 85' lang='lat' dir='ltr'>Laodiceam</span> <span class='ocrx_word' id='word_1_116' title='bbox 1278 937 1550 991; x_wconf 84' lang='lat' dir='ltr'>recipiebam.</span> <span class='ocrx_word' id='word_1_117' title='bbox 1591 939 1711 979; x_wconf 89' lang='lat' dir='ltr'>Haec</span> 
     </span>
     <span class='ocr_line' id='line_1_16' title="bbox 241 996 1711 1049; baseline -0.003 -8"><span class='ocrx_word' id='word_1_118' title='bbox 241 1000 393 1041; x_wconf 84' lang='lat' dir='ltr'>adhuc.</span> <span class='ocrx_word' id='word_1_119' title='bbox 434 998 517 1039; x_wconf 84' lang='lat' dir='ltr'>Sed</span> <span class='ocrx_word' id='word_1_120' title='bbox 538 998 591 1037; x_wconf 89' lang='lat' dir='ltr'>ad</span> <span class='ocrx_word' id='word_1_121' title='bbox 618 996 853 1049; x_wconf 85' lang='lat' dir='ltr'>praeterita</span> <span class='ocrx_word' id='word_1_122' title='bbox 869 998 1148 1037; x_wconf 81' lang='lat' dir='ltr'>revertamur.</span> <span class='ocrx_word' id='word_1_123' title='bbox 1191 996 1311 1044; x_wconf 80' lang='lat' dir='ltr'>Quod</span> <span class='ocrx_word' id='word_1_124' title='bbox 1329 1009 1396 1036; x_wconf 89' lang='lat' dir='ltr'>me</span> <span class='ocrx_word' id='word_1_125' title='bbox 1414 996 1597 1036; x_wconf 81' lang='lat' dir='ltr'>maxime</span> <span class='ocrx_word' id='word_1_126' title='bbox 1614 996 1711 1036; x_wconf 84' lang='lat' dir='ltr'>hor-</span> 
     </span>
     <span class='ocr_line' id='line_1_17' title="bbox 238 1053 1711 1107; baseline -0.003 -10"><span class='ocrx_word' id='word_1_127' title='bbox 238 1058 342 1097; x_wconf 84' lang='lat' dir='ltr'>taris</span> <span class='ocrx_word' id='word_1_128' title='bbox 373 1058 437 1105; x_wconf 85' lang='lat' dir='ltr'>et,</span> <span class='ocrx_word' id='word_1_129' title='bbox 469 1055 581 1107; x_wconf 90' lang='lat' dir='ltr'>quod</span> <span class='ocrx_word' id='word_1_130' title='bbox 610 1054 748 1105; x_wconf 90' lang='lat' dir='ltr'>pluris</span> <span class='ocrx_word' id='word_1_131' title='bbox 778 1055 863 1100; x_wconf 84' lang='lat' dir='ltr'>est,</span> <span class='ocrx_word' id='word_1_132' title='bbox 897 1066 1025 1104; x_wconf 91' lang='lat' dir='ltr'>quam</span> <span class='ocrx_word' id='word_1_133' title='bbox 1054 1053 1217 1100; x_wconf 86' lang='lat' dir='ltr'>omnia,</span> <span class='ocrx_word' id='word_1_134' title='bbox 1250 1054 1295 1093; x_wconf 90' lang='lat' dir='ltr'>in</span> <span class='ocrx_word' id='word_1_135' title='bbox 1325 1065 1408 1105; x_wconf 91' lang='lat' dir='ltr'>quo</span> <span class='ocrx_word' id='word_1_136' title='bbox 1439 1053 1632 1100; x_wconf 83' lang='lat' dir='ltr'>laboras,</span> <span class='ocrx_word' id='word_1_137' title='bbox 1663 1055 1711 1093; x_wconf 89' lang='lat' dir='ltr'>ut</span> 
     </span>
     <span class='ocr_line' id='line_1_18' title="bbox 238 1108 1711 1166; baseline -0.003 -11"><span class='ocrx_word' id='word_1_138' title='bbox 238 1115 367 1155; x_wconf 83' lang='lat' dir='ltr'>etiam</span> <span class='ocrx_word' id='word_1_139' title='bbox 387 1113 588 1166; x_wconf 81' lang='lat' dir='ltr'>Ligurino</span> <span class='ocrx_word' id='word_1_140' title='bbox 607 1108 743 1161; x_wconf 81' lang='grc' dir='ltr'><em>Μώμῳ</em></span> <span class='ocrx_word' id='word_1_141' title='bbox 773 1111 1046 1151; x_wconf 78' lang='lat' dir='ltr'>satisfaciam:</span> <span class='ocrx_word' id='word_1_142' title='bbox 1079 1111 1260 1158; x_wconf 80' lang='lat' dir='ltr'>moriar,</span> <span class='ocrx_word' id='word_1_143' title='bbox 1293 1110 1329 1151; x_wconf 88' lang='lat' dir='ltr'>si</span> <span class='ocrx_word' id='word_1_144' title='bbox 1359 1110 1586 1162; x_wconf 84' lang='lat' dir='ltr'>quidquam</span> <span class='ocrx_word' id='word_1_145' title='bbox 1615 1109 1711 1151; x_wconf 86' lang='lat' dir='ltr'>fieri</span> 
     </span>
    </p>
   </div>
   <div class='ocr_carea' id='block_1_3' title="bbox 236 1222 1710 1359">
    <p class='ocr_par' dir='ltr' id='par_1_3' title="bbox 236 1222 1710 1359">
     <span class='ocr_line' id='line_1_19' title="bbox 237 1222 1710 1266; baseline -0.003 -5"><span class='ocrx_word' id='word_1_146' title='bbox 237 1226 490 1261; x_wconf 78' lang='lat' dir='ltr'>centuriones.</span> <span class='ocrx_word' id='word_1_147' title='bbox 508 1244 553 1249; x_wconf 81' lang='lat'><em>-</em></span> <span class='ocrx_word' id='word_1_148' title='bbox 588 1236 646 1262; x_wconf 79' lang='lat' dir='ltr'>re,</span> <span class='ocrx_word' id='word_1_149' title='bbox 672 1228 757 1256; x_wconf 78' lang='lat' dir='ltr'>tum.</span> <span class='ocrx_word' id='word_1_150' title='bbox 785 1227 914 1266; x_wconf 59' lang='lat' dir='ltr'>temp,</span> <span class='ocrx_word' id='word_1_151' title='bbox 941 1222 1088 1255; x_wconf 85' lang='lat' dir='ltr'>sowohl</span> <span class='ocrx_word' id='word_1_152' title='bbox 1113 1232 1247 1266; x_wconf 81' lang='lat' dir='ltr'>wegen</span> <span class='ocrx_word' id='word_1_153' title='bbox 1273 1222 1338 1256; x_wconf 90' lang='lat' dir='ltr'>des</span> <span class='ocrx_word' id='word_1_154' title='bbox 1355 1222 1552 1257; x_wconf 88' lang='lat' dir='ltr'>Verlustes</span> <span class='ocrx_word' id='word_1_155' title='bbox 1576 1223 1710 1266; x_wconf 90' lang='lat' dir='ltr'>selbst,</span> 
     </span>
     <span class='ocr_line' id='line_1_20' title="bbox 236 1267 1270 1308; baseline -0.005 -1"><span class='ocrx_word' id='word_1_156' title='bbox 236 1275 293 1308; x_wconf 80' lang='lat' dir='ltr'>als</span> <span class='ocrx_word' id='word_1_157' title='bbox 317 1271 597 1306; x_wconf 82' lang='lat' dir='ltr'>in&#39;sbesondere</span> <span class='ocrx_word' id='word_1_158' title='bbox 622 1270 658 1303; x_wconf 88' lang='lat' dir='ltr'>in</span> <span class='ocrx_word' id='word_1_159' title='bbox 683 1269 863 1302; x_wconf 81' lang='lat' dir='ltr'>Retracht</span> <span class='ocrx_word' id='word_1_160' title='bbox 887 1267 955 1301; x_wconf 88' lang='lat' dir='ltr'>der</span> <span class='ocrx_word' id='word_1_161' title='bbox 981 1268 1270 1302; x_wconf 73' lang='lat' dir='ltr'>Zeitumstande.</span> 
     </span>
     <span class='ocr_line' id='line_1_21' title="bbox 333 1314 1708 1359; baseline -0.003 -7"><span class='ocrx_word' id='word_1_162' title='bbox 333 1320 366 1354; x_wconf 86' lang='lat'>5.</span> <span class='ocrx_word' id='word_1_163' title='bbox 394 1317 640 1359; x_wconf 57' lang='lat' dir='ltr'>Eleutheroc„</span> <span class='ocrx_word' id='word_1_164' title='bbox 674 1316 742 1349; x_wconf 84' lang='lat' dir='ltr'>der</span> <span class='ocrx_word' id='word_1_165' title='bbox 775 1315 872 1348; x_wconf 89' lang='lat' dir='ltr'>noch</span> <span class='ocrx_word' id='word_1_166' title='bbox 903 1315 1237 1357; x_wconf 77' lang='lat' dir='ltr'>unbezwungenen</span> <span class='ocrx_word' id='word_1_167' title='bbox 1265 1314 1433 1350; x_wconf 90' lang='lat' dir='ltr'>Cilicier.</span> <span class='ocrx_word' id='word_1_168' title='bbox 1457 1333 1501 1339; x_wconf 86' lang='lat'>—</span> <span class='ocrx_word' id='word_1_169' title='bbox 1547 1315 1708 1348; x_wconf 79' lang='lat' dir='ltr'>omnium</span> 
     </span>
    </p>
   </div>
   <div class='ocr_carea' id='block_1_4' title="bbox 226 1361 1749 2800">
    <p class='ocr_par' dir='ltr' id='par_1_4' title="bbox 226 1361 1752 2800">
     <span class='ocr_line' id='line_1_22' title="bbox 234 1361 1706 1409; baseline -0.004 -8"><span class='ocrx_word' id='word_1_170' title='bbox 234 1367 428 1409; x_wconf 74' lang='lat' dir='ltr'>memoria,</span> <span class='ocrx_word' id='word_1_171' title='bbox 455 1365 527 1398; x_wconf 87' lang='lat' dir='ltr'>seit</span> <span class='ocrx_word' id='word_1_172' title='bbox 551 1364 658 1398; x_wconf 84' lang='lat' dir='ltr'>Aller</span> <span class='ocrx_word' id='word_1_173' title='bbox 685 1361 904 1397; x_wconf 82' lang='lat' dir='ltr'>Gedenken.</span> <span class='ocrx_word' id='word_1_174' title='bbox 953 1361 1058 1395; x_wconf 87' lang='lat' dir='ltr'>Alibi</span> <span class='ocrx_word' id='word_1_175' title='bbox 1084 1361 1181 1406; x_wconf 85' lang='lat' dir='ltr'>apud</span> <span class='ocrx_word' id='word_1_176' title='bbox 1207 1361 1283 1395; x_wconf 87' lang='lat' dir='ltr'>Cic.</span> <span class='ocrx_word' id='word_1_177' title='bbox 1310 1367 1366 1394; x_wconf 89' lang='lat' dir='ltr'>est</span> <span class='ocrx_word' id='word_1_178' title='bbox 1391 1361 1492 1394; x_wconf 79' lang='lat' dir='ltr'>omni</span> <span class='ocrx_word' id='word_1_179' title='bbox 1514 1362 1706 1405; x_wconf 72' lang='lat' dir='ltr'>memoria,</span> 
     </span>
     <span class='ocr_line' id='line_1_23' title="bbox 236 1407 1708 1453; baseline -0.005 -5"><span class='ocrx_word' id='word_1_180' title='bbox 236 1421 277 1448; x_wconf 86' lang='lat' dir='ltr'>ut</span> <span class='ocrx_word' id='word_1_181' title='bbox 311 1413 415 1447; x_wconf 87' lang='lat' dir='ltr'>dedit</span> <span class='ocrx_word' id='word_1_182' title='bbox 448 1412 481 1444; x_wconf 93' lang='lat' dir='ltr'>h.</span> <span class='ocrx_word' id='word_1_183' title='bbox 512 1412 536 1445; x_wconf 93' lang='lat' dir='ltr'>l.</span> <span class='ocrx_word' id='word_1_184' title='bbox 572 1411 723 1453; x_wconf 55' lang='lat' dir='ltr'>Lanib„</span> <span class='ocrx_word' id='word_1_185' title='bbox 758 1409 818 1443; x_wconf 71' lang='lat' dir='ltr'>vel</span> <span class='ocrx_word' id='word_1_186' title='bbox 849 1407 1034 1442; x_wconf 70' lang='lat' dir='ltr'>hominem</span> <span class='ocrx_word' id='word_1_187' title='bbox 1062 1408 1253 1442; x_wconf 77' lang='lat' dir='ltr'>memoria.</span> <span class='ocrx_word' id='word_1_188' title='bbox 1298 1407 1496 1442; x_wconf 86' lang='lat' dir='ltr'>ORELLI.</span> <span class='ocrx_word' id='word_1_189' title='bbox 1523 1427 1566 1432; x_wconf 93' lang='lat'>—-</span> <span class='ocrx_word' id='word_1_190' title='bbox 1592 1419 1708 1453; x_wconf 76' lang='lat' dir='ltr'>acres,</span> 
     </span>
     <span class='ocr_line' id='line_1_24' title="bbox 235 1455 1706 1505; baseline -0.005 -10"><span class='ocrx_word' id='word_1_191' title='bbox 235 1458 492 1505; x_wconf 73' lang='lat' dir='ltr'>kampilustig.</span> <span class='ocrx_word' id='word_1_192' title='bbox 520 1476 564 1482; x_wconf 91' lang='lat'>—</span> <span class='ocrx_word' id='word_1_193' title='bbox 614 1467 643 1490; x_wconf 82' lang='lat' dir='ltr'>s.</span> <span class='ocrx_word' id='word_1_194' title='bbox 679 1468 735 1495; x_wconf 82' lang='lat' dir='ltr'>n.‚</span> <span class='ocrx_word' id='word_1_195' title='bbox 771 1457 857 1489; x_wconf 81' lang='lat' dir='ltr'>Asc.</span> <span class='ocrx_word' id='word_1_196' title='bbox 877 1457 907 1489; x_wconf 90' lang='lat'>1.</span> <span class='ocrx_word' id='word_1_197' title='bbox 946 1455 1047 1489; x_wconf 86' lang='lat' dir='ltr'>Crat.</span> <span class='ocrx_word' id='word_1_198' title='bbox 1084 1466 1114 1489; x_wconf 86' lang='lat' dir='ltr'>s.</span> <span class='ocrx_word' id='word_1_199' title='bbox 1148 1465 1191 1488; x_wconf 71' lang='lat' dir='ltr'>ex</span> <span class='ocrx_word' id='word_1_200' title='bbox 1222 1455 1372 1488; x_wconf 74' lang='lat' dir='ltr'>nostris.</span> <span class='ocrx_word' id='word_1_201' title='bbox 1394 1474 1438 1479; x_wconf 90' lang='lat'><strong>—</strong></span> <span class='ocrx_word' id='word_1_202' title='bbox 1476 1455 1571 1497; x_wconf 79' lang='lat' dir='ltr'>conf.</span> <span class='ocrx_word' id='word_1_203' title='bbox 1603 1465 1706 1499; x_wconf 63' lang='lat' dir='ltr'>neg„</span> 
     </span>
     <span class='ocr_line' id='line_1_25' title="bbox 234 1499 1707 1544; baseline -0.004 -3"><span class='ocrx_word' id='word_1_204' title='bbox 234 1507 392 1541; x_wconf 79' lang='lat' dir='ltr'>wurden</span> <span class='ocrx_word' id='word_1_205' title='bbox 418 1504 576 1539; x_wconf 76' lang='lat' dir='ltr'>Meister</span> <span class='ocrx_word' id='word_1_206' title='bbox 608 1514 681 1536; x_wconf 80' lang='lat' dir='ltr'>von</span> <span class='ocrx_word' id='word_1_207' title='bbox 714 1502 781 1535; x_wconf 89' lang='lat' dir='ltr'>der</span> <span class='ocrx_word' id='word_1_208' title='bbox 806 1501 923 1536; x_wconf 83' lang='lat' dir='ltr'>Stadt.</span> <span class='ocrx_word' id='word_1_209' title='bbox 951 1520 994 1525; x_wconf 92' lang='grc'>-</span> <span class='ocrx_word' id='word_1_210' title='bbox 1026 1501 1164 1534; x_wconf 76' lang='lat' dir='ltr'>Hilara</span> <span class='ocrx_word' id='word_1_211' title='bbox 1188 1511 1214 1534; x_wconf 80' lang='lat' dir='ltr'>s.</span> <span class='ocrx_word' id='word_1_212' title='bbox 1242 1501 1341 1544; x_wconf 56' lang='grc' dir='ltr'>διώ,</span> <span class='ocrx_word' id='word_1_213' title='bbox 1375 1499 1448 1535; x_wconf 84' lang='lat' dir='ltr'>wir</span> <span class='ocrx_word' id='word_1_214' title='bbox 1477 1500 1598 1534; x_wconf 83' lang='lat' dir='ltr'>feiern</span> <span class='ocrx_word' id='word_1_215' title='bbox 1632 1512 1707 1535; x_wconf 89' lang='lat' dir='ltr'>nun</span> 
     </span>
     <span class='ocr_line' id='line_1_26' title="bbox 234 1546 1706 1588; baseline -0.005 -1"><span class='ocrx_word' id='word_1_216' title='bbox 234 1553 413 1588; x_wconf 57' lang='lat' dir='ltr'>wirlzlich</span> <span class='ocrx_word' id='word_1_217' title='bbox 439 1551 525 1584; x_wconf 84' lang='lat' dir='ltr'>sehr</span> <span class='ocrx_word' id='word_1_218' title='bbox 550 1549 735 1583; x_wconf 69' lang='lat' dir='ltr'>srbhliche</span> <span class='ocrx_word' id='word_1_219' title='bbox 762 1547 1010 1582; x_wconf 80' lang='lat' dir='ltr'>Saturnalien.</span> <span class='ocrx_word' id='word_1_220' title='bbox 1031 1565 1076 1571; x_wconf 81' lang='lat'><em>-</em></span> <span class='ocrx_word' id='word_1_221' title='bbox 1112 1547 1188 1581; x_wconf 74' lang='lat' dir='ltr'>Sat.</span> <span class='ocrx_word' id='word_1_222' title='bbox 1214 1548 1335 1580; x_wconf 67' lang='lat' dir='ltr'>tertiis</span> <span class='ocrx_word' id='word_1_223' title='bbox 1366 1559 1412 1580; x_wconf 88' lang='lat'><strong><em>=</em></strong></span> <span class='ocrx_word' id='word_1_224' title='bbox 1437 1547 1549 1580; x_wconf 89' lang='lat' dir='ltr'>tertio</span> <span class='ocrx_word' id='word_1_225' title='bbox 1576 1546 1706 1582; x_wconf 88' lang='lat' dir='ltr'>Satur-</span> 
     </span>
     <span class='ocr_line' id='line_1_27' title="bbox 233 1594 1705 1636; baseline -0.003 -3"><span class='ocrx_word' id='word_1_226' title='bbox 233 1600 375 1634; x_wconf 83' lang='lat' dir='ltr'>nalium</span> <span class='ocrx_word' id='word_1_227' title='bbox 401 1598 474 1631; x_wconf 86' lang='lat' dir='ltr'>die.</span> <span class='ocrx_word' id='word_1_228' title='bbox 523 1596 561 1631; x_wconf 90' lang='lat' dir='ltr'>S.</span> <span class='ocrx_word' id='word_1_229' title='bbox 590 1596 754 1629; x_wconf 87' lang='lat' dir='ltr'>Gronov.</span> <span class='ocrx_word' id='word_1_230' title='bbox 781 1595 825 1627; x_wconf 86' lang='lat' dir='ltr'>ad</span> <span class='ocrx_word' id='word_1_231' title='bbox 852 1594 934 1627; x_wconf 83' lang='lat' dir='ltr'>Liv.</span> <span class='ocrx_word' id='word_1_232' title='bbox 958 1594 1086 1636; x_wconf 88' lang='lat' dir='ltr'>XXX,</span> <span class='ocrx_word' id='word_1_233' title='bbox 1101 1595 1156 1628; x_wconf 82' lang='lat'>36.</span> <span class='ocrx_word' id='word_1_234' title='bbox 1205 1594 1296 1627; x_wconf 87' lang='lat' dir='ltr'>Also</span> <span class='ocrx_word' id='word_1_235' title='bbox 1322 1604 1379 1626; x_wconf 86' lang='lat' dir='ltr'>arn</span> <span class='ocrx_word' id='word_1_236' title='bbox 1412 1594 1468 1627; x_wconf 88' lang='lat'>21.</span> <span class='ocrx_word' id='word_1_237' title='bbox 1492 1594 1705 1628; x_wconf 83' lang='lat' dir='ltr'>December</span> 
     </span>
     <span class='ocr_line' id='line_1_28' title="bbox 233 1639 1702 1685; baseline -0.004 -5"><span class='ocrx_word' id='word_1_238' title='bbox 233 1647 296 1680; x_wconf 87' lang='lat' dir='ltr'>od.</span> <span class='ocrx_word' id='word_1_239' title='bbox 325 1656 396 1679; x_wconf 70' lang='grc' dir='ltr'>ΧΠ.</span> <span class='ocrx_word' id='word_1_240' title='bbox 420 1644 504 1678; x_wconf 77' lang='lat' dir='ltr'>Kal.</span> <span class='ocrx_word' id='word_1_241' title='bbox 530 1644 676 1676; x_wconf 84' lang='lat' dir='ltr'>Ianuar.</span> <span class='ocrx_word' id='word_1_242' title='bbox 696 1660 741 1665; x_wconf 91' lang='lat'>—</span> <span class='ocrx_word' id='word_1_243' title='bbox 772 1641 811 1674; x_wconf 78' lang='lat' dir='ltr'>in</span> <span class='ocrx_word' id='word_1_244' title='bbox 836 1640 1016 1673; x_wconf 71' lang='lat' dir='ltr'>tribunali</span> <span class='ocrx_word' id='word_1_245' title='bbox 1039 1640 1136 1673; x_wconf 85' lang='lat' dir='ltr'>facta</span> <span class='ocrx_word' id='word_1_246' title='bbox 1161 1645 1216 1673; x_wconf 88' lang='lat' dir='ltr'>est</span> <span class='ocrx_word' id='word_1_247' title='bbox 1242 1639 1386 1682; x_wconf 79' lang='lat' dir='ltr'>aucti03</span> <span class='ocrx_word' id='word_1_248' title='bbox 1413 1640 1500 1674; x_wconf 86' lang='lat' dir='ltr'>inde</span> <span class='ocrx_word' id='word_1_249' title='bbox 1513 1640 1702 1685; x_wconf 87' lang='lat' dir='ltr'>Ciceroni,</span> 
     </span>
     <span class='ocr_line' id='line_1_29' title="bbox 234 1686 1702 1736; baseline -0.003 -10"><span class='ocrx_word' id='word_1_250' title='bbox 234 1704 346 1736; x_wconf 87' lang='lat' dir='ltr'>quum</span> <span class='ocrx_word' id='word_1_251' title='bbox 376 1691 445 1724; x_wconf 83' lang='lat' dir='ltr'>ista</span> <span class='ocrx_word' id='word_1_252' title='bbox 470 1690 677 1731; x_wconf 82' lang='lat' dir='ltr'>scriberet,</span> <span class='ocrx_word' id='word_1_253' title='bbox 714 1687 919 1720; x_wconf 85' lang='lat' dir='ltr'>nuntiatum</span> <span class='ocrx_word' id='word_1_254' title='bbox 952 1692 1009 1720; x_wconf 85' lang='lat' dir='ltr'>est</span> <span class='ocrx_word' id='word_1_255' title='bbox 1041 1686 1087 1719; x_wconf 89' lang='lat' dir='ltr'>de</span> <span class='ocrx_word' id='word_1_256' title='bbox 1122 1697 1259 1720; x_wconf 87' lang='lat' dir='ltr'>summa</span> <span class='ocrx_word' id='word_1_257' title='bbox 1293 1686 1474 1730; x_wconf 86' lang='lat' dir='ltr'>pecuniae</span> <span class='ocrx_word' id='word_1_258' title='bbox 1499 1687 1570 1720; x_wconf 89' lang='lat' dir='ltr'>iam</span> <span class='ocrx_word' id='word_1_259' title='bbox 1594 1688 1702 1722; x_wconf 86' lang='lat' dir='ltr'>sacta.</span> 
     </span>
     <span class='ocr_line' id='line_1_30' title="bbox 232 1732 1703 1774; baseline -0.004 0"><span class='ocrx_word' id='word_1_260' title='bbox 232 1741 320 1774; x_wconf 79' lang='lat' dir='ltr'>Alle</span> <span class='ocrx_word' id='word_1_261' title='bbox 335 1737 566 1771; x_wconf 77' lang='lat' dir='ltr'>Einwohner</span> <span class='ocrx_word' id='word_1_262' title='bbox 591 1736 696 1769; x_wconf 87' lang='lat' dir='ltr'>einer</span> <span class='ocrx_word' id='word_1_263' title='bbox 721 1736 943 1767; x_wconf 82' lang='lat' dir='ltr'>crsturmten</span> <span class='ocrx_word' id='word_1_264' title='bbox 962 1732 1069 1767; x_wconf 72' lang='lat' dir='ltr'>stadt</span> <span class='ocrx_word' id='word_1_265' title='bbox 1094 1733 1249 1766; x_wconf 82' lang='lat' dir='ltr'>wurdcn</span> <span class='ocrx_word' id='word_1_266' title='bbox 1268 1732 1430 1767; x_wconf 82' lang='lat' dir='ltr'>Sklaven</span> <span class='ocrx_word' id='word_1_267' title='bbox 1453 1744 1488 1766; x_wconf 91' lang='lat' dir='ltr'>u.</span> <span class='ocrx_word' id='word_1_268' title='bbox 1510 1734 1703 1768; x_wconf 65' lang='lat' dir='ltr'>&amp;ffentlich</span> 
     </span>
     <span class='ocr_line' id='line_1_31' title="bbox 232 1778 1705 1820; baseline -0.003 -1"><span class='ocrx_word' id='word_1_269' title='bbox 232 1798 279 1820; x_wconf 76' lang='lat' dir='ltr'>an</span> <span class='ocrx_word' id='word_1_270' title='bbox 307 1786 377 1818; x_wconf 81' lang='lat' dir='ltr'>den</span> <span class='ocrx_word' id='word_1_271' title='bbox 403 1782 720 1817; x_wconf 76' lang='lat' dir='ltr'>Meistbietenden</span> <span class='ocrx_word' id='word_1_272' title='bbox 746 1780 929 1814; x_wconf 82' lang='lat' dir='ltr'>verkauft.</span> <span class='ocrx_word' id='word_1_273' title='bbox 976 1780 1056 1812; x_wconf 87' lang='lat' dir='ltr'>Der</span> <span class='ocrx_word' id='word_1_274' title='bbox 1080 1780 1192 1812; x_wconf 75' lang='lat' dir='ltr'>Erlos</span> <span class='ocrx_word' id='word_1_275' title='bbox 1219 1779 1352 1812; x_wconf 86' lang='lat' dir='ltr'>daraus</span> <span class='ocrx_word' id='word_1_276' title='bbox 1376 1778 1496 1812; x_wconf 79' lang='lat' dir='ltr'>belief</span> <span class='ocrx_word' id='word_1_277' title='bbox 1517 1779 1597 1813; x_wconf 86' lang='lat' dir='ltr'>sich</span> <span class='ocrx_word' id='word_1_278' title='bbox 1623 1781 1705 1814; x_wconf 89' lang='lat' dir='ltr'>hier</span> 
     </span>
     <span class='ocr_line' id='line_1_32' title="bbox 232 1824 1703 1871; baseline -0.004 -5"><span class='ocrx_word' id='word_1_279' title='bbox 232 1833 299 1866; x_wconf 86' lang='lat' dir='ltr'>auf</span> <span class='ocrx_word' id='word_1_280' title='bbox 322 1832 531 1871; x_wconf 75' lang='lat' dir='ltr'>12‚00t},000</span> <span class='ocrx_word' id='word_1_281' title='bbox 548 1827 755 1863; x_wconf 81' lang='lat' dir='ltr'>Sestertien</span> <span class='ocrx_word' id='word_1_282' title='bbox 771 1838 817 1860; x_wconf 71' lang='grc' dir='ltr'><strong>Ξ</strong></span> <span class='ocrx_word' id='word_1_283' title='bbox 835 1826 1020 1869; x_wconf 82' lang='lat'>1‚200‚000</span> <span class='ocrx_word' id='word_1_284' title='bbox 1030 1825 1086 1860; x_wconf 86' lang='lat' dir='ltr'>Fl.</span> <span class='ocrx_word' id='word_1_285' title='bbox 1101 1825 1253 1859; x_wconf 83' lang='lat' dir='ltr'>Rheinl.</span> <span class='ocrx_word' id='word_1_286' title='bbox 1285 1826 1436 1859; x_wconf 86' lang='lat' dir='ltr'>WIEL.</span> <span class='ocrx_word' id='word_1_287' title='bbox 1480 1824 1544 1860; x_wconf 87' lang='lat' dir='ltr'>Sic</span> <span class='ocrx_word' id='word_1_288' title='bbox 1569 1826 1703 1860; x_wconf 85' lang='lat' dir='ltr'>distin-</span> 
     </span>
     <span class='ocr_line' id='line_1_33' title="bbox 232 1871 1704 1922; baseline -0.003 -10"><span class='ocrx_word' id='word_1_289' title='bbox 232 1885 352 1922; x_wconf 77' lang='lat' dir='ltr'>guunt</span> <span class='ocrx_word' id='word_1_290' title='bbox 376 1878 530 1912; x_wconf 78' lang='lat' dir='ltr'>Ascens.</span> <span class='ocrx_word' id='word_1_291' title='bbox 552 1876 585 1908; x_wconf 84' lang='lat'>2.</span> <span class='ocrx_word' id='word_1_292' title='bbox 631 1876 731 1909; x_wconf 82' lang='lat' dir='ltr'>Crat.</span> <span class='ocrx_word' id='word_1_293' title='bbox 755 1874 846 1907; x_wconf 87' lang='lat' dir='ltr'>Ern.</span> <span class='ocrx_word' id='word_1_294' title='bbox 875 1872 961 1907; x_wconf 75' lang='lat' dir='ltr'>sch.</span> <span class='ocrx_word' id='word_1_295' title='bbox 987 1872 1083 1905; x_wconf 79' lang='lat' dir='ltr'>Lim.</span> <span class='ocrx_word' id='word_1_296' title='bbox 1109 1872 1313 1905; x_wconf 80' lang='lat' dir='ltr'>scribebam</span> <span class='ocrx_word' id='word_1_297' title='bbox 1344 1872 1384 1905; x_wconf 78' lang='lat' dir='ltr'>in</span> <span class='ocrx_word' id='word_1_298' title='bbox 1414 1871 1611 1916; x_wconf 70' lang='lat' dir='ltr'>tribunali,</span> <span class='ocrx_word' id='word_1_299' title='bbox 1644 1883 1704 1907; x_wconf 74' lang='lat' dir='ltr'>‘res</span> 
     </span>
     <span class='ocr_line' id='line_1_34' title="bbox 232 1918 1699 1968; baseline -0.003 -9"><span class='ocrx_word' id='word_1_300' title='bbox 232 1927 331 1959; x_wconf 84' lang='lat' dir='ltr'>Cett.</span> <span class='ocrx_word' id='word_1_301' title='bbox 364 1924 551 1968; x_wconf 75' lang='lat' dir='ltr'>plerique.</span> <span class='ocrx_word' id='word_1_302' title='bbox 594 1921 668 1955; x_wconf 88' lang='lat' dir='ltr'>OR.</span> <span class='ocrx_word' id='word_1_303' title='bbox 694 1940 738 1944; x_wconf 97' lang='lat'><strong>—</strong></span> <span class='ocrx_word' id='word_1_304' title='bbox 770 1920 807 1953; x_wconf 83' lang='lat' dir='ltr'>z&#39;n</span> <span class='ocrx_word' id='word_1_305' title='bbox 835 1919 908 1952; x_wconf 73' lang='lat' dir='ltr'>bib.</span> <span class='ocrx_word' id='word_1_306' title='bbox 935 1919 1025 1960; x_wconf 75' lang='lat' dir='ltr'>agri</span> <span class='ocrx_word' id='word_1_307' title='bbox 1048 1930 1096 1952; x_wconf 87' lang='lat' dir='ltr'>m.</span> <span class='ocrx_word' id='word_1_308' title='bbox 1116 1919 1245 1962; x_wconf 74' lang='lat' dir='ltr'>pacati</span> <span class='ocrx_word' id='word_1_309' title='bbox 1269 1918 1371 1961; x_wconf 61' lang='lat' dir='ltr'>ded„</span> <span class='ocrx_word' id='word_1_310' title='bbox 1405 1929 1466 1952; x_wconf 92' lang='lat' dir='ltr'>um</span> <span class='ocrx_word' id='word_1_311' title='bbox 1499 1929 1538 1953; x_wconf 87' lang='lat' dir='ltr'>es</span> <span class='ocrx_word' id='word_1_312' title='bbox 1563 1919 1602 1953; x_wconf 90' lang='lat' dir='ltr'>in</span> <span class='ocrx_word' id='word_1_313' title='bbox 1627 1919 1699 1954; x_wconf 91' lang='lat' dir='ltr'>den</span> 
     </span>
     <span class='ocr_line' id='line_1_35' title="bbox 232 1964 1701 2014; baseline -0.003 -9"><span class='ocrx_word' id='word_1_314' title='bbox 232 1971 457 2014; x_wconf 71' lang='lat' dir='ltr'>Gegenden,</span> <span class='ocrx_word' id='word_1_315' title='bbox 492 1969 607 2002; x_wconf 86' lang='lat' dir='ltr'>deren</span> <span class='ocrx_word' id='word_1_316' title='bbox 632 1967 742 2001; x_wconf 83' lang='lat' dir='ltr'>Ruhe</span> <span class='ocrx_word' id='word_1_317' title='bbox 767 1965 985 2010; x_wconf 74' lang='lat' dir='ltr'>verdachtig</span> <span class='ocrx_word' id='word_1_318' title='bbox 1013 1965 1080 2008; x_wconf 85' lang='lat' dir='ltr'>ist,</span> <span class='ocrx_word' id='word_1_319' title='bbox 1122 1966 1159 1999; x_wconf 91' lang='lat' dir='ltr'>in</span> <span class='ocrx_word' id='word_1_320' title='bbox 1191 1965 1254 1999; x_wconf 85' lang='lat' dir='ltr'>die</span> <span class='ocrx_word' id='word_1_321' title='bbox 1278 1964 1623 2008; x_wconf 82' lang='lat' dir='ltr'>VVinterquartiere</span> <span class='ocrx_word' id='word_1_322' title='bbox 1653 1977 1701 2001; x_wconf 92' lang='lat' dir='ltr'>zu</span> 
     </span>
     <span class='ocr_line' id='line_1_36' title="bbox 230 2011 1701 2061; baseline -0.003 -10"><span class='ocrx_word' id='word_1_323' title='bbox 230 2019 424 2061; x_wconf 80' lang='lat' dir='ltr'>verlegen.</span> <span class='ocrx_word' id='word_1_324' title='bbox 448 2035 490 2040; x_wconf 92' lang='lat'>-—</span> <span class='ocrx_word' id='word_1_325' title='bbox 523 2014 761 2058; x_wconf 76' lang='lat' dir='ltr'>recipiebam,</span> <span class='ocrx_word' id='word_1_326' title='bbox 788 2012 849 2046; x_wconf 85' lang='lat' dir='ltr'>ich</span> <span class='ocrx_word' id='word_1_327' title='bbox 875 2012 989 2046; x_wconf 86' lang='lat' dir='ltr'>selbst</span> <span class='ocrx_word' id='word_1_328' title='bbox 1016 2011 1080 2045; x_wconf 88' lang='lat' dir='ltr'>bin</span> <span class='ocrx_word' id='word_1_329' title='bbox 1106 2011 1155 2044; x_wconf 92' lang='lat' dir='ltr'>im</span> <span class='ocrx_word' id='word_1_330' title='bbox 1179 2012 1338 2055; x_wconf 82' lang='lat' dir='ltr'>Begriff,</span> <span class='ocrx_word' id='word_1_331' title='bbox 1364 2011 1461 2044; x_wconf 88' lang='lat' dir='ltr'>mich</span> <span class='ocrx_word' id='word_1_332' title='bbox 1485 2012 1579 2045; x_wconf 85' lang='lat' dir='ltr'>nach</span> <span class='ocrx_word' id='word_1_333' title='bbox 1602 2012 1701 2046; x_wconf 90' lang='lat' dir='ltr'>Lao-</span> 
     </span>
     <span class='ocr_line' id='line_1_37' title="bbox 232 2058 1698 2104; baseline -0.003 -6"><span class='ocrx_word' id='word_1_334' title='bbox 232 2064 340 2098; x_wconf 85' lang='lat' dir='ltr'>dicea</span> <span class='ocrx_word' id='word_1_335' title='bbox 364 2062 506 2096; x_wconf 76' lang='lat' dir='ltr'>zuriick</span> <span class='ocrx_word' id='word_1_336' title='bbox 532 2072 577 2094; x_wconf 87' lang='lat' dir='ltr'>zu</span> <span class='ocrx_word' id='word_1_337' title='bbox 604 2061 788 2104; x_wconf 76' lang='lat' dir='ltr'>begeben.</span> <span class='ocrx_word' id='word_1_338' title='bbox 837 2058 875 2093; x_wconf 87' lang='lat' dir='ltr'>S.</span> <span class='ocrx_word' id='word_1_339' title='bbox 900 2059 1049 2092; x_wconf 89' lang='lat' dir='ltr'>Ramsh.</span> <span class='ocrx_word' id='word_1_340' title='bbox 1075 2058 1103 2101; x_wconf 62' lang='grc' dir='ltr'>ἕ.</span> <span class='ocrx_word' id='word_1_341' title='bbox 1120 2059 1200 2101; x_wconf 83' lang='grc'>163,</span> <span class='ocrx_word' id='word_1_342' title='bbox 1216 2060 1251 2101; x_wconf 85' lang='grc'>3,</span> <span class='ocrx_word' id='word_1_343' title='bbox 1272 2059 1306 2092; x_wconf 91' lang='lat' dir='ltr'>b.</span> <span class='ocrx_word' id='word_1_344' title='bbox 1343 2058 1487 2092; x_wconf 85' lang='lat' dir='ltr'>Grotef.</span> <span class='ocrx_word' id='word_1_345' title='bbox 1513 2060 1543 2102; x_wconf 62' lang='grc' dir='ltr'>ξ.</span> <span class='ocrx_word' id='word_1_346' title='bbox 1564 2060 1644 2103; x_wconf 87' lang='grc'><strong>176,</strong></span> <span class='ocrx_word' id='word_1_347' title='bbox 1663 2060 1698 2094; x_wconf 90' lang='grc'>5.</span> 
     </span>
     <span class='ocr_line' id='line_1_38' title="bbox 324 2104 1699 2151; baseline -0.004 -7"><span class='ocrx_word' id='word_1_348' title='bbox 324 2112 359 2145; x_wconf 85' lang='grc'>6.</span> <span class='ocrx_word' id='word_1_349' title='bbox 385 2110 487 2143; x_wconf 78' lang='lat' dir='ltr'>Haec</span> <span class='ocrx_word' id='word_1_350' title='bbox 512 2108 647 2151; x_wconf 75' lang='lat' dir='ltr'>adbuc,</span> <span class='ocrx_word' id='word_1_351' title='bbox 684 2118 724 2140; x_wconf 87' lang='lat' dir='ltr'>so</span> <span class='ocrx_word' id='word_1_352' title='bbox 758 2106 833 2139; x_wconf 77' lang='lat' dir='ltr'>viel</span> <span class='ocrx_word' id='word_1_353' title='bbox 868 2116 940 2138; x_wconf 84' lang='lat' dir='ltr'>von</span> <span class='ocrx_word' id='word_1_354' title='bbox 967 2106 1085 2147; x_wconf 89' lang='lat' dir='ltr'>Dem,</span> <span class='ocrx_word' id='word_1_355' title='bbox 1121 2115 1199 2139; x_wconf 85' lang='lat' dir='ltr'>was</span> <span class='ocrx_word' id='word_1_356' title='bbox 1233 2104 1362 2139; x_wconf 85' lang='lat' dir='ltr'>bisher</span> <span class='ocrx_word' id='word_1_357' title='bbox 1394 2104 1605 2147; x_wconf 85' lang='lat' dir='ltr'>geschehen</span> <span class='ocrx_word' id='word_1_358' title='bbox 1631 2105 1699 2139; x_wconf 87' lang='lat' dir='ltr'>ist!</span> 
     </span>
     <span class='ocr_line' id='line_1_39' title="bbox 230 2151 1698 2199; baseline -0.002 -10"><span class='ocrx_word' id='word_1_359' title='bbox 230 2156 326 2190; x_wconf 89' lang='lat' dir='ltr'>Ueb.</span> <span class='ocrx_word' id='word_1_360' title='bbox 355 2156 388 2190; x_wconf 93' lang='lat' dir='ltr'>d.</span> <span class='ocrx_word' id='word_1_361' title='bbox 416 2156 574 2199; x_wconf 83' lang='lat' dir='ltr'>Ellupse</span> <span class='ocrx_word' id='word_1_362' title='bbox 604 2165 633 2188; x_wconf 92' lang='lat' dir='ltr'>s.</span> <span class='ocrx_word' id='word_1_363' title='bbox 660 2153 809 2187; x_wconf 84' lang='lat' dir='ltr'>Ramsh.</span> <span class='ocrx_word' id='word_1_364' title='bbox 843 2153 974 2195; x_wconf 80' lang='lat'>§.206,</span> <span class='ocrx_word' id='word_1_365' title='bbox 999 2152 1050 2193; x_wconf 84' lang='lat' dir='ltr'>C,</span> <span class='ocrx_word' id='word_1_366' title='bbox 1075 2151 1117 2193; x_wconf 81' lang='lat'>2,</span> <span class='ocrx_word' id='word_1_367' title='bbox 1144 2162 1174 2185; x_wconf 85' lang='lat' dir='ltr'>c.</span> <span class='ocrx_word' id='word_1_368' title='bbox 1202 2169 1246 2175; x_wconf 95' lang='lat'>—</span> <span class='ocrx_word' id='word_1_369' title='bbox 1282 2151 1331 2184; x_wconf 81' lang='lat' dir='ltr'>ad</span> <span class='ocrx_word' id='word_1_370' title='bbox 1358 2154 1499 2194; x_wconf 61' lang='lat' dir='ltr'>praet„</span> <span class='ocrx_word' id='word_1_371' title='bbox 1537 2151 1603 2184; x_wconf 88' lang='lat' dir='ltr'>aus</span> <span class='ocrx_word' id='word_1_372' title='bbox 1633 2151 1698 2186; x_wconf 86' lang='lat' dir='ltr'>das</span> 
     </span>
     <span class='ocr_line' id='line_1_40' title="bbox 229 2196 1697 2245; baseline -0.003 -9"><span class='ocrx_word' id='word_1_373' title='bbox 229 2202 566 2245; x_wconf 79' lang='lat' dir='ltr'>Vorhergehende.</span> <span class='ocrx_word' id='word_1_374' title='bbox 591 2219 636 2225; x_wconf 93' lang='lat'>——</span> <span class='ocrx_word' id='word_1_375' title='bbox 673 2204 707 2232; x_wconf 82' lang='lat' dir='ltr'>et</span> <span class='ocrx_word' id='word_1_376' title='bbox 733 2225 740 2233; x_wconf 87' lang='lat'>.</span> <span class='ocrx_word' id='word_1_377' title='bbox 757 2225 766 2233; x_wconf 89' lang='lat'>.</span> <span class='ocrx_word' id='word_1_378' title='bbox 783 2225 790 2233; x_wconf 89' lang='lat'>.</span> <span class='ocrx_word' id='word_1_379' title='bbox 818 2199 857 2232; x_wconf 72' lang='lat' dir='ltr'>in</span> <span class='ocrx_word' id='word_1_380' title='bbox 883 2209 950 2242; x_wconf 79' lang='lat' dir='ltr'>quo</span> <span class='ocrx_word' id='word_1_381' title='bbox 983 2198 1149 2239; x_wconf 68' lang='lat' dir='ltr'>laborem,</span> <span class='ocrx_word' id='word_1_382' title='bbox 1181 2206 1259 2231; x_wconf 85' lang='lat' dir='ltr'>was</span> <span class='ocrx_word' id='word_1_383' title='bbox 1290 2197 1362 2230; x_wconf 90' lang='lat' dir='ltr'>den</span> <span class='ocrx_word' id='word_1_384' title='bbox 1387 2196 1514 2230; x_wconf 88' lang='lat' dir='ltr'>Punkt</span> <span class='ocrx_word' id='word_1_385' title='bbox 1539 2197 1697 2242; x_wconf 85' lang='lat' dir='ltr'>betrifft‚</span> 
     </span>
     <span class='ocr_line' id='line_1_41' title="bbox 229 2243 1697 2289; baseline -0.003 -7"><span class='ocrx_word' id='word_1_386' title='bbox 229 2249 301 2282; x_wconf 90' lang='lat' dir='ltr'>den</span> <span class='ocrx_word' id='word_1_387' title='bbox 328 2249 387 2282; x_wconf 91' lang='lat' dir='ltr'>Du</span> <span class='ocrx_word' id='word_1_388' title='bbox 416 2248 486 2281; x_wconf 88' lang='lat' dir='ltr'>mir</span> <span class='ocrx_word' id='word_1_389' title='bbox 511 2249 585 2280; x_wconf 82' lang='lat' dir='ltr'>an⁷s</span> <span class='ocrx_word' id='word_1_390' title='bbox 611 2247 711 2279; x_wconf 84' lang='lat' dir='ltr'>Herz</span> <span class='ocrx_word' id='word_1_391' title='bbox 737 2246 834 2289; x_wconf 77' lang='lat' dir='ltr'>legst</span> <span class='ocrx_word' id='word_1_392' title='bbox 861 2246 934 2278; x_wconf 89' lang='lat' dir='ltr'>und</span> <span class='ocrx_word' id='word_1_393' title='bbox 964 2244 1048 2277; x_wconf 90' lang='lat' dir='ltr'>der</span> <span class='ocrx_word' id='word_1_394' title='bbox 1072 2243 1190 2277; x_wconf 84' lang='lat' dir='ltr'>Dich</span> <span class='ocrx_word' id='word_1_395' title='bbox 1216 2269 1224 2277; x_wconf 93' lang='lat'>.</span> <span class='ocrx_word' id='word_1_396' title='bbox 1243 2269 1250 2277; x_wconf 92' lang='lat'>.</span> <span class='ocrx_word' id='word_1_397' title='bbox 1269 2270 1276 2277; x_wconf 92' lang='lat'>.</span> <span class='ocrx_word' id='word_1_398' title='bbox 1304 2253 1444 2287; x_wconf 81' lang='lat' dir='ltr'>sogal·</span> <span class='ocrx_word' id='word_1_399' title='bbox 1474 2253 1530 2277; x_wconf 90' lang='lat' dir='ltr'>zu</span> <span class='ocrx_word' id='word_1_400' title='bbox 1562 2244 1697 2278; x_wconf 86' lang='lat' dir='ltr'>heun-</span> 
     </span>
     <span class='ocr_line' id='line_1_42' title="bbox 229 2289 1749 2339; baseline -0.002 -10"><span class='ocrx_word' id='word_1_401' title='bbox 229 2307 248 2330; x_wconf 85' lang='lat' dir='ltr'>r</span> <span class='ocrx_word' id='word_1_402' title='bbox 260 2307 281 2328; x_wconf 92' lang='lat' dir='ltr'>u</span> <span class='ocrx_word' id='word_1_403' title='bbox 293 2295 434 2339; x_wconf 83' lang='lat' dir='ltr'>higen</span> <span class='ocrx_word' id='word_1_404' title='bbox 461 2293 621 2327; x_wconf 87' lang='lat' dir='ltr'>schein</span> <span class='ocrx_word' id='word_1_405' title='bbox 634 2300 656 2326; x_wconf 88' lang='lat' dir='ltr'>t.</span> <span class='ocrx_word' id='word_1_406' title='bbox 675 2312 720 2317; x_wconf 91' lang='lat'><strong>—</strong></span> <span class='ocrx_word' id='word_1_407' title='bbox 751 2292 846 2336; x_wconf 80' lang='lat' dir='ltr'>quod</span> <span class='ocrx_word' id='word_1_408' title='bbox 865 2292 987 2335; x_wconf 73' lang='lat' dir='ltr'>pluris</span> <span class='ocrx_word' id='word_1_409' title='bbox 1011 2293 1063 2323; x_wconf 82' lang='lat' dir='ltr'>est</span> <span class='ocrx_word' id='word_1_410' title='bbox 1087 2290 1250 2323; x_wconf 88' lang='lat' dir='ltr'>refertur</span> <span class='ocrx_word' id='word_1_411' title='bbox 1274 2289 1319 2322; x_wconf 89' lang='lat' dir='ltr'>ad</span> <span class='ocrx_word' id='word_1_412' title='bbox 1344 2289 1519 2323; x_wconf 76' lang='lat' dir='ltr'>hortaris.</span> <span class='ocrx_word' id='word_1_413' title='bbox 1552 2290 1696 2335; x_wconf 85' lang='lat' dir='ltr'>Nempe</span> <span class='ocrx_word' id='word_1_414' title='bbox 1748 2314 1749 2319; x_wconf 62' lang='lat'>=</span> 
     </span>
     <span class='ocr_line' id='line_1_43' title="bbox 229 2335 1695 2380; baseline -0.003 -5"><span class='ocrx_word' id='word_1_415' title='bbox 229 2342 363 2376; x_wconf 89' lang='lat' dir='ltr'>Cicero</span> <span class='ocrx_word' id='word_1_416' title='bbox 389 2341 439 2374; x_wconf 86' lang='lat' dir='ltr'>ait</span> <span class='ocrx_word' id='word_1_417' title='bbox 457 2340 619 2374; x_wconf 80' lang='lat' dir='ltr'>Atticum</span> <span class='ocrx_word' id='word_1_418' title='bbox 645 2350 684 2372; x_wconf 88' lang='lat' dir='ltr'>se</span> <span class='ocrx_word' id='word_1_419' title='bbox 708 2349 782 2371; x_wconf 88' lang='lat' dir='ltr'>non</span> <span class='ocrx_word' id='word_1_420' title='bbox 809 2337 951 2371; x_wconf 86' lang='lat' dir='ltr'>hortari</span> <span class='ocrx_word' id='word_1_421' title='bbox 977 2337 1109 2379; x_wconf 90' lang='lat' dir='ltr'>solum,</span> <span class='ocrx_word' id='word_1_422' title='bbox 1135 2335 1214 2378; x_wconf 87' lang='lat' dir='ltr'>sed,</span> <span class='ocrx_word' id='word_1_423' title='bbox 1241 2337 1336 2379; x_wconf 76' lang='lat' dir='ltr'>quod</span> <span class='ocrx_word' id='word_1_424' title='bbox 1353 2337 1473 2369; x_wconf 78' lang='lat' dir='ltr'>maius</span> <span class='ocrx_word' id='word_1_425' title='bbox 1494 2336 1557 2380; x_wconf 85' lang='lat' dir='ltr'>sit,</span> <span class='ocrx_word' id='word_1_426' title='bbox 1585 2337 1695 2371; x_wconf 83' lang='lat' dir='ltr'>etiam</span> 
     </span>
     <span class='ocr_line' id='line_1_44' title="bbox 228 2382 1695 2427; baseline -0.004 -5"><span class='ocrx_word' id='word_1_427' title='bbox 228 2389 422 2425; x_wconf 82' lang='lat' dir='ltr'>laborare.</span> <span class='ocrx_word' id='word_1_428' title='bbox 454 2393 493 2420; x_wconf 84' lang='lat' dir='ltr'>ut</span> <span class='ocrx_word' id='word_1_429' title='bbox 524 2387 584 2419; x_wconf 78' lang='lat' dir='ltr'>vel</span> <span class='ocrx_word' id='word_1_430' title='bbox 610 2387 735 2419; x_wconf 85' lang='lat' dir='ltr'>Momo</span> <span class='ocrx_word' id='word_1_431' title='bbox 762 2385 784 2418; x_wconf 91' lang='lat' dir='ltr'>i.</span> <span class='ocrx_word' id='word_1_432' title='bbox 806 2395 837 2417; x_wconf 87' lang='lat' dir='ltr'>e.</span> <span class='ocrx_word' id='word_1_433' title='bbox 864 2382 1052 2417; x_wconf 79' lang='lat' dir='ltr'>acerrimis</span> <span class='ocrx_word' id='word_1_434' title='bbox 1086 2382 1421 2427; x_wconf 84' lang='lat' dir='ltr'>reprehensoribus</span> <span class='ocrx_word' id='word_1_435' title='bbox 1447 2382 1524 2416; x_wconf 84' lang='lat' dir='ltr'>suis</span> <span class='ocrx_word' id='word_1_436' title='bbox 1550 2383 1695 2417; x_wconf 85' lang='lat' dir='ltr'>satisfa-</span> 
     </span>
     <span class='ocr_line' id='line_1_45' title="bbox 228 2428 1746 2477; baseline -0.003 -9"><span class='ocrx_word' id='word_1_437' title='bbox 228 2435 313 2468; x_wconf 80' lang='lat' dir='ltr'>ciat.</span> <span class='ocrx_word' id='word_1_438' title='bbox 362 2434 482 2477; x_wconf 78' lang='lat' dir='ltr'>Igitur</span> <span class='ocrx_word' id='word_1_439' title='bbox 508 2432 678 2477; x_wconf 87' lang='lat' dir='ltr'>suspicor</span> <span class='ocrx_word' id='word_1_440' title='bbox 703 2431 818 2464; x_wconf 74' lang='lat' dir='ltr'>verba</span> <span class='ocrx_word' id='word_1_441' title='bbox 842 2441 948 2474; x_wconf 77' lang='lat' dir='ltr'>quam</span> <span class='ocrx_word' id='word_1_442' title='bbox 973 2429 1097 2462; x_wconf 74' lang='lat' dir='ltr'>omnia</span> <span class='ocrx_word' id='word_1_443' title='bbox 1129 2440 1149 2462; x_wconf 89' lang='lat' dir='ltr'>e</span> <span class='ocrx_word' id='word_1_444' title='bbox 1180 2429 1307 2472; x_wconf 84' lang='lat' dir='ltr'>glossa</span> <span class='ocrx_word' id='word_1_445' title='bbox 1331 2428 1499 2463; x_wconf 61' lang='lat' dir='ltr'>fluxisse.</span> <span class='ocrx_word' id='word_1_446' title='bbox 1525 2429 1632 2463; x_wconf 90' lang='lat' dir='ltr'>SC&#39;H.</span> <span class='ocrx_word' id='word_1_447' title='bbox 1648 2449 1694 2454; x_wconf 97' lang='lat'><strong>—</strong></span> <span class='ocrx_word' id='word_1_448' title='bbox 1743 2443 1746 2449; x_wconf 90' lang='grc'><strong><em>·</em></strong></span> 
     </span>
     <span class='ocr_line' id='line_1_46' title="bbox 226 2475 1693 2525; baseline -0.003 -11"><span class='ocrx_word' id='word_1_449' title='bbox 226 2481 415 2523; x_wconf 73' lang='lat' dir='ltr'>Ligurino</span> <span class='ocrx_word' id='word_1_450' title='bbox 446 2478 574 2525; x_wconf 43' lang='grc' dir='ltr'>μωῇιιῳ,</span> <span class='ocrx_word' id='word_1_451' title='bbox 608 2489 692 2511; x_wconf 88' lang='lat' dir='ltr'>num</span> <span class='ocrx_word' id='word_1_452' title='bbox 719 2477 872 2520; x_wconf 87' lang='lat' dir='ltr'>Catoni,</span> <span class='ocrx_word' id='word_1_453' title='bbox 909 2476 1006 2509; x_wconf 82' lang='lat' dir='ltr'>forte</span> <span class='ocrx_word' id='word_1_454' title='bbox 1041 2475 1086 2508; x_wconf 85' lang='lat' dir='ltr'>ab</span> <span class='ocrx_word' id='word_1_455' title='bbox 1121 2485 1190 2508; x_wconf 82' lang='lat' dir='ltr'>avo</span> <span class='ocrx_word' id='word_1_456' title='bbox 1223 2475 1278 2509; x_wconf 88' lang='lat' dir='ltr'>sic</span> <span class='ocrx_word' id='word_1_457' title='bbox 1309 2475 1431 2519; x_wconf 78' lang='lat' dir='ltr'>diem,</span> <span class='ocrx_word' id='word_1_458' title='bbox 1465 2475 1529 2518; x_wconf 91' lang='lat' dir='ltr'>qui</span> <span class='ocrx_word' id='word_1_459' title='bbox 1555 2475 1628 2509; x_wconf 87' lang='lat' dir='ltr'>tiro</span> <span class='ocrx_word' id='word_1_460' title='bbox 1654 2475 1693 2509; x_wconf 88' lang='lat' dir='ltr'>in</span> 
     </span>
     <span class='ocr_line' id='line_1_47' title="bbox 226 2520 1693 2570; baseline -0.003 -9"><span class='ocrx_word' id='word_1_461' title='bbox 226 2527 397 2560; x_wconf 76' lang='lat' dir='ltr'>exercitu</span> <span class='ocrx_word' id='word_1_462' title='bbox 420 2523 601 2570; x_wconf 84' lang='lat' dir='ltr'>Pompilii</span> <span class='ocrx_word' id='word_1_463' title='bbox 627 2522 800 2557; x_wconf 74' lang='lat' dir='ltr'>militavit</span> <span class='ocrx_word' id='word_1_464' title='bbox 826 2522 863 2555; x_wconf 89' lang='lat' dir='ltr'>in</span> <span class='ocrx_word' id='word_1_465' title='bbox 887 2521 1078 2563; x_wconf 68' lang='lat' dir='ltr'>Liguria?</span> <span class='ocrx_word' id='word_1_466' title='bbox 1104 2520 1253 2555; x_wconf 80' lang='lat' dir='ltr'>Schutz.</span> <span class='ocrx_word' id='word_1_467' title='bbox 1273 2532 1374 2565; x_wconf 86' lang='lat' dir='ltr'>susp.</span> <span class='ocrx_word' id='word_1_468' title='bbox 1402 2523 1578 2569; x_wconf 73' lang='grc' dir='ltr'><em>λιγυρῷ</em></span> <span class='ocrx_word' id='word_1_469' title='bbox 1600 2534 1693 2557; x_wconf 71' lang='grc' dir='ltr'>τινι</span> 
     </span>
     <span class='ocr_line' id='line_1_48' title="bbox 226 2568 1693 2619; baseline -0.005 -11"><span class='ocrx_word' id='word_1_470' title='bbox 226 2573 377 2619; x_wconf 72' lang='grc' dir='ltr'><em>μαίμῳ,</em></span> <span class='ocrx_word' id='word_1_471' title='bbox 414 2583 523 2615; x_wconf 82' lang='lat' dir='ltr'>quem</span> <span class='ocrx_word' id='word_1_472' title='bbox 547 2571 592 2604; x_wconf 89' lang='lat' dir='ltr'>ad</span> <span class='ocrx_word' id='word_1_473' title='bbox 617 2569 765 2605; x_wconf 86' lang='lat' dir='ltr'>modum</span> <span class='ocrx_word' id='word_1_474' title='bbox 791 2569 986 2602; x_wconf 86' lang='lat' dir='ltr'>Thersites</span> <span class='ocrx_word' id='word_1_475' title='bbox 999 2568 1220 2601; x_wconf 88' lang='lat' dir='ltr'>Homericus</span> <span class='ocrx_word' id='word_1_476' title='bbox 1245 2568 1456 2613; x_wconf 84' lang='lat' dir='ltr'>appellatur</span> <span class='ocrx_word' id='word_1_477' title='bbox 1482 2569 1586 2612; x_wconf 72' lang='grc' dir='ltr'>λιγὺς</span> <span class='ocrx_word' id='word_1_478' title='bbox 1603 2568 1693 2612; x_wconf 68' lang='grc' dir='ltr'><em>ἆγο-</em></span> 
     </span>
     <span class='ocr_line' id='line_1_49' title="bbox 227 2613 1737 2664; baseline -0.004 -11"><span class='ocrx_word' id='word_1_479' title='bbox 227 2618 349 2664; x_wconf 68' lang='grc' dir='ltr'><em>ρηῑιῖς.</em></span> <span class='ocrx_word' id='word_1_480' title='bbox 397 2619 476 2653; x_wconf 86' lang='lat' dir='ltr'>Alii</span> <span class='ocrx_word' id='word_1_481' title='bbox 501 2618 538 2651; x_wconf 91' lang='lat' dir='ltr'>in</span> <span class='ocrx_word' id='word_1_482' title='bbox 564 2623 723 2651; x_wconf 82' lang='lat' dir='ltr'>mentem</span> <span class='ocrx_word' id='word_1_483' title='bbox 746 2616 866 2648; x_wconf 82' lang='lat' dir='ltr'>venit:</span> <span class='ocrx_word' id='word_1_484' title='bbox 894 2617 1186 2660; x_wconf 72' lang='grc' dir='ltr'>ψιθυριστῶν</span> <span class='ocrx_word' id='word_1_485' title='bbox 1209 2614 1356 2660; x_wconf 74' lang='grc' dir='ltr'><em>μώμῳ.</em></span> <span class='ocrx_word' id='word_1_486' title='bbox 1393 2613 1590 2647; x_wconf 87' lang='lat' dir='ltr'>ORELLI.</span> <span class='ocrx_word' id='word_1_487' title='bbox 1616 2613 1692 2648; x_wconf 87' lang='lat' dir='ltr'>Die</span> <span class='ocrx_word' id='word_1_488' title='bbox 1736 2637 1737 2641; x_wconf 65' lang='lat'>,</span> 
     </span>
     <span class='ocr_line' id='line_1_50' title="bbox 226 2659 1691 2708; baseline -0.004 -10"><span class='ocrx_word' id='word_1_489' title='bbox 226 2665 390 2708; x_wconf 73' lang='lat' dir='ltr'>Ligurer</span> <span class='ocrx_word' id='word_1_490' title='bbox 414 2666 468 2698; x_wconf 84' lang='lat' dir='ltr'>als</span> <span class='ocrx_word' id='word_1_491' title='bbox 486 2662 743 2707; x_wconf 64' lang='lat' dir='ltr'>&gt;tadelsi&#39;ichtig</span> <span class='ocrx_word' id='word_1_492' title='bbox 768 2662 948 2695; x_wconf 82' lang='lat' dir='ltr'>bekannt!</span> <span class='ocrx_word' id='word_1_493' title='bbox 972 2661 1133 2705; x_wconf 28' lang='lat' dir='ltr'>‘Momus</span> <span class='ocrx_word' id='word_1_494' title='bbox 1155 2660 1261 2694; x_wconf 88' lang='lat' dir='ltr'>Deus</span> <span class='ocrx_word' id='word_1_495' title='bbox 1287 2659 1447 2693; x_wconf 90' lang='lat' dir='ltr'>omnium</span> <span class='ocrx_word' id='word_1_496' title='bbox 1481 2665 1691 2693; x_wconf 84' lang='lat' dir='ltr'>ceterorum</span> 
     </span>
     <span class='ocr_line' id='line_1_51' title="bbox 226 2701 1735 2754; baseline -0.003 -11"><span class='ocrx_word' id='word_1_497' title='bbox 226 2710 382 2744; x_wconf 85' lang='lat' dir='ltr'>deorum</span> <span class='ocrx_word' id='word_1_498' title='bbox 407 2711 542 2745; x_wconf 87' lang='lat' dir='ltr'>irrisor</span> <span class='ocrx_word' id='word_1_499' title='bbox 567 2717 603 2744; x_wconf 90' lang='lat' dir='ltr'>et</span> <span class='ocrx_word' id='word_1_500' title='bbox 628 2708 889 2754; x_wconf 84' lang='lat' dir='ltr'>reprehensor.</span> <span class='ocrx_word' id='word_1_501' title='bbox 924 2701 1126 2741; x_wconf 81' lang='lat' dir='ltr'>LUNEM.</span> <span class='ocrx_word' id='word_1_502' title='bbox 1157 2707 1432 2749; x_wconf 68' lang='lat' dir='ltr'>satisfaciamus</span> <span class='ocrx_word' id='word_1_503' title='bbox 1461 2706 1689 2748; x_wconf 38' lang='lat' dir='ltr'>Md.,0xon.</span> <span class='ocrx_word' id='word_1_504' title='bbox 1733 2736 1735 2742; x_wconf 90' lang='grc'><em>,</em></span> 
     </span>
     <span class='ocr_line' id='line_1_52' title="bbox 229 2752 1735 2800; baseline -0.003 -10"><span class='ocrx_word' id='word_1_505' title='bbox 229 2758 260 2791; x_wconf 92' lang='lat' dir='ltr'>l.</span> <span class='ocrx_word' id='word_1_506' title='bbox 286 2776 327 2782; x_wconf 81' lang='lat'>-—-</span> <span class='ocrx_word' id='word_1_507' title='bbox 352 2758 388 2791; x_wconf 66' lang='grc' dir='ltr'>δι’</span> <span class='ocrx_word' id='word_1_508' title='bbox 412 2784 419 2792; x_wconf 96' lang='grc'><em>.</em></span> <span class='ocrx_word' id='word_1_509' title='bbox 437 2784 444 2792; x_wconf 94' lang='grc'><strong><em>.</em></strong></span> <span class='ocrx_word' id='word_1_510' title='bbox 462 2784 469 2792; x_wconf 94' lang='grc'><strong>.</strong></span> <span class='ocrx_word' id='word_1_511' title='bbox 495 2758 587 2800; x_wconf 79' lang='lat' dir='ltr'>eleg.</span> <span class='ocrx_word' id='word_1_512' title='bbox 614 2768 661 2790; x_wconf 75' lang='lat' dir='ltr'>z:</span> <span class='ocrx_word' id='word_1_513' title='bbox 684 2755 868 2798; x_wconf 87' lang='lat' dir='ltr'>mundius,</span> <span class='ocrx_word' id='word_1_514' title='bbox 894 2753 1037 2799; x_wconf 81' lang='lat' dir='ltr'>purius,</span> <span class='ocrx_word' id='word_1_515' title='bbox 1064 2753 1262 2798; x_wconf 79' lang='lat' dir='ltr'>integrius,</span> <span class='ocrx_word' id='word_1_516' title='bbox 1286 2752 1556 2796; x_wconf 85' lang='lat' dir='ltr'>continentius,</span> <span class='ocrx_word' id='word_1_517' title='bbox 1580 2762 1690 2787; x_wconf 87' lang='lat' dir='ltr'>wenn</span> <span class='ocrx_word' id='word_1_518' title='bbox 1733 2783 1735 2785; x_wconf 90' lang='lat'>.</span> 
     </span>
    </p>
   </div>
  </div>
 </body>
</html>
