1795 3043
571 40 883 90 EPISTOLA
919 40 1090 87 CCXC.
1468 46 1567 94 295

316 179 627 228 EPISTOLA
663 178 838 226 CCXC.
875 178 956 237 (ad
991 180 1094 224 Div.
1125 177 1246 224 XVI.
1282 178 1353 236 6.)

221 269 309 304 Dat.
335 268 447 304 Actio
472 279 507 305 a.
531 267 565 302 d.
591 267 682 304 VII.
708 267 765 302 Id.
789 267 886 303 Nov.
912 268 958 300 A.
987 266 1030 300 U.
1059 266 1099 300 C.
1127 266 1204 301 704.
1239 267 1285 309 (a.
1313 265 1353 300 C.
1380 266 1453 308 50.)

112 339 251 373 nerum
276 342 402 383 rogat,
437 343 476 372 ut
500 336 749 371 valetudinem
774 342 880 370 curet
904 340 941 369 et
965 334 1097 369 crebro
1122 334 1251 369 literas
1276 334 1407 369 mittat.
1434 335 1454 369 l
1469 334 1560 369 —2

157 406 375 442 TULLIUS
406 406 473 440 ET
505 405 689 441 CICERO
715 405 783 439 ET
809 405 853 441 Q.
880 406 924 440 Q.
951 403 1130 438 TIRONI
1162 402 1268 437 SAL.
1296 403 1444 437 PLUR.
1468 402 1517 437 D.

222 478 410 518 Tertiam
431 476 484 517 ad
509 477 552 515 te
579 476 690 516 hanc
720 475 943 527 epistolam
972 473 1123 525 scripsi
1151 473 1295 513 eodem
1323 473 1403 525 die,
1430 472 1562 526 magis

109 534 294 575 instituti
322 535 405 574 mei
432 532 602 573 tenendi
631 545 783 585 causa,
824 531 923 584 quia
961 532 1110 571 nactus
1141 542 1255 570 eram
1296 531 1366 570 cui
1404 530 1562 581 darem,

110 604 236 642 quam
267 603 349 642 quo
378 589 598 642 haberem,
639 589 741 640 quid
769 589 1009 629 scriberem.
1067 587 1202 640 Igitur
1229 587 1326 627 illa:
1358 589 1561 638 quantum
1613 625 1617 627 .

109 660 175 689 me
205 649 357 700 diligis,
385 648 548 687 tantum
579 645 734 687 adhibe
762 646 807 686 in
837 648 879 686 te
918 645 1174 698 diligentiae.
1244 643 1310 684 Ad
1339 644 1412 683 tua
1440 644 1562 683 innu-

109 705 333 746 merabilia
368 703 412 743 in
450 716 516 743 me
546 702 696 748 officia,
719 702 823 744 adde
852 704 953 755 hoc,
995 702 1107 754 quod
1135 701 1239 741 mihi
1269 701 1350 740 erit
1379 701 1557 753 gratissi-

107 774 219 802 mum
249 760 446 801 omnium.
507 760 644 809 Quum
678 760 931 801 valetudinis
972 759 1198 810 rationem,
1238 760 1286 797 ut
1315 770 1456 810 spero,
1486 759 1558 798 ha·

106 818 261 870 bueris,
291 816 446 858 habeto
476 818 604 858 etiam
622 817 916 871 navigationis.
959 817 1007 857 Iu
1028 816 1193 856 ltaliam
1215 815 1410 855 euntibus
1428 815 1560 855 omni·
1582 817 1610 857 2

105 875 182 915 bus
211 875 264 915 ad
292 886 358 915 me
396 874 542 914 literas
583 874 721 924 dabis,
770 876 815 914 ut
855 886 929 927 ego
971 875 1140 913 euntem
1170 873 1319 913 Patras
1355 873 1563 913 neminem

103 933 408 985 praetermitto.
468 931 592 984 Cura,
623 944 726 972 cura
754 933 818 981 te,
848 932 907 971 mi
936 931 1035 972 Tiro
1045 944 1057 979 3
1089 929 1287 981 quoniam
1314 942 1398 969 non
1428 929 1562 970 conti-

102 990 189 1042 git,
220 991 266 1029 ut
295 989 420 1029 simul
450 989 685 1042 navigares,
713 989 825 1029 nihil
856 990 931 1038 est,
962 987 1073 1038 quod
1102 987 1300 1027 festines:
1332 998 1411 1026 nec
1441 985 1561 1038 quid-

101 1059 226 1098 quam
257 1058 402 1097 cures‚
445 1044 528 1085 nisi
559 1047 605 1085 ut
633 1047 785 1087 valeas.
842 1044 985 1085 Etiam
1015 1046 1142 1096 atque
1172 1044 1297 1084 etiam
1325 1044 1430 1084 vale.
1479 1055 1559 1085 vn.

98 1102 197 1144 Idus
225 1102 450 1145 Novembr.
478 1100 627 1155 Actio,
666 1101 847 1156 vesperi.

270 1294 582 1341 EPISTOLA
625 1294 829 1341 CCXCI.
886 1293 970 1353 (ad
1012 1295 1117 1341 Div.
1153 1295 1272 1343 XVI.
1308 1298 1378 1357 7.)

225 1380 307 1417 Ser.
335 1382 523 1428 Corcyrae
547 1381 639 1419 XV.
665 1381 750 1416 Kal.
777 1381 871 1416 Dec.
897 1382 942 1415 A.
965 1381 1010 1416 U.
1037 1382 1077 1416 C.
1103 1382 1181 1417 704.
1207 1384 1256 1426 (a.
1283 1383 1325 1417 C.
1349 1383 1423 1425 50.)

97 1450 379 1495 Navigationem
404 1449 442 1484 in
467 1449 613 1485 Italiam
638 1449 818 1503 describit
843 1449 1053 1530 iterugnque
1086 1451 1311 1487 valetudinis
1345 1460 1469 1486 curam
1494 1450 1560 1486 ‘ri-

646 1507 732 1530 roni
767 1507 932 1530 commen
962 1503 1010 1530 at.

325 1563 544 1600 TULLIUS
568 1565 637 1599 ET
663 1564 849 1600 CICERO
874 1563 913 1600 S.
938 1564 987 1599 D.
1013 1564 1194 1600 TIRONI
1218 1563 1329 1600 SUO.

211 1634 446 1686 Septimum
474 1634 560 1675 iam
588 1635 699 1676 diem
721 1636 929 1689 Corcyrae
958 1634 1221 1679 tenebamur.
1281 1635 1462 1684 Quintus
1490 1649 1562 1677 au-

97 1693 179 1731 tem
207 1694 330 1743 pater
359 1694 401 1732 et
429 1690 542 1733 filius
571 1693 783 1733 Buthroti.
857 1692 1045 1733 Solliciti
1075 1705 1240 1734 eramus
1270 1693 1321 1734 de
1349 1696 1423 1734 tua
1449 1694 1561 1734 vale-

97 1747 240 1788 tudine
269 1748 424 1789 mirum
454 1748 500 1789 in
530 1749 720 1790 modum:
760 1762 840 1790 nec
869 1748 1132 1790 mirabamur
1159 1750 1270 1790 nihil
1300 1764 1324 1791 a
1354 1752 1396 1789 te
1418 1751 1561 1790 litera-

95 1817 202 1845 rum.
261 1805 319 1846 Iis
349 1806 461 1846 enim
491 1807 627 1847 ventis
665 1807 790 1848 istinc
821 1808 1070 1861 navigatur,
1109 1808 1182 1859 qui
1212 1808 1247 1848 si
1276 1809 1441 1860 essent,
1483 1819 1560 1848 nos

188 1949 221 1981 1.
248 1948 370 1981 eodem
394 1947 473 1990 die,
506 1948 588 1983 scil.
615 1948 705 1985 VII.
731 1948 786 1983 Id.
811 1949 907 1983 Nov.
923 1968 964 1974 —
1004 1948 1120 1983 instit.
1145 1960 1193 1983 m.
1219 1953 1309 1990 ten„
1336 1961 1394 1984 um
1420 1949 1563 1985 meiner

97 1994 349 2029 Gewohnheit
373 2004 419 2028 zu
442 1993 569 2037 solgen
595 1994 630 2028 d.
657 1994 682 2028 i.
707 2005 748 2028 so
775 1995 829 2029 ost
853 2005 899 2029 zu
924 1995 1144 2039 schreiben,
1177 1997 1232 2030 als
1257 1997 1336 2030 sich
1374 1997 1458 2031 eine
1485 1997 1559 2031 Ge·-

95 2039 287 2084 legenheit
310 2039 447 2084 findet,
480 2041 588 2074 einen
613 2040 724 2075 Brief
744 2041 992 2085 mitzugeben.
1032 2042 1192 2085 tenendi,
1225 2042 1432 2087 retinendi,
1469 2054 1558 2076 con-

97 2086 269 2121 servandi
304 2097 333 2120 s.
374 2092 415 2120 ut
449 2097 706 2121 conservarem
740 2088 1045 2122 consuetudinem
1085 2099 1211 2122 meam.
1235 2108 1280 2114 —
1327 2101 1395 2133 quo
1425 2102 1471 2123 =
1502 2090 1557 2123 als

95 2143 217 2166 wenn.
246 2133 340 2176 quod
365 2132 451 2167 Sch.
477 2133 570 2167 Lim.
599 2134 672 2167 OR.
708 2133 744 2168 S.
773 2134 916 2168 Grotef.
948 2135 976 2177 §.
1002 2135 1084 2169 394.
1116 2135 1264 2169 Ramsh.
1292 2136 1320 2176 δ.
1342 2137 1420 2179 186,
1461 2136 1556 2171 Ueb.

95 2178 175 2212 Ιιαό.
204 2179 291 2222 quid
313 2179 423 2214 scrib.
450 2190 478 2213 s.
505 2179 654 2213 Ramsh.
682 2181 766 2223 184,
788 2180 822 2215 2.
848 2182 935 2223 160,
952 2182 983 2214 1.
1023 2181 1110 2214 Not.
1130 2183 1163 2215 3.
1182 2200 1224 2205 —
1267 2183 1355 2225 illa,
1390 2183 1455 2216 das
1480 2182 1558 2216 Un-

94 2224 340 2269 aushorliche,
359 2224 505 2269 Ewige.
531 2226 711 2270 Inculcat‚
729 2238 824 2271 quae
846 2227 995 2271 saepius
1019 2226 1277 2271 superioribus
1303 2228 1426 2263 literis
1452 2239 1560 2263 usur-

96 2270 221 2315 pavit,
256 2281 316 2304 ex.
343 2281 399 2314 gr.
426 2282 485 2316 ep.
501 2272 586 2315 288,
612 2273 646 2306 4.

185 2316 220 2348 2.
247 2316 295 2349 ad
317 2327 391 2360 me,
416 2317 480 2361 qui
505 2317 723 2363 propediem
749 2318 794 2352 ad
818 2319 971 2353 Romam
997 2318 1142 2353 futurus
1168 2330 1259 2355 sum.
1302 2321 1427 2355 Ueber
1446 2330 1559 2364 prae-

96 2362 256 2395 termino
289 2371 318 2395 s.
350 2373 409 2406 ep.
429 2363 508 2403 289,
528 2365 558 2398 2.
586 2384 631 2391 —
671 2366 842 2409 quoniam
873 2375 903 2399 s.
938 2375 997 2409 ep.
1013 2365 1297 2410 CCLXXXIII,
1315 2369 1347 2401 1.
1368 2386 1410 2392 —
1447 2367 1557 2400 Actio

95 2406 332 2488 ᾼςᾶῐῃέῖὲειᾶ
350 2409 608 2453 promontorio
641 2411 688 2445 ob
714 2411 916 2446 Antonium
947 2411 992 2445 ab
1017 2412 1185 2456 Augusto
1219 2413 1355 2447 victum
1388 2412 1558 2447 celeber-

96 2465 206 2488 nmo.
332 2478 339 2486 .

188 2511 220 2544 1.
246 2508 445 2553 Septimum
468 2512 543 2547 iam
568 2514 675 2548 diem.
712 2515 855 2560 Nempe
881 2525 902 2549 a
925 2514 974 2550 V.
1000 2514 1057 2549 Id.
1083 2515 1129 2549 ad
1153 2516 1244 2552 XV.
1271 2514 1354 2550 Kal.
1380 2515 1474 2549 Dec.
1501 2514 1557 2549 Cf.

99 2568 156 2601 ep.
179 2555 256 2590 292.
283 2556 390 2592 SCH.
409 2576 453 2582 —
491 2561 699 2594 tenebamur
722 2572 767 2594 =
792 2568 959 2594 tenemur
985 2562 1333 2606 tempestatibuS.—-
1373 2560 1562 2604 Buthroti,

98 2603 385 2646 ietztButrinto,
399 2603 436 2638 in
447 2604 712 2650 Thesprotien‚
724 2607 828 2641 nicht
839 2608 942 2641 ferne
953 2618 1025 2641 von
1035 2608 1197 2642 Leukas.
1213 2617 1276 2641 nec
1289 2613 1420 2642 tamen.
1435 2626 1476 2632 -
1503 2607 1562 2640 ni-

99 2648 151 2682 hil
174 2673 182 2681 .
196 2673 204 2682 .
222 2648 417 2683 literarum
433 2649 478 2683 ad
494 2661 561 2685 nos
580 2651 730 2687 missum
750 2663 846 2696 esse,
875 2653 1103 2698 pervenisse.
1115 2672 1159 2679 —
1189 2654 1257 2687 iis.
1274 2679 1282 2687 .
1298 2654 1443 2688 ,centia
1462 2653 1562 2687 Crat.

101 2693 206 2731 vict.
227 2696 258 2731 1.
294 2695 350 2730 his
381 2702 511 2731 contra
542 2696 618 2734 Md.
666 2699 791 2735 Patris
830 2710 963 2745 nempe
997 2699 1198 2746 Corcyram
1238 2699 1562 2745 proficiscentibus
