1795 3043
509 48 822 98 EP-ISTOLA
857 47 1144 96 CCCXXIV.
1460 55 1561 107 377

104 165 178 219 qui
208 165 336 218 caput
364 163 501 218 ipsum
529 162 794 215 reliquisset,
823 161 1001 214 reliquis
1030 162 1230 205 membris
1259 176 1342 205 non
1372 177 1562 217 parcere.

103 225 157 265 Ei
187 224 328 263 statim
357 220 555 274 rescripsi
592 219 886 271 hominemque
923 221 1086 260 certum
1126 221 1221 262 misi
1259 222 1310 263 de
1340 222 1562 263 comitibus
1586 224 1615 263 2

104 280 231 327 meis,
261 292 346 320 non
375 292 441 321 me
470 288 700 329 quaerere,
737 276 811 317 ubi
840 275 1047 316 tutissimo
1077 290 1231 320 essem:
1274 281 1310 320 si
1339 292 1406 319 me
1435 282 1565 322 vellet

106 351 179 379 sua
210 339 282 377 aut
310 338 375 377 rei
414 334 613 388 publicae
650 347 779 375 causa
821 333 1045 374 Luceriam
1083 336 1252 388 venire,
1294 338 1435 377 statim
1475 350 1565 378 esse

105 395 350 436 venturum:
393 393 665 443 hortatusque
695 404 807 443 sum,
843 391 891 430 ut
919 402 1036 430 oram
1066 393 1319 434 maritimam
1348 395 1563 444 retineret,

106 452 142 492 si
171 463 260 492 rem
288 448 604 491 frumentariam
641 448 724 488 sibi
767 459 819 488 ex
858 448 1091 499 provinciis
1122 451 1383 501 suppeditari
1424 455 1565 494 vellet.

106 509 200 549 Hoc
230 520 296 548 me
326 509 483 548 frustra
510 504 700 546 scribere
727 504 932 546 videbam.
993 504 1099 556 Sed,
1138 507 1202 546 uti
1238 508 1282 546 in
1321 509 1427 548 urbe
1466 511 1566 551 reti-

108 564 247 605 nenda
277 567 400 618 tunc,
429 564 491 603 sic
522 575 634 603 nunc
664 561 709 602 in
738 561 864 602 Italia
892 574 977 601 non
1007 562 1286 614 relinquenda
1306 566 1566 609 testificabar

108 623 360 662 sententiam
408 632 556 661 meam.
624 618 696 659 Sic
734 619 847 658 enim
883 619 1028 670 parari
1064 619 1212 668 video,
1255 623 1301 661 ut
1343 623 1567 665 Luceriam

108 692 252 718 omnes
284 678 432 731 copiae
461 675 783 717 contrahantur:
825 676 867 715 et
894 689 948 716 ne
976 676 1012 716 is
1041 676 1212 727 quidem
1239 679 1360 719 locus
1389 681 1564 730 stabilis,

107 736 179 776 sed
210 748 261 776 ex
291 747 340 775 eo
369 735 483 787 ipso,
528 733 564 773 si
605 745 851 786 urgeamur,
899 734 1074 786 paretur
1110 735 1223 789 fuga.
1299 737 1388 784 Quo
1429 739 1567 780 minus
1590 744 1619 784 3

108 793 285 842 mirere,
327 792 362 831 si
391 791 546 832 invitus
575 790 620 830 in
646 802 735 830 eam
765 802 934 830 causam
963 790 1189 840 descendo,
1242 793 1287 833 in
1319 806 1402 844 qua
1430 808 1569 848 neque

107 850 224 902 pacis
251 860 388 900 neque
417 847 622 888 victoriae
652 848 762 887 ratio
793 847 983 898 quaesita
1001 849 1055 887 sit
1076 861 1274 900 unquam,
1304 851 1376 890 sed
1405 865 1571 905 semper

107 905 340 959 flagitiosae
371 906 412 945 et
443 905 713 945 calamitosae
740 904 880 957 fugae.
939 905 1153 954 Eundum3
1185 909 1245 958 ut,
1275 920 1571 962 quemcunque

107 964 195 1003 fors
225 962 373 1002 tulerit
404 974 572 1013 casum,
613 961 782 1001 subeam
818 962 957 1013 potius
996 974 1093 1002 cum
1136 962 1214 1015 iis,
1254 965 1327 1015 qui
1370 966 1571 1008 dicuntur

109 1033 199 1060 esse
229 1019 354 1066 boni,
389 1031 515 1070 quam
544 1018 690 1059 videar
711 1032 735 1057 a
754 1018 876 1058 bonis
905 1018 1144 1060 dissentire.
1204 1021 1297 1061 Etsi
1328 1024 1574 1074 propediem

108 1077 231 1117 video
261 1075 479 1121 bonorum,
511 1075 554 1115 id
580 1077 656 1127 est,
679 1076 890 1115 lautorum
912 1077 953 1114 et
969 1076 1258 1129 locupletium,
1278 1079 1426 1119 urbem
1442 1082 1574 1122 refer-

109 1135 193 1173 tam
223 1134 335 1179 sore,
367 1132 610 1183 municipiis
639 1143 739 1172 vero
770 1131 836 1171 his
865 1132 1050 1183 relictis,
1087 1133 1421 1177 refertissimam.
1481 1138 1573 1186 Quo

110 1202 186 1244 ego
202 1190 247 1230 in
268 1201 440 1229 numero
462 1201 610 1241 essem,
640 1188 677 1227 si
703 1189 780 1227 hos
802 1189 973 1229 lictores
996 1191 1312 1232 molestissimos
1337 1205 1420 1235 non
1447 1195 1577 1236 habe-

109 1260 211 1288 rem.
270 1245 359 1286 Nec
389 1258 454 1286 me
483 1245 554 1286 M’.
573 1244 738 1297 Lepidi,
768 1245 816 1286 L.
840 1245 1034 1298 Volcatii,
1058 1246 1149 1288 Ser.
1171 1248 1351 1301 Sulpicii
1375 1253 1577 1293 comitum

110 1303 369 1357 poeniteret,
401 1315 580 1353 quorum
608 1314 730 1342 nemo
749 1314 828 1342 nec
852 1303 1021 1342 stultior
1043 1305 1105 1343 est
1128 1317 1253 1355 quam
1282 1307 1329 1348 L.
1349 1308 1576 1361 Domitius,

113 1444 156 1451 -.
195 1429 301 1469 caput
333 1427 469 1468 ipsum,
507 1424 672 1458 Romam.
707 1442 751 1448 -
810 1428 918 1466 cert„
958 1426 1249 1471 zuverlassigen.
1287 1449 1330 1456 ·—
1387 1442 1576 1477 quaerere,

113 1472 269 1505 wonach
295 1472 442 1514 fragen,
476 1470 557 1504 sich
581 1481 725 1503 worum
749 1469 1002 1504 bekilmmern.
1030 1490 1075 1497 —·
1122 1477 1314 1510 tutissimo.
1351 1476 1414 1512 Sic
1429 1479 1574 1513 Charis.

113 1530 149 1562 p.
177 1519 254 1552 173.
287 1517 331 1551 P.
367 1518 492 1551 Oxon.
520 1518 552 1550 1.
585 1517 718 1559 Margo
753 1516 852 1549 Crat.
885 1515 986 1551 Vict.
1018 1519 1050 1552 1.
1086 1519 1118 1553 2.
1157 1520 1284 1556 Lamb.
1314 1523 1402 1557 Bos.
1438 1525 1575 1559 Graev.

114 1564 329 1606 (Antiquam
362 1563 456 1596 hanc
489 1573 572 1596 esse
595 1562 795 1596 lectionem
821 1568 1026 1596 monstrant
1052 1568 1288 1610 corruptelae
1311 1570 1397 1604 Md:
1436 1574 1473 1603 tu
1494 1582 1578 1615 pes-

113 1613 205 1643 simo
238 1615 274 1643 et
309 1609 465 1643 Crusell.
499 1609 704 1652 tupissimo)
738 1619 784 1640 z
817 1610 993 1641 tutissime
1020 1612 1143 1646 Oxon.
1168 1613 1201 1647 2.
1240 1615 1338 1649 Crat.
1364 1617 1457 1651 Ern.
1486 1617 1576 1652 Sch.

113 1657 229 1698 Lon„
263 1661 302 1688 ut
334 1661 389 1688 est
420 1656 491 1699 Ep.
512 1657 565 1688 ll.
602 1652 797 1688 ORELLI.
839 1654 1017 1698 Luceria,
1054 1656 1145 1691 ietzt
1169 1659 1335 1705 Lucera,
1374 1662 1412 1695 in
1438 1663 1580 1707 Apulia

114 1701 282 1743 Daunia,
323 1701 439 1735 durch
473 1701 576 1734 scine
600 1700 730 1733 Wolle
762 1700 945 1734 bertihmt.
974 1720 1016 1726 —
1070 1706 1126 1736 uti
1155 1705 1191 1738 in
1218 1707 1304 1739 urbe
1329 1710 1459 1751 γαίη,
1502 1709 1578 1743 wie

115 1748 174 1782 ich
199 1747 383 1790 damahls,
409 1748 462 1780 als
483 1758 524 1780 er
548 1746 611 1780 die
627 1747 852 1790 Hauptstadt
878 1747 1067 1781 verlassen
1086 1751 1229 1794 wollte,
1256 1752 1331 1786 ihm
1360 1754 1580 1800 ireimiithig

115 1793 273 1828 abrieth.
308 1813 349 1818 -—
408 1796 446 1826 in
477 1793 592 1826 Italia
623 1803 694 1826 uon
726 1793 875 1837 reliuq.,
918 1805 959 1828 So
986 1794 1152 1830 erklarte
1187 1797 1247 1831 ich
1273 1799 1348 1833 ihm
1373 1800 1464 1834 ietzt
1489 1802 1580 1835 frei-

116 1840 281 1882 muthig,
306 1838 441 1873 Italion
461 1839 563 1872 nicht
588 1849 634 1871 zu
650 1839 852 1872 verlassen.
874 1857 918 1864 —-
957 1841 1102 1875 stabilis
1119 1844 1168 1876 sit
1192 1845 1282 1879 Ern.
1309 1856 1410 1890 susp.
1435 1847 1579 1883 Placet.

119 1885 316 1920 ORELLI.
342 1903 386 1909 —
432 1895 635 1926 urgeamur
657 1895 678 1918 a
704 1885 876 1920 Caesare.
902 1905 943 1912 —-
992 1887 1096 1930 fuga.
1131 1889 1207 1924 Die
1232 1891 1381 1926 Strasse
1405 1904 1478 1927 von
1502 1894 1580 1928 Lu-

117 1932 219 1966 ceria
243 1932 365 1964 ffihrte
390 1931 482 1964 nach
506 1930 757 1965 Brundisium.

207 1979 238 2012 3.
276 1977 351 2012 Quo
377 1979 496 2009 minus
520 1979 679 2019 mirere,
715 1977 909 2012 Wundere
940 1977 1027 2013 dich
1060 1979 1140 2015 also
1176 1993 1234 2016 um
1259 1994 1302 2018 so
1327 1984 1510 2030 weniger.
1537 2004 1582 2011 —

117 2026 155 2057 in
181 2033 328 2056 causam
353 2022 581 2066 descendere,
613 2022 693 2057 sich
718 2022 754 2056 in
781 2023 865 2057 eine
889 2025 1017 2059 Partei
1045 2027 1242 2063 einlassen.
1286 2030 1338 2065 So
1364 2042 1422 2075 ep.
1439 2032 1582 2076 CCCV,

116 2072 139 2104 3
172 2070 370 2103 demittam.
400 2088 446 2096 -
498 2073 598 2103 ratio
627 2080 746 2114 quaec.
777 2072 825 2103 sie
860 2071 979 2113 (Vict.
1006 2074 1037 2106 l.
1068 2076 1153 2115 est),
1201 2075 1314 2109 deren
1346 2078 1583 2122 Massregeln

118 2115 273 2149 iemahls
297 2115 426 2149 weder
450 2115 514 2149 auf
534 2142 565 2150 ..
582 2140 591 2150 .
618 2116 714 2149 noch
739 2116 805 2150 aus
827 2142 834 2150 .
850 2140 885 2151 ..
910 2117 1073 2152 sondern
1098 2125 1189 2154 stets
1214 2122 1280 2155 auf
1379 2124 1584 2159 berechnet

119 2173 259 2195 waren.
290 2179 337 2186 -—
388 2162 556 2195 Euudum
580 2167 637 2195 est
660 2162 760 2196 mihi.
799 2181 842 2186 —
898 2164 979 2197 Etsi
1000 2176 1047 2199 Ξ
1070 2166 1313 2210 gleichwohl.
1341 2188 1384 2194 —
1429 2171 1582 2215 proped-

121 2208 294 2241 nachster
325 2207 461 2252 Tages.
495 2226 538 2232 ——
593 2209 776 2242 lautorum
808 2212 842 2241 et
873 2208 1028 2254 locupl.,
1063 2213 1129 2255 qui
1162 2214 1221 2247 vel
1247 2215 1423 2260 Pompeii
1457 2223 1582 2261 partes

120 2254 294 2287 deserent
318 2260 355 2286 et
380 2253 418 2287 in
443 2255 571 2288 urbem
588 2254 781 2297 redibunt,
805 2254 950 2290 veliam
976 2262 1083 2291 antea
1109 2270 1188 2292 cum
1205 2260 1365 2296 Caesare
1392 2262 1583 2296 coniuncti

119 2310 189 2344 per
219 2309 301 2332 eum
336 2299 528 2334 ditescent.
563 2300 669 2335 SCH.
701 2312 800 2343 „von
831 2302 996 2345 Leuten,
1035 2303 1096 2337 die
1127 2311 1192 2349 gut
1218 2318 1324 2341 essen
1361 2309 1436 2343 und
1461 2308 1583 2341 wohl-

120 2344 319 2388 gespickte
350 2345 484 2379 Beutel
526 2346 646 2380 haben
688 2348 838 2382 wollen.
879 2367 923 2372 —
987 2350 1135 2384 lictores
1174 2353 1383 2395 molestiss.,
1428 2354 1583 2398 quibus-

122 2402 201 2424 cum
228 2390 381 2424 Romam
413 2391 483 2425 nisi
516 2392 746 2437 triumphans
778 2393 936 2427 introire
968 2405 1040 2428 non
1071 2402 1231 2442 poterat.
1270 2400 1440 2433 Nondum
1467 2400 1583 2444 igitur

123 2437 203 2470 eius
230 2446 333 2479 spem
367 2442 404 2470 et
429 2437 668 2482 cupiditatem
693 2438 893 2474 abiecerat.
930 2440 1035 2476 SGH.
1085 2442 1124 2477 S.
1158 2455 1218 2488 ep.
1243 2446 1400 2488 CCCV,
1433 2445 1467 2479 4.
1506 2446 1582 2480 und

123 2482 298 2524 CCClII,
331 2483 363 2515 1.
401 2501 443 2509 -
499 2485 569 2517 M'.
600 2485 742 2528 Lepidi.
790 2486 826 2521 S.
864 2498 922 2531 ep,
950 2488 1140 2532 CCCXX,
1178 2493 1210 2524 1.
1248 2510 1289 2515 —
1342 2491 1385 2525 L.
1421 2490 1586 2526 Vulcatii

124 2527 249 2570 Tulli,
283 2527 349 2561 der
373 2529 440 2562 688
464 2529 530 2562 mit
554 2531 615 2564 M’.
639 2532 822 2568 Aemilius
846 2533 1013 2578 Lepidus
1036 2535 1175 2569 Consul
1201 2547 1376 2579 gewesen
1403 2548 1494 2572 war.
1542 2537 1582 2573 S.

124 2585 182 2619 ep.
201 2573 320 2606 XCII.
355 2575 459 2608 Orat.
490 2575 618 2610 Plane.
644 2587 674 2610 c.
690 2578 744 2612 21.
776 2598 819 2604 -—-
876 2580 1001 2613 Servii
1028 2580 1187 2625 Sulpicii
1211 2581 1322 2622 Rufi,
1363 2583 1427 2626 qni
1453 2584 1582 2618 consul

125 2621 246 2653 fuerat
271 2621 347 2654 103.
381 2639 424 2645 -—
480 2624 649 2654 comitum
674 2627 885 2666 poeniteret.
936 2625 1132 2669 Significat
1166 2628 1276 2661 malle
1310 2639 1350 2661 se
1386 2629 1584 2673 Lepidum,

125 2664 340 2701 Volcatium
368 2674 403 2699 et
421 2665 628 2711 Sulpicium
654 2667 790 2704 imitari
816 2672 861 2704 ad
888 2673 1017 2705 urbem
1038 2673 1258 2715 redeuntes,
1286 2685 1394 2717 (piam
1421 2681 1483 2709 aut
1501 2676 1583 2710 Do-

127 2711 267 2747 mitium
293 2718 354 2746 aut
381 2712 564 2759 Appium,
591 2714 762 2760 Pompeii
788 2717 940 2752 comites
966 2717 1170 2763 fugientes,
1202 2729 1356 2763 quorum
1383 2720 1477 2756 alter
1495 2722 1583 2757 stul-
