<?xml version="1.0" encoding="UTF-8"?>
<!DOCTYPE html PUBLIC "-//W3C//DTD XHTML 1.0 Transitional//EN"
    "http://www.w3.org/TR/xhtml1/DTD/xhtml1-transitional.dtd">
<html xmlns="http://www.w3.org/1999/xhtml" xml:lang="en" lang="en">
 <head>
  <title>
</title>
<meta http-equiv="Content-Type" content="text/html;charset=utf-8" />
  <meta name='ocr-system' content='tesseract 3.04.00' />
  <meta name='ocr-capabilities' content='ocr_page ocr_carea ocr_par ocr_line ocrx_word'/>
</head>
<body>
  <div class='ocr_page' id='page_1' title='image "./epistolaeadattic02ciceuoft_0253.png"; bbox 0 0 1795 3043; ppageno 0'>
   <div class='ocr_carea' id='block_1_1' title="bbox 8 353 27 2323">
    <p class='ocr_par' dir='ltr' id='par_1_1' title="bbox 8 353 27 2323">
     <span class='ocr_line' id='line_1_1' title="bbox 8 353 27 2323; baseline 0 0"><span class='ocrx_word' id='word_1_1' title='bbox 8 353 27 2323; x_wconf 95' lang='lat' dir='ltr'><strong> </strong></span> 
     </span>
    </p>
   </div>
   <div class='ocr_carea' id='block_1_2' title="bbox 586 85 1621 142">
    <p class='ocr_par' dir='ltr' id='par_1_2' title="bbox 586 85 1621 142">
     <span class='ocr_line' id='line_1_2' title="bbox 586 85 1621 142; baseline 0.007 -7"><span class='ocrx_word' id='word_1_2' title='bbox 586 85 901 135; x_wconf 82' lang='lat' dir='ltr'><strong>EPISTOLA</strong></span> <span class='ocrx_word' id='word_1_3' title='bbox 936 86 1178 135; x_wconf 80' lang='lat' dir='ltr'><strong>CCval.</strong></span> <span class='ocrx_word' id='word_1_4' title='bbox 1520 95 1621 142; x_wconf 72' lang='lat'><strong>243</strong></span> 
     </span>
    </p>
   </div>
   <div class='ocr_carea' id='block_1_3' title="bbox 139 200 1664 1340">
    <p class='ocr_par' dir='ltr' id='par_1_3' title="bbox 139 200 1664 1340">
     <span class='ocr_line' id='line_1_3' title="bbox 150 200 1618 255; baseline 0 -10"><span class='ocrx_word' id='word_1_5' title='bbox 150 203 262 245; x_wconf 88' lang='lat' dir='ltr'><strong>dicio</strong></span> <span class='ocrx_word' id='word_1_6' title='bbox 292 204 435 244; x_wconf 81' lang='lat' dir='ltr'><strong>facere</strong></span> <span class='ocrx_word' id='word_1_7' title='bbox 462 200 608 255; x_wconf 82' lang='lat' dir='ltr'><strong>potui,</strong></span> <span class='ocrx_word' id='word_1_8' title='bbox 650 202 699 241; x_wconf 82' lang='lat' dir='ltr'><strong>ut</strong></span> <span class='ocrx_word' id='word_1_9' title='bbox 734 200 981 241; x_wconf 89' lang='lat' dir='ltr'><strong>innocentia</strong></span> <span class='ocrx_word' id='word_1_10' title='bbox 1011 200 1275 254; x_wconf 88' lang='lat' dir='ltr'><strong>consilioque</strong></span> <span class='ocrx_word' id='word_1_11' title='bbox 1303 202 1376 242; x_wconf 91' lang='lat' dir='ltr'><strong>tuo</strong></span> <span class='ocrx_word' id='word_1_12' title='bbox 1405 201 1618 245; x_wconf 77' lang='lat' dir='ltr'><strong>defensam</strong></span> 
     </span>
     <span class='ocr_line' id='line_1_4' title="bbox 149 256 1617 315; baseline 0 -14"><span class='ocrx_word' id='word_1_13' title='bbox 149 261 434 315; x_wconf 84' lang='lat' dir='ltr'><strong>provinciam,</strong></span> <span class='ocrx_word' id='word_1_14' title='bbox 476 259 686 299; x_wconf 86' lang='lat' dir='ltr'><strong>servatum</strong></span> <span class='ocrx_word' id='word_1_15' title='bbox 713 256 1016 298; x_wconf 87' lang='lat' dir='ltr'><strong>Ariobarzanis</strong></span> <span class='ocrx_word' id='word_1_16' title='bbox 1045 271 1140 298; x_wconf 88' lang='lat' dir='ltr'><strong>cum</strong></span> <span class='ocrx_word' id='word_1_17' title='bbox 1170 260 1263 313; x_wconf 91' lang='lat' dir='ltr'><strong>ipso</strong></span> <span class='ocrx_word' id='word_1_18' title='bbox 1293 272 1392 313; x_wconf 85' lang='lat' dir='ltr'><strong>rege</strong></span> <span class='ocrx_word' id='word_1_19' title='bbox 1427 273 1617 313; x_wconf 88' lang='lat' dir='ltr'><strong>regnum,</strong></span> 
     </span>
     <span class='ocr_line' id='line_1_5' title="bbox 148 313 1615 367; baseline 0.001 -8"><span class='ocrx_word' id='word_1_20' title='bbox 148 319 358 360; x_wconf 89' lang='lat' dir='ltr'><strong>sociorum</strong></span> <span class='ocrx_word' id='word_1_21' title='bbox 387 317 627 357; x_wconf 81' lang='lat' dir='ltr'><strong>revocatam</strong></span> <span class='ocrx_word' id='word_1_22' title='bbox 667 313 718 354; x_wconf 84' lang='lat' dir='ltr'><strong>ad</strong></span> <span class='ocrx_word' id='word_1_23' title='bbox 753 313 936 354; x_wconf 88' lang='lat' dir='ltr'><strong>studium</strong></span> <span class='ocrx_word' id='word_1_24' title='bbox 975 314 1146 367; x_wconf 90' lang='lat' dir='ltr'><strong>imperii</strong></span> <span class='ocrx_word' id='word_1_25' title='bbox 1186 318 1321 357; x_wconf 84' lang='lat' dir='ltr'><strong>nostri</strong></span> <span class='ocrx_word' id='word_1_26' title='bbox 1356 319 1615 362; x_wconf 78' lang='lat' dir='ltr'><strong>voluntatem</strong></span> 
     </span>
     <span class='ocr_line' id='line_1_6' title="bbox 147 371 1664 428; baseline 0.004 -13"><span class='ocrx_word' id='word_1_27' title='bbox 147 375 357 416; x_wconf 86' lang='lat' dir='ltr'><strong>sententia</strong></span> <span class='ocrx_word' id='word_1_28' title='bbox 385 386 478 414; x_wconf 86' lang='lat' dir='ltr'><strong>mea</strong></span> <span class='ocrx_word' id='word_1_29' title='bbox 509 374 550 412; x_wconf 87' lang='lat' dir='ltr'><strong>et</strong></span> <span class='ocrx_word' id='word_1_30' title='bbox 587 371 758 412; x_wconf 90' lang='lat' dir='ltr'><strong>decreto</strong></span> <span class='ocrx_word' id='word_1_31' title='bbox 797 371 1034 423; x_wconf 85' lang='lat' dir='ltr'><strong>laudarem,</strong></span> <span class='ocrx_word' id='word_1_32' title='bbox 1074 372 1167 412; x_wconf 85' lang='lat' dir='ltr'><strong>feci.</strong></span> <span class='ocrx_word' id='word_1_33' title='bbox 1247 374 1610 428; x_wconf 85' lang='lat' dir='ltr'><strong>Supplicationem</strong></span> <span class='ocrx_word' id='word_1_34' title='bbox 1632 382 1664 422; x_wconf 86' lang='lat'><strong><em>2</em></strong></span> 
     </span>
     <span class='ocr_line' id='line_1_7' title="bbox 146 428 1615 483; baseline 0.001 -9"><span class='ocrx_word' id='word_1_35' title='bbox 146 432 384 483; x_wconf 85' lang='lat' dir='ltr'><strong>decretam,</strong></span> <span class='ocrx_word' id='word_1_36' title='bbox 427 431 461 471; x_wconf 87' lang='lat' dir='ltr'><strong>si</strong></span> <span class='ocrx_word' id='word_1_37' title='bbox 491 431 560 476; x_wconf 80' lang='lat' dir='ltr'><strong>tu,</strong></span> <span class='ocrx_word' id='word_1_38' title='bbox 601 440 685 479; x_wconf 90' lang='lat' dir='ltr'><strong>qua</strong></span> <span class='ocrx_word' id='word_1_39' title='bbox 713 428 758 467; x_wconf 88' lang='lat' dir='ltr'><strong>in</strong></span> <span class='ocrx_word' id='word_1_40' title='bbox 788 440 835 468; x_wconf 89' lang='lat' dir='ltr'><strong>re</strong></span> <span class='ocrx_word' id='word_1_41' title='bbox 863 428 974 468; x_wconf 88' lang='lat' dir='ltr'>nihil</span> <span class='ocrx_word' id='word_1_42' title='bbox 1001 429 1202 477; x_wconf 78' lang='lat' dir='ltr'><strong>fortuite,</strong></span> <span class='ocrx_word' id='word_1_43' title='bbox 1250 432 1321 472; x_wconf 90' lang='lat' dir='ltr'><strong>sed</strong></span> <span class='ocrx_word' id='word_1_44' title='bbox 1351 446 1512 475; x_wconf 84' lang='lat' dir='ltr'><strong>summa</strong></span> <span class='ocrx_word' id='word_1_45' title='bbox 1542 436 1615 478; x_wconf 84' lang='lat' dir='ltr'><strong>tua</strong></span> 
     </span>
     <span class='ocr_line' id='line_1_8' title="bbox 145 484 1614 541; baseline 0.001 -10"><span class='ocrx_word' id='word_1_46' title='bbox 145 490 312 531; x_wconf 85' lang='lat' dir='ltr'><strong>ratione</strong></span> <span class='ocrx_word' id='word_1_47' title='bbox 342 490 384 528; x_wconf 91' lang='lat' dir='ltr'><strong>et</strong></span> <span class='ocrx_word' id='word_1_48' title='bbox 413 486 674 528; x_wconf 86' lang='lat' dir='ltr'><strong>continentia</strong></span> <span class='ocrx_word' id='word_1_49' title='bbox 702 484 767 525; x_wconf 89' lang='lat' dir='ltr'><strong>rei</strong></span> <span class='ocrx_word' id='word_1_50' title='bbox 806 484 1006 537; x_wconf 87' lang='lat' dir='ltr'><strong>publicae</strong></span> <span class='ocrx_word' id='word_1_51' title='bbox 1045 486 1260 538; x_wconf 82' lang='lat' dir='ltr'><strong>provisum</strong></span> <span class='ocrx_word' id='word_1_52' title='bbox 1292 491 1378 541; x_wconf 85' lang='lat' dir='ltr'><strong>est,</strong></span> <span class='ocrx_word' id='word_1_53' title='bbox 1421 491 1501 531; x_wconf 91' lang='lat' dir='ltr'><strong>diis</strong></span> <span class='ocrx_word' id='word_1_54' title='bbox 1538 492 1614 534; x_wconf 90' lang='lat' dir='ltr'><strong>im-</strong></span> 
     </span>
     <span class='ocr_line' id='line_1_9' title="bbox 145 542 1614 599; baseline 0.001 -10"><span class='ocrx_word' id='word_1_55' title='bbox 145 545 396 588; x_wconf 80' lang='lat' dir='ltr'><strong>mortalibus</strong></span> <span class='ocrx_word' id='word_1_56' title='bbox 423 542 628 598; x_wconf 84' lang='lat' dir='ltr'><strong>gratulari</strong></span> <span class='ocrx_word' id='word_1_57' title='bbox 659 554 757 588; x_wconf 84' lang='lat' dir='ltr'><strong>uOS,</strong></span> <span class='ocrx_word' id='word_1_58' title='bbox 799 554 926 593; x_wconf 89' lang='lat' dir='ltr'><strong>quam</strong></span> <span class='ocrx_word' id='word_1_59' title='bbox 961 542 1041 584; x_wconf 85' lang='lat' dir='ltr'><strong>tibi</strong></span> <span class='ocrx_word' id='word_1_60' title='bbox 1077 543 1239 584; x_wconf 83' lang='lat' dir='ltr'><strong>referre</strong></span> <span class='ocrx_word' id='word_1_61' title='bbox 1277 550 1499 599; x_wconf 86' lang='lat' dir='ltr'><strong>acceptum</strong></span> <span class='ocrx_word' id='word_1_62' title='bbox 1528 562 1614 590; x_wconf 91' lang='lat' dir='ltr'><strong>ma-</strong></span> 
     </span>
     <span class='ocr_line' id='line_1_10' title="bbox 143 599 1612 657; baseline 0.002 -14"><span class='ocrx_word' id='word_1_63' title='bbox 143 605 232 655; x_wconf 73' lang='lat' dir='ltr'><strong>vis,</strong></span> <span class='ocrx_word' id='word_1_64' title='bbox 269 603 442 657; x_wconf 80' lang='lat' dir='ltr'><strong>gaudeo.</strong></span> <span class='ocrx_word' id='word_1_65' title='bbox 503 599 660 647; x_wconf 77' lang='lat' dir='ltr'><strong>Quodsi</strong></span> <span class='ocrx_word' id='word_1_66' title='bbox 690 599 898 651; x_wconf 83' lang='lat' dir='ltr'><strong>triumphi</strong></span> <span class='ocrx_word' id='word_1_67' title='bbox 928 601 1264 653; x_wconf 83' lang='lat' dir='ltr'><strong>praerogativam</strong></span> <span class='ocrx_word' id='word_1_68' title='bbox 1293 605 1418 654; x_wconf 80' lang='lat' dir='ltr'><strong>putas</strong></span> <span class='ocrx_word' id='word_1_69' title='bbox 1450 607 1612 657; x_wconf 88' lang='lat' dir='ltr'><strong>suppli·</strong></span> 
     </span>
     <span class='ocr_line' id='line_1_11' title="bbox 144 656 1610 709; baseline 0.001 -6"><span class='ocrx_word' id='word_1_70' title='bbox 144 662 357 703; x_wconf 82' lang='lat' dir='ltr'><strong>cationem</strong></span> <span class='ocrx_word' id='word_1_71' title='bbox 388 660 430 699; x_wconf 87' lang='lat' dir='ltr'><strong>et</strong></span> <span class='ocrx_word' id='word_1_72' title='bbox 458 657 623 698; x_wconf 87' lang='lat' dir='ltr'><strong>idcirco</strong></span> <span class='ocrx_word' id='word_1_73' title='bbox 654 668 797 697; x_wconf 86' lang='lat' dir='ltr'><strong>casum</strong></span> <span class='ocrx_word' id='word_1_74' title='bbox 827 656 989 708; x_wconf 87' lang='lat' dir='ltr'><strong>potius,</strong></span> <span class='ocrx_word' id='word_1_75' title='bbox 1031 670 1156 709; x_wconf 88' lang='lat' dir='ltr'><strong>quam</strong></span> <span class='ocrx_word' id='word_1_76' title='bbox 1186 660 1228 698; x_wconf 91' lang='lat' dir='ltr'><strong>te</strong></span> <span class='ocrx_word' id='word_1_77' title='bbox 1257 660 1423 702; x_wconf 83' lang='lat' dir='ltr'><strong>laudari</strong></span> <span class='ocrx_word' id='word_1_78' title='bbox 1453 663 1610 705; x_wconf 84' lang='lat' dir='ltr'><strong>mavis:</strong></span> 
     </span>
     <span class='ocr_line' id='line_1_12' title="bbox 144 714 1612 770; baseline 0 -10"><span class='ocrx_word' id='word_1_79' title='bbox 144 730 282 770; x_wconf 85' lang='lat' dir='ltr'><strong>neque</strong></span> <span class='ocrx_word' id='word_1_80' title='bbox 321 715 672 768; x_wconf 84' lang='lat' dir='ltr'><strong>supplicationem</strong></span> <span class='ocrx_word' id='word_1_81' title='bbox 708 714 897 766; x_wconf 84' lang='lat' dir='ltr'><strong>sequitur</strong></span> <span class='ocrx_word' id='word_1_82' title='bbox 932 727 1098 766; x_wconf 83' lang='lat' dir='ltr'><strong>semper</strong></span> <span class='ocrx_word' id='word_1_83' title='bbox 1125 715 1364 768; x_wconf 87' lang='lat' dir='ltr'><strong>triumphus</strong></span> <span class='ocrx_word' id='word_1_84' title='bbox 1395 720 1437 758; x_wconf 87' lang='lat' dir='ltr'><strong>et</strong></span> <span class='ocrx_word' id='word_1_85' title='bbox 1466 720 1612 761; x_wconf 80' lang='lat' dir='ltr'><strong>trium·</strong></span> 
     </span>
     <span class='ocr_line' id='line_1_13' title="bbox 142 771 1613 829; baseline 0.001 -13"><span class='ocrx_word' id='word_1_86' title='bbox 142 777 230 829; x_wconf 91' lang='lat' dir='ltr'><strong>pho</strong></span> <span class='ocrx_word' id='word_1_87' title='bbox 264 775 395 815; x_wconf 85' lang='lat' dir='ltr'><strong>multo</strong></span> <span class='ocrx_word' id='word_1_88' title='bbox 433 772 593 812; x_wconf 87' lang='lat' dir='ltr'><strong>clarius</strong></span> <span class='ocrx_word' id='word_1_89' title='bbox 631 772 694 810; x_wconf 86' lang='lat' dir='ltr'><strong>est</strong></span> <span class='ocrx_word' id='word_1_90' title='bbox 731 772 922 811; x_wconf 82' lang='lat' dir='ltr'><strong>senatum</strong></span> <span class='ocrx_word' id='word_1_91' title='bbox 960 771 1153 812; x_wconf 89' lang='lat' dir='ltr'><strong>iudicare</strong></span> <span class='ocrx_word' id='word_1_92' title='bbox 1191 774 1333 825; x_wconf 88' lang='lat' dir='ltr'><strong>potius</strong></span> <span class='ocrx_word' id='word_1_93' title='bbox 1369 779 1613 818; x_wconf 86' lang='lat' dir='ltr'><strong>mansuetu-</strong></span> 
     </span>
     <span class='ocr_line' id='line_1_14' title="bbox 142 828 1611 882; baseline 0.001 -9"><span class='ocrx_word' id='word_1_94' title='bbox 142 833 242 873; x_wconf 86' lang='lat' dir='ltr'><strong>dine</strong></span> <span class='ocrx_word' id='word_1_95' title='bbox 272 833 314 871; x_wconf 87' lang='lat' dir='ltr'><strong>et</strong></span> <span class='ocrx_word' id='word_1_96' title='bbox 340 828 585 870; x_wconf 87' lang='lat' dir='ltr'><strong>innocentia</strong></span> <span class='ocrx_word' id='word_1_97' title='bbox 614 828 882 880; x_wconf 80' lang='lat' dir='ltr'><strong>imperatoris</strong></span> <span class='ocrx_word' id='word_1_98' title='bbox 905 829 1185 880; x_wconf 87' lang='lat' dir='ltr'><strong>provinciam,</strong></span> <span class='ocrx_word' id='word_1_99' title='bbox 1219 829 1346 882; x_wconf 85' lang='lat' dir='ltr'><strong>quam</strong></span> <span class='ocrx_word' id='word_1_100' title='bbox 1365 832 1407 873; x_wconf 87' lang='lat' dir='ltr'><strong>vi</strong></span> <span class='ocrx_word' id='word_1_101' title='bbox 1426 834 1611 876; x_wconf 87' lang='lat' dir='ltr'><strong>militum</strong></span> 
     </span>
     <span class='ocr_line' id='line_1_15' title="bbox 139 885 1607 941; baseline 0.002 -11"><span class='ocrx_word' id='word_1_102' title='bbox 139 891 216 931; x_wconf 85' lang='lat' dir='ltr'><strong>aut</strong></span> <span class='ocrx_word' id='word_1_103' title='bbox 247 887 503 941; x_wconf 81' lang='lat' dir='ltr'><strong>benignitate</strong></span> <span class='ocrx_word' id='word_1_104' title='bbox 542 885 715 926; x_wconf 85' lang='lat' dir='ltr'><strong>deorum</strong></span> <span class='ocrx_word' id='word_1_105' title='bbox 753 887 962 925; x_wconf 86' lang='lat' dir='ltr'><strong>retentam</strong></span> <span class='ocrx_word' id='word_1_106' title='bbox 1002 887 1129 937; x_wconf 86' lang='lat' dir='ltr'><strong>atque</strong></span> <span class='ocrx_word' id='word_1_107' title='bbox 1171 892 1462 930; x_wconf 84' lang='lat' dir='ltr'><strong>conservatam</strong></span> <span class='ocrx_word' id='word_1_108' title='bbox 1494 903 1607 933; x_wconf 85' lang='lat' dir='ltr'><strong>esse:</strong></span> 
     </span>
     <span class='ocr_line' id='line_1_16' title="bbox 141 942 1659 999; baseline 0.002 -12"><span class='ocrx_word' id='word_1_109' title='bbox 141 946 254 999; x_wconf 89' lang='lat' dir='ltr'><strong>quod</strong></span> <span class='ocrx_word' id='word_1_110' title='bbox 284 957 361 998; x_wconf 88' lang='lat' dir='ltr'><strong>ego</strong></span> <span class='ocrx_word' id='word_1_111' title='bbox 390 956 484 985; x_wconf 89' lang='lat' dir='ltr'><strong>mea</strong></span> <span class='ocrx_word' id='word_1_112' title='bbox 511 942 722 983; x_wconf 87' lang='lat' dir='ltr'><strong>sententia</strong></span> <span class='ocrx_word' id='word_1_113' title='bbox 749 942 985 984; x_wconf 87' lang='lat' dir='ltr'><strong>censebam.</strong></span> <span class='ocrx_word' id='word_1_114' title='bbox 1041 943 1181 995; x_wconf 89' lang='lat' dir='ltr'><strong>Atque</strong></span> <span class='ocrx_word' id='word_1_115' title='bbox 1212 945 1319 986; x_wconf 88' lang='lat' dir='ltr'><strong>haec</strong></span> <span class='ocrx_word' id='word_1_116' title='bbox 1349 959 1425 999; x_wconf 89' lang='lat' dir='ltr'><strong>ego</strong></span> <span class='ocrx_word' id='word_1_117' title='bbox 1444 947 1608 990; x_wconf 83' lang='lat' dir='ltr'><strong>idcirco</strong></span> <span class='ocrx_word' id='word_1_118' title='bbox 1631 954 1659 994; x_wconf 85' lang='lat'><strong>3</strong></span> 
     </span>
     <span class='ocr_line' id='line_1_17' title="bbox 141 1000 1606 1056; baseline 0.001 -11"><span class='ocrx_word' id='word_1_119' title='bbox 141 1004 195 1045; x_wconf 81' lang='lat' dir='ltr'><strong>ad</strong></span> <span class='ocrx_word' id='word_1_120' title='bbox 223 1007 266 1044; x_wconf 83' lang='lat' dir='ltr'><strong>te</strong></span> <span class='ocrx_word' id='word_1_121' title='bbox 297 1004 447 1043; x_wconf 85' lang='lat' dir='ltr'><strong>contra</strong></span> <span class='ocrx_word' id='word_1_122' title='bbox 463 1000 806 1042; x_wconf 84' lang='lat' dir='ltr'><strong>consuetudinem</strong></span> <span class='ocrx_word' id='word_1_123' title='bbox 835 1012 970 1041; x_wconf 89' lang='lat' dir='ltr'><strong>meam</strong></span> <span class='ocrx_word' id='word_1_124' title='bbox 998 1000 1194 1051; x_wconf 86' lang='lat' dir='ltr'><strong>pluribus</strong></span> <span class='ocrx_word' id='word_1_125' title='bbox 1213 1001 1380 1055; x_wconf 78' lang='lat' dir='ltr'><strong>scripsi,</strong></span> <span class='ocrx_word' id='word_1_126' title='bbox 1403 1000 1462 1056; x_wconf 82' lang='lat' dir='ltr'><strong>ut,</strong></span> <span class='ocrx_word' id='word_1_127' title='bbox 1493 1006 1606 1056; x_wconf 91' lang='lat' dir='ltr'><strong>quod</strong></span> 
     </span>
     <span class='ocr_line' id='line_1_18' title="bbox 140 1056 1608 1116; baseline 0.001 -14"><span class='ocrx_word' id='word_1_128' title='bbox 140 1061 325 1102; x_wconf 81' lang='lat' dir='ltr'><strong>maxime</strong></span> <span class='ocrx_word' id='word_1_129' title='bbox 361 1060 481 1106; x_wconf 80' lang='lat' dir='ltr'><strong>volo,</strong></span> <span class='ocrx_word' id='word_1_130' title='bbox 520 1057 734 1097; x_wconf 83' lang='lat' dir='ltr'><strong>existimes</strong></span> <span class='ocrx_word' id='word_1_131' title='bbox 772 1068 838 1096; x_wconf 89' lang='lat' dir='ltr'><strong>me</strong></span> <span class='ocrx_word' id='word_1_132' title='bbox 876 1056 1096 1107; x_wconf 86' lang='lat' dir='ltr'><strong>laborare,</strong></span> <span class='ocrx_word' id='word_1_133' title='bbox 1135 1059 1183 1098; x_wconf 87' lang='lat' dir='ltr'><strong>ut</strong></span> <span class='ocrx_word' id='word_1_134' title='bbox 1211 1058 1288 1099; x_wconf 90' lang='lat' dir='ltr'><strong>tibi</strong></span> <span class='ocrx_word' id='word_1_135' title='bbox 1318 1061 1608 1116; x_wconf 86' lang='lat' dir='ltr'><strong>persuadeam,</strong></span> 
     </span>
     <span class='ocr_line' id='line_1_19' title="bbox 140 1113 1608 1168; baseline 0.002 -9"><span class='ocrx_word' id='word_1_136' title='bbox 140 1131 208 1159; x_wconf 91' lang='lat' dir='ltr'><strong>me</strong></span> <span class='ocrx_word' id='word_1_137' title='bbox 249 1119 291 1157; x_wconf 88' lang='lat' dir='ltr'><strong>et</strong></span> <span class='ocrx_word' id='word_1_138' title='bbox 329 1116 514 1157; x_wconf 82' lang='lat' dir='ltr'><strong>voluisse</strong></span> <span class='ocrx_word' id='word_1_139' title='bbox 550 1113 602 1153; x_wconf 91' lang='lat' dir='ltr'><strong>de</strong></span> <span class='ocrx_word' id='word_1_140' title='bbox 640 1115 715 1154; x_wconf 90' lang='lat' dir='ltr'><strong>tua</strong></span> <span class='ocrx_word' id='word_1_141' title='bbox 750 1113 991 1166; x_wconf 82' lang='lat' dir='ltr'><strong>maiestate,</strong></span> <span class='ocrx_word' id='word_1_142' title='bbox 1030 1114 1142 1165; x_wconf 91' lang='lat' dir='ltr'><strong>quod</strong></span> <span class='ocrx_word' id='word_1_143' title='bbox 1183 1117 1488 1168; x_wconf 89' lang='lat' dir='ltr'><strong>amplissimum</strong></span> <span class='ocrx_word' id='word_1_144' title='bbox 1528 1121 1608 1162; x_wconf 90' lang='lat' dir='ltr'><strong>sim</strong></span> 
     </span>
     <span class='ocr_line' id='line_1_20' title="bbox 141 1170 1608 1226; baseline 0.001 -10"><span class='ocrx_word' id='word_1_145' title='bbox 141 1175 392 1221; x_wconf 78' lang='lat' dir='ltr'><strong>arbitratus3</strong></span> <span class='ocrx_word' id='word_1_146' title='bbox 424 1174 480 1224; x_wconf 86' lang='lat' dir='ltr'><strong>et,</strong></span> <span class='ocrx_word' id='word_1_147' title='bbox 510 1170 621 1223; x_wconf 92' lang='lat' dir='ltr'><strong>quod</strong></span> <span class='ocrx_word' id='word_1_148' title='bbox 639 1172 686 1210; x_wconf 88' lang='lat' dir='ltr'><strong>tu</strong></span> <span class='ocrx_word' id='word_1_149' title='bbox 716 1172 922 1219; x_wconf 88' lang='lat' dir='ltr'><strong>maluisti,</strong></span> <span class='ocrx_word' id='word_1_150' title='bbox 952 1172 1110 1212; x_wconf 80' lang='lat' dir='ltr'><strong>factum</strong></span> <span class='ocrx_word' id='word_1_151' title='bbox 1139 1184 1228 1213; x_wconf 89' lang='lat' dir='ltr'><strong>esse</strong></span> <span class='ocrx_word' id='word_1_152' title='bbox 1257 1174 1453 1226; x_wconf 87' lang='lat' dir='ltr'><strong>gaudere.</strong></span> <span class='ocrx_word' id='word_1_153' title='bbox 1503 1176 1608 1217; x_wconf 87' lang='lat' dir='ltr'><strong>Vale</strong></span> 
     </span>
     <span class='ocr_line' id='line_1_21' title="bbox 140 1228 1608 1287; baseline 0.001 -14"><span class='ocrx_word' id='word_1_154' title='bbox 140 1235 183 1273; x_wconf 87' lang='lat' dir='ltr'><strong>et</strong></span> <span class='ocrx_word' id='word_1_155' title='bbox 210 1244 286 1272; x_wconf 90' lang='lat' dir='ltr'><strong>nos</strong></span> <span class='ocrx_word' id='word_1_156' title='bbox 315 1231 443 1282; x_wconf 84' lang='lat' dir='ltr'><strong>dilige</strong></span> <span class='ocrx_word' id='word_1_157' title='bbox 473 1230 515 1269; x_wconf 89' lang='lat' dir='ltr'><strong>et</strong></span> <span class='ocrx_word' id='word_1_158' title='bbox 542 1228 734 1268; x_wconf 84' lang='lat' dir='ltr'><strong>instituto</strong></span> <span class='ocrx_word' id='word_1_159' title='bbox 763 1228 917 1269; x_wconf 83' lang='lat' dir='ltr'><strong>itinere</strong></span> <span class='ocrx_word' id='word_1_160' title='bbox 955 1229 1222 1271; x_wconf 80' lang='lat' dir='ltr'><strong>severitatem</strong></span> <span class='ocrx_word' id='word_1_161' title='bbox 1259 1230 1608 1287; x_wconf 83' lang='lat' dir='ltr'><strong>diligentiamque</strong></span> 
     </span>
     <span class='ocr_line' id='line_1_22' title="bbox 139 1284 870 1340; baseline -0.01 -8"><span class='ocrx_word' id='word_1_162' title='bbox 139 1289 269 1332; x_wconf 76' lang='lat' dir='ltr'><strong>sociis</strong></span> <span class='ocrx_word' id='word_1_163' title='bbox 300 1290 341 1328; x_wconf 88' lang='lat' dir='ltr'><strong>et</strong></span> <span class='ocrx_word' id='word_1_164' title='bbox 367 1288 433 1328; x_wconf 88' lang='lat' dir='ltr'><strong>rei</strong></span> <span class='ocrx_word' id='word_1_165' title='bbox 463 1284 662 1340; x_wconf 82' lang='lat' dir='ltr'><strong>publicae</strong></span> <span class='ocrx_word' id='word_1_166' title='bbox 689 1286 870 1337; x_wconf 81' lang='lat' dir='ltr'><strong>praesta.</strong></span> 
     </span>
    </p>
   </div>
   <div class='ocr_carea' id='block_1_4' title="bbox 144 1370 1601 1387">
    <p class='ocr_par' dir='ltr' id='par_1_4' title="bbox 144 1370 1601 1387">
     <span class='ocr_line' id='line_1_23' title="bbox 144 1370 1601 1387; baseline 0 1656"><span class='ocrx_word' id='word_1_167' title='bbox 144 1370 1601 1387; x_wconf 95' lang='lat' dir='ltr'><strong> </strong></span> 
     </span>
    </p>
   </div>
   <div class='ocr_carea' id='block_1_5' title="bbox 136 1409 1609 2701">
    <p class='ocr_par' dir='ltr' id='par_1_5' title="bbox 139 1409 1609 1595">
     <span class='ocr_line' id='line_1_24' title="bbox 139 1409 1606 1460; baseline 0.003 -14"><span class='ocrx_word' id='word_1_168' title='bbox 139 1413 240 1455; x_wconf 58' lang='lat' dir='ltr'><strong>iud„</strong></span> <span class='ocrx_word' id='word_1_169' title='bbox 265 1412 358 1445; x_wconf 87' lang='lat' dir='ltr'><strong>nach</strong></span> <span class='ocrx_word' id='word_1_170' title='bbox 383 1410 526 1444; x_wconf 87' lang='lat' dir='ltr'><strong>meiner</strong></span> <span class='ocrx_word' id='word_1_171' title='bbox 549 1409 919 1455; x_wconf 83' lang='lat' dir='ltr'><strong>Ueberzeugung.—</strong></span> <span class='ocrx_word' id='word_1_172' title='bbox 950 1411 1151 1446; x_wconf 74' lang='lat' dir='ltr'><strong>Am‘obarz.</strong></span> <span class='ocrx_word' id='word_1_173' title='bbox 1177 1412 1215 1447; x_wconf 88' lang='lat' dir='ltr'><strong>S.</strong></span> <span class='ocrx_word' id='word_1_174' title='bbox 1236 1424 1296 1457; x_wconf 89' lang='lat' dir='ltr'><strong>ep.</strong></span> <span class='ocrx_word' id='word_1_175' title='bbox 1312 1414 1606 1460; x_wconf 87' lang='lat' dir='ltr'><strong>CCXXXVIII,</strong></span> 
     </span>
     <span class='ocr_line' id='line_1_25' title="bbox 141 1456 1609 1496; baseline 0.003 -5"><span class='ocrx_word' id='word_1_176' title='bbox 141 1461 239 1495; x_wconf 85' lang='lat'><strong>6.—</strong></span> <span class='ocrx_word' id='word_1_177' title='bbox 283 1458 416 1491; x_wconf 79' lang='lat' dir='ltr'><strong>socier.</strong></span> <span class='ocrx_word' id='word_1_178' title='bbox 445 1481 454 1491; x_wconf 91' lang='lat'><strong>.</strong></span> <span class='ocrx_word' id='word_1_179' title='bbox 474 1481 481 1490; x_wconf 92' lang='lat'><strong>.</strong></span> <span class='ocrx_word' id='word_1_180' title='bbox 508 1456 745 1494; x_wconf 77' lang='lat' dir='ltr'><strong>voluntatem,</strong></span> <span class='ocrx_word' id='word_1_181' title='bbox 785 1456 869 1490; x_wconf 85' lang='lat' dir='ltr'><strong>dass</strong></span> <span class='ocrx_word' id='word_1_182' title='bbox 901 1456 964 1490; x_wconf 91' lang='lat' dir='ltr'><strong>Du</strong></span> <span class='ocrx_word' id='word_1_183' title='bbox 999 1457 1061 1491; x_wconf 89' lang='lat' dir='ltr'><strong>die</strong></span> <span class='ocrx_word' id='word_1_184' title='bbox 1094 1458 1299 1493; x_wconf 76' lang='lat' dir='ltr'><strong>Gemuther</strong></span> <span class='ocrx_word' id='word_1_185' title='bbox 1330 1471 1486 1495; x_wconf 86' lang='lat' dir='ltr'><strong>unserer</strong></span> <span class='ocrx_word' id='word_1_186' title='bbox 1509 1463 1609 1496; x_wconf 89' lang='lat' dir='ltr'><strong>Pro-</strong></span> 
     </span>
     <span class='ocr_line' id='line_1_26' title="bbox 140 1501 1606 1554; baseline 0.003 -15"><span class='ocrx_word' id='word_1_187' title='bbox 140 1504 327 1540; x_wconf 73' lang='lat' dir='ltr'><strong>vinzialen</strong></span> <span class='ocrx_word' id='word_1_188' title='bbox 354 1513 509 1537; x_wconf 83' lang='lat' dir='ltr'><strong>unserer</strong></span> <span class='ocrx_word' id='word_1_189' title='bbox 534 1502 753 1535; x_wconf 76' lang='lat' dir='ltr'><strong>Hem-sebast</strong></span> <span class='ocrx_word' id='word_1_190' title='bbox 777 1501 924 1536; x_wconf 85' lang='lat' dir='ltr'><strong>wieder</strong></span> <span class='ocrx_word' id='word_1_191' title='bbox 955 1503 1109 1547; x_wconf 80' lang='lat' dir='ltr'><strong>geneigt</strong></span> <span class='ocrx_word' id='word_1_192' title='bbox 1140 1506 1310 1548; x_wconf 83' lang='lat' dir='ltr'><strong>gemacht</strong></span> <span class='ocrx_word' id='word_1_193' title='bbox 1344 1507 1440 1542; x_wconf 83' lang='lat' dir='ltr'><strong>hast.</strong></span> <span class='ocrx_word' id='word_1_194' title='bbox 1479 1507 1518 1542; x_wconf 91' lang='lat' dir='ltr'><strong>S.</strong></span> <span class='ocrx_word' id='word_1_195' title='bbox 1547 1520 1606 1554; x_wconf 86' lang='lat' dir='ltr'><strong>ep.</strong></span> 
     </span>
     <span class='ocr_line' id='line_1_27' title="bbox 140 1548 1560 1595; baseline 0.006 -16"><span class='ocrx_word' id='word_1_196' title='bbox 140 1552 222 1595; x_wconf 72' lang='lat'><strong>238,</strong></span> <span class='ocrx_word' id='word_1_197' title='bbox 238 1552 289 1585; x_wconf 71' lang='lat'><strong>14.</strong></span> <span class='ocrx_word' id='word_1_198' title='bbox 309 1569 353 1574; x_wconf 97' lang='lat'><strong>—</strong></span> <span class='ocrx_word' id='word_1_199' title='bbox 383 1550 573 1582; x_wconf 79' lang='lat' dir='ltr'><strong>laudarem</strong></span> <span class='ocrx_word' id='word_1_200' title='bbox 598 1554 748 1587; x_wconf 84' lang='lat' dir='ltr'><strong>tantum,</strong></span> <span class='ocrx_word' id='word_1_201' title='bbox 774 1548 840 1581; x_wconf 81' lang='lat' dir='ltr'><strong>sed</strong></span> <span class='ocrx_word' id='word_1_202' title='bbox 865 1549 1180 1592; x_wconf 83' lang='lat' dir='ltr'><strong>supplicationem</strong></span> <span class='ocrx_word' id='word_1_203' title='bbox 1203 1561 1279 1585; x_wconf 84' lang='lat' dir='ltr'><strong>non</strong></span> <span class='ocrx_word' id='word_1_204' title='bbox 1304 1552 1560 1588; x_wconf 81' lang='lat' dir='ltr'><strong>decernerem.</strong></span> 
     </span>
    </p>

    <p class='ocr_par' dir='ltr' id='par_1_6' title="bbox 232 1594 1603 1641">
     <span class='ocr_line' id='line_1_28' title="bbox 232 1594 1603 1641; baseline 0.004 -10"><span class='ocrx_word' id='word_1_205' title='bbox 232 1597 266 1631; x_wconf 89' lang='lat'><strong>2.</strong></span> <span class='ocrx_word' id='word_1_206' title='bbox 292 1597 473 1631; x_wconf 77' lang='lat' dir='ltr'><strong>decretam</strong></span> <span class='ocrx_word' id='word_1_207' title='bbox 496 1605 576 1627; x_wconf 82' lang='lat' dir='ltr'><strong>esse</strong></span> <span class='ocrx_word' id='word_1_208' title='bbox 602 1594 716 1637; x_wconf 75' lang='lat' dir='ltr'><strong>hangt</strong></span> <span class='ocrx_word' id='word_1_209' title='bbox 741 1605 811 1627; x_wconf 91' lang='lat' dir='ltr'><strong>von</strong></span> <span class='ocrx_word' id='word_1_210' title='bbox 831 1595 977 1636; x_wconf 78' lang='lat' dir='ltr'><strong>gaudeo</strong></span> <span class='ocrx_word' id='word_1_211' title='bbox 998 1596 1111 1630; x_wconf 87' lang='lat' dir='ltr'><strong>ab.—</strong></span> <span class='ocrx_word' id='word_1_212' title='bbox 1136 1608 1207 1641; x_wconf 80' lang='lat' dir='ltr'><strong>qua</strong></span> <span class='ocrx_word' id='word_1_213' title='bbox 1229 1598 1270 1631; x_wconf 86' lang='lat' dir='ltr'><strong>in</strong></span> <span class='ocrx_word' id='word_1_214' title='bbox 1294 1609 1335 1632; x_wconf 86' lang='lat' dir='ltr'><strong>re</strong></span> <span class='ocrx_word' id='word_1_215' title='bbox 1358 1625 1386 1634; x_wconf 91' lang='lat'><strong>..</strong></span> <span class='ocrx_word' id='word_1_216' title='bbox 1401 1625 1409 1634; x_wconf 92' lang='lat'><strong>.</strong></span> <span class='ocrx_word' id='word_1_217' title='bbox 1430 1600 1525 1634; x_wconf 77' lang='lat' dir='ltr'><strong>nihil</strong></span> <span class='ocrx_word' id='word_1_218' title='bbox 1551 1626 1558 1635; x_wconf 93' lang='lat'><strong>.</strong></span> <span class='ocrx_word' id='word_1_219' title='bbox 1573 1627 1580 1635; x_wconf 93' lang='lat'><strong>.</strong></span> <span class='ocrx_word' id='word_1_220' title='bbox 1595 1627 1603 1636; x_wconf 95' lang='lat'><strong>.</strong></span> 
     </span>
    </p>

    <p class='ocr_par' dir='ltr' id='par_1_7' title="bbox 136 1639 1606 1689">
     <span class='ocr_line' id='line_1_29' title="bbox 136 1639 1606 1689; baseline 0.005 -15"><span class='ocrx_word' id='word_1_221' title='bbox 136 1645 278 1689; x_wconf 67' lang='lat' dir='ltr'><strong>pronis.</strong></span> <span class='ocrx_word' id='word_1_222' title='bbox 305 1646 374 1684; x_wconf 81' lang='lat' dir='ltr'><strong>est,</strong></span> <span class='ocrx_word' id='word_1_223' title='bbox 407 1651 539 1684; x_wconf 80' lang='lat' dir='ltr'><strong>wegen</strong></span> <span class='ocrx_word' id='word_1_224' title='bbox 566 1639 785 1678; x_wconf 68' lang='lat' dir='ltr'><strong>Vorffleile,</strong></span> <span class='ocrx_word' id='word_1_225' title='bbox 811 1641 958 1675; x_wconf 83' lang='lat' dir='ltr'><strong>welche</strong></span> <span class='ocrx_word' id='word_1_226' title='bbox 982 1641 1064 1676; x_wconf 86' lang='lat' dir='ltr'><strong>dem</strong></span> <span class='ocrx_word' id='word_1_227' title='bbox 1080 1642 1206 1677; x_wconf 85' lang='lat' dir='ltr'><strong>Staate</strong></span> <span class='ocrx_word' id='word_1_228' title='bbox 1228 1644 1332 1678; x_wconf 88' lang='lat' dir='ltr'><strong>nicht</strong></span> <span class='ocrx_word' id='word_1_229' title='bbox 1358 1671 1390 1680; x_wconf 89' lang='lat'><strong>..</strong></span> <span class='ocrx_word' id='word_1_230' title='bbox 1406 1671 1415 1680; x_wconf 86' lang='lat'><strong>.</strong></span> <span class='ocrx_word' id='word_1_231' title='bbox 1442 1647 1606 1682; x_wconf 85' lang='lat' dir='ltr'><strong>sondern</strong></span> 
     </span>
    </p>

    <p class='ocr_par' dir='ltr' id='par_1_8' title="bbox 139 1686 1608 2103">
     <span class='ocr_line' id='line_1_30' title="bbox 167 1686 1607 1736; baseline 0.001 -10"><span class='ocrx_word' id='word_1_232' title='bbox 167 1716 176 1726; x_wconf 92' lang='lat'><strong>.</strong></span> <span class='ocrx_word' id='word_1_233' title='bbox 191 1715 199 1725; x_wconf 85' lang='lat'><strong>.</strong></span> <span class='ocrx_word' id='word_1_234' title='bbox 227 1688 448 1734; x_wconf 84' lang='lat' dir='ltr'><strong>zugewandt</strong></span> <span class='ocrx_word' id='word_1_235' title='bbox 471 1686 568 1720; x_wconf 83' lang='lat' dir='ltr'><strong>sind.</strong></span> <span class='ocrx_word' id='word_1_236' title='bbox 583 1705 625 1712; x_wconf 96' lang='lat'><strong>—</strong></span> <span class='ocrx_word' id='word_1_237' title='bbox 656 1687 824 1730; x_wconf 81' lang='lat' dir='ltr'><strong>fortuito,</strong></span> <span class='ocrx_word' id='word_1_238' title='bbox 850 1687 967 1722; x_wconf 85' lang='lat' dir='ltr'><strong>durch</strong></span> <span class='ocrx_word' id='word_1_239' title='bbox 986 1688 1121 1723; x_wconf 78' lang='lat' dir='ltr'><strong>Zutall.</strong></span> <span class='ocrx_word' id='word_1_240' title='bbox 1142 1709 1186 1716; x_wconf 91' lang='lat'><strong>--</strong></span> <span class='ocrx_word' id='word_1_241' title='bbox 1216 1691 1420 1736; x_wconf 81' lang='lat' dir='ltr'><strong>gratulari,</strong></span> <span class='ocrx_word' id='word_1_242' title='bbox 1445 1693 1607 1728; x_wconf 85' lang='lat' dir='ltr'><strong>danken.</strong></span> 
     </span>
     <span class='ocr_line' id='line_1_31' title="bbox 140 1733 1607 1780; baseline 0.004 -12"><span class='ocrx_word' id='word_1_243' title='bbox 140 1754 185 1762; x_wconf 89' lang='lat'><strong>--</strong></span> <span class='ocrx_word' id='word_1_244' title='bbox 210 1738 339 1778; x_wconf 83' lang='lat' dir='ltr'><strong>rcferr.</strong></span> <span class='ocrx_word' id='word_1_245' title='bbox 355 1737 487 1777; x_wconf 84' lang='lat' dir='ltr'><strong>accept.</strong></span> <span class='ocrx_word' id='word_1_246' title='bbox 501 1758 511 1775; x_wconf 86' lang='lat'>‚</span> <span class='ocrx_word' id='word_1_247' title='bbox 537 1733 610 1767; x_wconf 84' lang='lat' dir='ltr'><strong>Dir</strong></span> <span class='ocrx_word' id='word_1_248' title='bbox 625 1733 851 1768; x_wconf 71' lang='lat' dir='ltr'><strong>zui-echnen.</strong></span> <span class='ocrx_word' id='word_1_249' title='bbox 867 1752 913 1759; x_wconf 90' lang='lat'><strong>—-</strong></span> <span class='ocrx_word' id='word_1_250' title='bbox 939 1735 1302 1780; x_wconf 79' lang='lat' dir='ltr'><strong>trz&#39;umphipraerog.</strong></span> <span class='ocrx_word' id='word_1_251' title='bbox 1314 1763 1325 1780; x_wconf 83' lang='lat'><strong>,</strong></span> <span class='ocrx_word' id='word_1_252' title='bbox 1349 1738 1409 1772; x_wconf 81' lang='lat' dir='ltr'><strong>fiir</strong></span> <span class='ocrx_word' id='word_1_253' title='bbox 1425 1738 1485 1773; x_wconf 88' lang='lat' dir='ltr'><strong>ein</strong></span> <span class='ocrx_word' id='word_1_254' title='bbox 1502 1741 1607 1776; x_wconf 85' lang='lat' dir='ltr'><strong>Vor-</strong></span> 
     </span>
     <span class='ocr_line' id='line_1_32' title="bbox 140 1779 1607 1830; baseline 0.002 -13"><span class='ocrx_word' id='word_1_255' title='bbox 140 1783 310 1824; x_wconf 57' lang='lat' dir='ltr'><strong>unchen,</strong></span> <span class='ocrx_word' id='word_1_256' title='bbox 328 1780 386 1814; x_wconf 73' lang='lat' dir='ltr'><strong>fiir</strong></span> <span class='ocrx_word' id='word_1_257' title='bbox 404 1780 488 1814; x_wconf 83' lang='lat' dir='ltr'><strong>eine</strong></span> <span class='ocrx_word' id='word_1_258' title='bbox 501 1779 766 1814; x_wconf 67' lang='lat' dir='ltr'><strong>Vorliiuferinn</strong></span> <span class='ocrx_word' id='word_1_259' title='bbox 790 1780 894 1815; x_wconf 86' lang='lat' dir='ltr'><strong>eines</strong></span> <span class='ocrx_word' id='word_1_260' title='bbox 904 1781 969 1815; x_wconf 89' lang='lat' dir='ltr'><strong>Tr.</strong></span> <span class='ocrx_word' id='word_1_261' title='bbox 996 1781 1068 1815; x_wconf 81' lang='lat' dir='ltr'><strong>Ein</strong></span> <span class='ocrx_word' id='word_1_262' title='bbox 1089 1793 1161 1816; x_wconf 78' lang='lat' dir='ltr'><strong>von</strong></span> <span class='ocrx_word' id='word_1_263' title='bbox 1179 1783 1247 1818; x_wconf 90' lang='lat' dir='ltr'><strong>der</strong></span> <span class='ocrx_word' id='word_1_264' title='bbox 1266 1784 1383 1818; x_wconf 81' lang='lat' dir='ltr'><strong>tribus</strong></span> <span class='ocrx_word' id='word_1_265' title='bbox 1402 1796 1607 1830; x_wconf 81' lang='lat' dir='ltr'><strong>praeroga-</strong></span> 
     </span>
     <span class='ocr_line' id='line_1_33' title="bbox 139 1826 1605 1877; baseline 0.002 -14"><span class='ocrx_word' id='word_1_266' title='bbox 139 1829 218 1864; x_wconf 74' lang='lat' dir='ltr'><strong>tiva</strong></span> <span class='ocrx_word' id='word_1_267' title='bbox 243 1828 454 1862; x_wconf 75' lang='lat' dir='ltr'><strong>entlehnter</strong></span> <span class='ocrx_word' id='word_1_268' title='bbox 479 1826 624 1870; x_wconf 85' lang='lat' dir='ltr'><strong>Trope!</strong></span> <span class='ocrx_word' id='word_1_269' title='bbox 651 1845 695 1850; x_wconf 96' lang='lat'><strong>—</strong></span> <span class='ocrx_word' id='word_1_270' title='bbox 740 1837 883 1869; x_wconf 78' lang='lat' dir='ltr'><strong>casum,</strong></span> <span class='ocrx_word' id='word_1_271' title='bbox 917 1827 1115 1862; x_wconf 82' lang='lat' dir='ltr'><strong>fortunam.</strong></span> <span class='ocrx_word' id='word_1_272' title='bbox 1140 1848 1184 1854; x_wconf 89' lang='lat'><em>-</em></span> <span class='ocrx_word' id='word_1_273' title='bbox 1227 1831 1313 1866; x_wconf 87' lang='lat' dir='ltr'><strong>Vor</strong></span> <span class='ocrx_word' id='word_1_274' title='bbox 1347 1841 1458 1868; x_wconf 80' lang='lat' dir='ltr'><strong>neque</strong></span> <span class='ocrx_word' id='word_1_275' title='bbox 1488 1831 1605 1877; x_wconf 71' lang='lat' dir='ltr'><strong>suppl.</strong></span> 
     </span>
     <span class='ocr_line' id='line_1_34' title="bbox 141 1871 1607 1920; baseline 0.002 -10"><span class='ocrx_word' id='word_1_276' title='bbox 141 1875 312 1920; x_wconf 85' lang='lat' dir='ltr'><strong>supplire</strong></span> <span class='ocrx_word' id='word_1_277' title='bbox 343 1873 447 1906; x_wconf 87' lang='lat' dir='ltr'><strong>scito.</strong></span> <span class='ocrx_word' id='word_1_278' title='bbox 477 1891 518 1896; x_wconf 89' lang='lat'><strong>--</strong></span> <span class='ocrx_word' id='word_1_279' title='bbox 555 1871 595 1907; x_wconf 77' lang='grc' dir='ltr'><strong>τὸ</strong></span> <span class='ocrx_word' id='word_1_280' title='bbox 625 1876 736 1906; x_wconf 79' lang='lat' dir='ltr'><strong>senat.</strong></span> <span class='ocrx_word' id='word_1_281' title='bbox 769 1872 905 1915; x_wconf 64' lang='lat' dir='ltr'><strong>india,</strong></span> <span class='ocrx_word' id='word_1_282' title='bbox 937 1885 1045 1908; x_wconf 88' lang='lat' dir='ltr'><strong>wenn</strong></span> <span class='ocrx_word' id='word_1_283' title='bbox 1080 1875 1148 1909; x_wconf 89' lang='lat' dir='ltr'><strong>der</strong></span> <span class='ocrx_word' id='word_1_284' title='bbox 1173 1875 1290 1910; x_wconf 84' lang='lat' dir='ltr'><strong>Senat</strong></span> <span class='ocrx_word' id='word_1_285' title='bbox 1320 1872 1514 1912; x_wconf 70' lang='lat' dir='ltr'><strong>offehtlich</strong></span> <span class='ocrx_word' id='word_1_286' title='bbox 1546 1890 1607 1912; x_wconf 84' lang='lat' dir='ltr'><strong>er·</strong></span> 
     </span>
     <span class='ocr_line' id='line_1_35' title="bbox 140 1919 1608 1967; baseline 0.002 -11"><span class='ocrx_word' id='word_1_287' title='bbox 140 1921 252 1957; x_wconf 71' lang='lat' dir='ltr'><strong>klart.</strong></span> <span class='ocrx_word' id='word_1_288' title='bbox 285 1920 323 1954; x_wconf 90' lang='lat' dir='ltr'><strong>S.</strong></span> <span class='ocrx_word' id='word_1_289' title='bbox 343 1919 493 1954; x_wconf 82' lang='lat' dir='ltr'><strong>Ramsh.</strong></span> <span class='ocrx_word' id='word_1_290' title='bbox 521 1919 550 1962; x_wconf 83' lang='lat'><strong>§.</strong></span> <span class='ocrx_word' id='word_1_291' title='bbox 568 1919 646 1961; x_wconf 80' lang='lat'><strong>168,</strong></span> <span class='ocrx_word' id='word_1_292' title='bbox 663 1919 751 1961; x_wconf 87' lang='lat' dir='ltr'><strong>B‚1.</strong></span> <span class='ocrx_word' id='word_1_293' title='bbox 779 1919 924 1954; x_wconf 81' lang='lat' dir='ltr'><strong>Grotef.</strong></span> <span class='ocrx_word' id='word_1_294' title='bbox 949 1921 978 1963; x_wconf 83' lang='lat'><strong>§.</strong></span> <span class='ocrx_word' id='word_1_295' title='bbox 998 1922 1077 1956; x_wconf 83' lang='lat'><strong>311.</strong></span> <span class='ocrx_word' id='word_1_296' title='bbox 1111 1922 1198 1956; x_wconf 86' lang='lat' dir='ltr'><strong>Man</strong></span> <span class='ocrx_word' id='word_1_297' title='bbox 1224 1922 1336 1967; x_wconf 85' lang='lat' dir='ltr'><strong>sieht,</strong></span> <span class='ocrx_word' id='word_1_298' title='bbox 1362 1924 1454 1959; x_wconf 87' lang='lat' dir='ltr'><strong>Cato</strong></span> <span class='ocrx_word' id='word_1_299' title='bbox 1480 1925 1608 1959; x_wconf 76' lang='lat' dir='ltr'><strong>mahnt</strong></span> 
     </span>
     <span class='ocr_line' id='line_1_36' title="bbox 140 1965 1605 2013; baseline 0.003 -11"><span class='ocrx_word' id='word_1_300' title='bbox 140 1969 212 2002; x_wconf 80' lang='lat' dir='ltr'><strong>den</strong></span> <span class='ocrx_word' id='word_1_301' title='bbox 240 1967 376 2000; x_wconf 90' lang='lat' dir='ltr'><strong>Cicero</strong></span> <span class='ocrx_word' id='word_1_302' title='bbox 409 1966 453 1998; x_wconf 89' lang='lat' dir='ltr'><strong>ab</strong></span> <span class='ocrx_word' id='word_1_303' title='bbox 486 1976 569 1997; x_wconf 87' lang='lat' dir='ltr'><strong>vom</strong></span> <span class='ocrx_word' id='word_1_304' title='bbox 601 1965 787 1998; x_wconf 76' lang='lat' dir='ltr'><strong>Anhalten</strong></span> <span class='ocrx_word' id='word_1_305' title='bbox 820 1976 879 1999; x_wconf 89' lang='lat' dir='ltr'><strong>um</strong></span> <span class='ocrx_word' id='word_1_306' title='bbox 904 1965 1012 2000; x_wconf 84' lang='lat' dir='ltr'><strong>einen</strong></span> <span class='ocrx_word' id='word_1_307' title='bbox 1039 1967 1235 2013; x_wconf 76' lang='lat' dir='ltr'><strong>Triumph.</strong></span> <span class='ocrx_word' id='word_1_308' title='bbox 1254 1988 1300 1995; x_wconf 86' lang='lat'><em>-</em></span> <span class='ocrx_word' id='word_1_309' title='bbox 1337 1975 1536 2005; x_wconf 79' lang='lat' dir='ltr'><strong>conservat.</strong></span> <span class='ocrx_word' id='word_1_310' title='bbox 1567 1971 1605 2006; x_wconf 85' lang='lat' dir='ltr'><strong>S.</strong></span> 
     </span>
     <span class='ocr_line' id='line_1_37' title="bbox 141 2011 1608 2060; baseline 0.004 -13"><span class='ocrx_word' id='word_1_311' title='bbox 141 2026 199 2059; x_wconf 85' lang='lat' dir='ltr'><strong>ep.</strong></span> <span class='ocrx_word' id='word_1_312' title='bbox 215 2014 295 2056; x_wconf 61' lang='lat'><strong>264,</strong></span> <span class='ocrx_word' id='word_1_313' title='bbox 312 2015 345 2048; x_wconf 85' lang='lat'><strong>3.</strong></span> <span class='ocrx_word' id='word_1_314' title='bbox 365 2030 409 2036; x_wconf 94' lang='lat'><strong>—</strong></span> <span class='ocrx_word' id='word_1_315' title='bbox 441 2011 536 2056; x_wconf 81' lang='lat' dir='ltr'><strong>quod</strong></span> <span class='ocrx_word' id='word_1_316' title='bbox 562 2037 570 2044; x_wconf 95' lang='lat'><strong>.</strong></span> <span class='ocrx_word' id='word_1_317' title='bbox 586 2035 594 2044; x_wconf 92' lang='lat'><strong>.</strong></span> <span class='ocrx_word' id='word_1_318' title='bbox 612 2037 621 2045; x_wconf 89' lang='lat'><strong>.</strong></span> <span class='ocrx_word' id='word_1_319' title='bbox 647 2011 851 2055; x_wconf 79' lang='lat' dir='ltr'><strong>censebam,</strong></span> <span class='ocrx_word' id='word_1_320' title='bbox 878 2011 983 2048; x_wconf 88' lang='lat' dir='ltr'><strong>diese</strong></span> <span class='ocrx_word' id='word_1_321' title='bbox 1001 2013 1305 2060; x_wconf 78' lang='lat' dir='ltr'><strong>Betrachtungen</strong></span> <span class='ocrx_word' id='word_1_322' title='bbox 1329 2017 1485 2052; x_wconf 80' lang='lat' dir='ltr'><strong>leiteten</strong></span> <span class='ocrx_word' id='word_1_323' title='bbox 1509 2017 1608 2052; x_wconf 84' lang='lat' dir='ltr'><strong>mich</strong></span> 
     </span>
     <span class='ocr_line' id='line_1_38' title="bbox 139 2056 797 2103; baseline -0.005 -8"><span class='ocrx_word' id='word_1_324' title='bbox 139 2060 201 2095; x_wconf 86' lang='lat' dir='ltr'><strong>bei</strong></span> <span class='ocrx_word' id='word_1_325' title='bbox 225 2060 439 2103; x_wconf 82' lang='lat' dir='ltr'><strong>Abgebung</strong></span> <span class='ocrx_word' id='word_1_326' title='bbox 463 2057 605 2091; x_wconf 86' lang='lat' dir='ltr'><strong>meiner</strong></span> <span class='ocrx_word' id='word_1_327' title='bbox 629 2056 797 2092; x_wconf 81' lang='lat' dir='ltr'><strong>Stimme.</strong></span> 
     </span>
    </p>

    <p class='ocr_par' dir='ltr' id='par_1_9' title="bbox 140 2104 1609 2701">
     <span class='ocr_line' id='line_1_39' title="bbox 229 2104 1606 2150; baseline 0.004 -10"><span class='ocrx_word' id='word_1_328' title='bbox 229 2108 261 2141; x_wconf 87' lang='lat'><strong>3.</strong></span> <span class='ocrx_word' id='word_1_329' title='bbox 296 2105 483 2150; x_wconf 81' lang='lat' dir='ltr'><strong>pluribus,</strong></span> <span class='ocrx_word' id='word_1_330' title='bbox 509 2104 795 2138; x_wconf 82' lang='lat' dir='ltr'><strong>ausfiihrlicher.</strong></span> <span class='ocrx_word' id='word_1_331' title='bbox 834 2104 921 2138; x_wconf 90' lang='lat' dir='ltr'><strong>Und</strong></span> <span class='ocrx_word' id='word_1_332' title='bbox 946 2105 1042 2141; x_wconf 89' lang='lat' dir='ltr'><strong>doch</strong></span> <span class='ocrx_word' id='word_1_333' title='bbox 1066 2106 1117 2140; x_wconf 88' lang='lat' dir='ltr'><strong>ist</strong></span> <span class='ocrx_word' id='word_1_334' title='bbox 1140 2106 1209 2140; x_wconf 86' lang='lat' dir='ltr'><strong>der</strong></span> <span class='ocrx_word' id='word_1_335' title='bbox 1231 2107 1343 2142; x_wconf 84' lang='lat' dir='ltr'><strong>Brief</strong></span> <span class='ocrx_word' id='word_1_336' title='bbox 1362 2120 1404 2143; x_wconf 84' lang='lat' dir='ltr'><strong>so</strong></span> <span class='ocrx_word' id='word_1_337' title='bbox 1428 2109 1541 2145; x_wconf 82' lang='lat' dir='ltr'><strong>kurz!</strong></span> <span class='ocrx_word' id='word_1_338' title='bbox 1563 2129 1606 2136; x_wconf 87' lang='lat'><strong>--</strong></span> 
     </span>
     <span class='ocr_line' id='line_1_40' title="bbox 141 2150 1607 2195; baseline 0.003 -9"><span class='ocrx_word' id='word_1_339' title='bbox 141 2153 333 2195; x_wconf 82' lang='lat' dir='ltr'><strong>laborare,</strong></span> <span class='ocrx_word' id='word_1_340' title='bbox 359 2151 449 2185; x_wconf 88' lang='lat' dir='ltr'><strong>mihi</strong></span> <span class='ocrx_word' id='word_1_341' title='bbox 474 2161 586 2183; x_wconf 88' lang='lat' dir='ltr'><strong>curae</strong></span> <span class='ocrx_word' id='word_1_342' title='bbox 612 2161 714 2193; x_wconf 86' lang='lat' dir='ltr'><strong>esse,</strong></span> <span class='ocrx_word' id='word_1_343' title='bbox 740 2161 780 2184; x_wconf 84' lang='lat' dir='ltr'><strong>es</strong></span> <span class='ocrx_word' id='word_1_344' title='bbox 813 2150 914 2195; x_wconf 80' lang='lat' dir='ltr'><strong>liege</strong></span> <span class='ocrx_word' id='word_1_345' title='bbox 947 2152 1018 2185; x_wconf 86' lang='lat' dir='ltr'><strong>mir</strong></span> <span class='ocrx_word' id='word_1_346' title='bbox 1042 2153 1131 2186; x_wconf 87' lang='lat' dir='ltr'><strong>sehr</strong></span> <span class='ocrx_word' id='word_1_347' title='bbox 1154 2164 1212 2187; x_wconf 89' lang='lat' dir='ltr'><strong>am</strong></span> <span class='ocrx_word' id='word_1_348' title='bbox 1236 2155 1401 2190; x_wconf 86' lang='lat' dir='ltr'><strong>Herzen.</strong></span> <span class='ocrx_word' id='word_1_349' title='bbox 1419 2174 1463 2182; x_wconf 88' lang='lat'><em>—</em></span> <span class='ocrx_word' id='word_1_350' title='bbox 1492 2168 1549 2190; x_wconf 85' lang='lat' dir='ltr'><strong>me</strong></span> <span class='ocrx_word' id='word_1_351' title='bbox 1573 2161 1607 2191; x_wconf 71' lang='lat' dir='ltr'><strong>et</strong></span> 
     </span>
     <span class='ocr_line' id='line_1_41' title="bbox 141 2196 1608 2243; baseline 0.003 -11"><span class='ocrx_word' id='word_1_352' title='bbox 141 2199 298 2232; x_wconf 78' lang='lat' dir='ltr'><strong>voluisse</strong></span> <span class='ocrx_word' id='word_1_353' title='bbox 323 2224 350 2231; x_wconf 92' lang='lat'><strong>..</strong></span> <span class='ocrx_word' id='word_1_354' title='bbox 371 2224 379 2232; x_wconf 89' lang='lat'><strong>.</strong></span> <span class='ocrx_word' id='word_1_355' title='bbox 406 2197 629 2236; x_wconf 77' lang='lat' dir='ltr'><strong>arbitratus,</strong></span> <span class='ocrx_word' id='word_1_356' title='bbox 662 2196 746 2230; x_wconf 85' lang='lat' dir='ltr'><strong>dass</strong></span> <span class='ocrx_word' id='word_1_357' title='bbox 778 2196 840 2230; x_wconf 90' lang='lat' dir='ltr'><strong>ich</strong></span> <span class='ocrx_word' id='word_1_358' title='bbox 873 2197 934 2231; x_wconf 89' lang='lat' dir='ltr'><strong>bei</strong></span> <span class='ocrx_word' id='word_1_359' title='bbox 965 2198 1033 2232; x_wconf 92' lang='lat' dir='ltr'><strong>der</strong></span> <span class='ocrx_word' id='word_1_360' title='bbox 1062 2199 1184 2243; x_wconf 85' lang='lat' dir='ltr'><strong>Frage</strong></span> <span class='ocrx_word' id='word_1_361' title='bbox 1222 2212 1294 2234; x_wconf 80' lang='lat' dir='ltr'><strong>von</strong></span> <span class='ocrx_word' id='word_1_362' title='bbox 1326 2202 1474 2237; x_wconf 83' lang='lat' dir='ltr'><strong>Deiner</strong></span> <span class='ocrx_word' id='word_1_363' title='bbox 1506 2205 1608 2239; x_wconf 85' lang='lat' dir='ltr'><strong>Ver-</strong></span> 
     </span>
     <span class='ocr_line' id='line_1_42' title="bbox 141 2243 1607 2287; baseline 0.004 -9"><span class='ocrx_word' id='word_1_364' title='bbox 141 2244 384 2287; x_wconf 82' lang='lat' dir='ltr'><strong>herrlichung</strong></span> <span class='ocrx_word' id='word_1_365' title='bbox 407 2243 472 2276; x_wconf 89' lang='lat' dir='ltr'><strong>aus</strong></span> <span class='ocrx_word' id='word_1_366' title='bbox 492 2243 571 2276; x_wconf 82' lang='lat' dir='ltr'><strong>Das</strong></span> <span class='ocrx_word' id='word_1_367' title='bbox 596 2249 824 2286; x_wconf 66' lang='lat' dir='ltr'><strong>angelragen</strong></span> <span class='ocrx_word' id='word_1_368' title='bbox 857 2244 971 2284; x_wconf 86' lang='lat' dir='ltr'><strong>habe,</strong></span> <span class='ocrx_word' id='word_1_369' title='bbox 1007 2255 1084 2278; x_wconf 84' lang='lat' dir='ltr'><strong>was</strong></span> <span class='ocrx_word' id='word_1_370' title='bbox 1115 2246 1208 2279; x_wconf 88' lang='lat' dir='ltr'><strong>nach</strong></span> <span class='ocrx_word' id='word_1_371' title='bbox 1238 2247 1397 2282; x_wconf 88' lang='lat' dir='ltr'><strong>meinem</strong></span> <span class='ocrx_word' id='word_1_372' title='bbox 1433 2249 1607 2284; x_wconf 81' lang='lat' dir='ltr'><strong>Urtheile</strong></span> 
     </span>
     <span class='ocr_line' id='line_1_43' title="bbox 141 2289 1607 2330; baseline 0.004 -6"><span class='ocrx_word' id='word_1_373' title='bbox 141 2291 207 2324; x_wconf 84' lang='lat' dir='ltr'><strong>das</strong></span> <span class='ocrx_word' id='word_1_374' title='bbox 232 2289 494 2323; x_wconf 85' lang='lat' dir='ltr'><strong>Ehrenvollste</strong></span> <span class='ocrx_word' id='word_1_375' title='bbox 525 2300 617 2325; x_wconf 84' lang='lat' dir='ltr'><strong>war.</strong></span> <span class='ocrx_word' id='word_1_376' title='bbox 656 2290 799 2323; x_wconf 77' lang='lat' dir='ltr'><strong>maiest.</strong></span> <span class='ocrx_word' id='word_1_377' title='bbox 834 2289 869 2325; x_wconf 90' lang='lat' dir='ltr'><strong>d.</strong></span> <span class='ocrx_word' id='word_1_378' title='bbox 899 2290 924 2324; x_wconf 90' lang='lat' dir='ltr'><strong>i.</strong></span> <span class='ocrx_word' id='word_1_379' title='bbox 958 2291 1033 2324; x_wconf 80' lang='lat' dir='ltr'><strong>wie</strong></span> <span class='ocrx_word' id='word_1_380' title='bbox 1066 2291 1134 2325; x_wconf 92' lang='lat' dir='ltr'><strong>der</strong></span> <span class='ocrx_word' id='word_1_381' title='bbox 1161 2291 1276 2327; x_wconf 87' lang='lat' dir='ltr'><strong>Senat</strong></span> <span class='ocrx_word' id='word_1_382' title='bbox 1300 2294 1377 2328; x_wconf 90' lang='lat' dir='ltr'><strong>ihm</strong></span> <span class='ocrx_word' id='word_1_383' title='bbox 1401 2296 1508 2330; x_wconf 82' lang='lat' dir='ltr'><strong>seine</strong></span> <span class='ocrx_word' id='word_1_384' title='bbox 1533 2297 1607 2330; x_wconf 81' lang='lat' dir='ltr'><strong>Zu-</strong></span> 
     </span>
     <span class='ocr_line' id='line_1_44' title="bbox 140 2335 1608 2386; baseline 0.003 -15"><span class='ocrx_word' id='word_1_385' title='bbox 140 2335 368 2371; x_wconf 83' lang='lat' dir='ltr'><strong>friedenheit</strong></span> <span class='ocrx_word' id='word_1_386' title='bbox 398 2335 472 2369; x_wconf 91' lang='lat' dir='ltr'><strong>und</strong></span> <span class='ocrx_word' id='word_1_387' title='bbox 502 2335 599 2369; x_wconf 89' lang='lat' dir='ltr'><strong>hohe</strong></span> <span class='ocrx_word' id='word_1_388' title='bbox 621 2335 799 2379; x_wconf 82' lang='lat' dir='ltr'><strong>Achtung</strong></span> <span class='ocrx_word' id='word_1_389' title='bbox 829 2335 894 2369; x_wconf 82' lang='lat' dir='ltr'><strong>auf</strong></span> <span class='ocrx_word' id='word_1_390' title='bbox 915 2336 978 2370; x_wconf 88' lang='lat' dir='ltr'><strong>die</strong></span> <span class='ocrx_word' id='word_1_391' title='bbox 1001 2337 1279 2374; x_wconf 85' lang='lat' dir='ltr'><strong>ehrenvolleste</strong></span> <span class='ocrx_word' id='word_1_392' title='bbox 1304 2352 1339 2375; x_wconf 89' lang='lat' dir='ltr'><strong>u.</strong></span> <span class='ocrx_word' id='word_1_393' title='bbox 1365 2341 1608 2386; x_wconf 83' lang='lat' dir='ltr'><strong>ausgezeich-</strong></span> 
     </span>
     <span class='ocr_line' id='line_1_45' title="bbox 142 2381 1606 2431; baseline 0.005 -15"><span class='ocrx_word' id='word_1_394' title='bbox 142 2390 261 2416; x_wconf 81' lang='lat' dir='ltr'><strong>netste</strong></span> <span class='ocrx_word' id='word_1_395' title='bbox 287 2381 418 2415; x_wconf 80' lang='lat' dir='ltr'><strong>Weise</strong></span> <span class='ocrx_word' id='word_1_396' title='bbox 442 2382 633 2425; x_wconf 84' lang='lat' dir='ltr'><strong>bezeugen</strong></span> <span class='ocrx_word' id='word_1_397' title='bbox 658 2382 765 2416; x_wconf 85' lang='lat' dir='ltr'><strong>solle.</strong></span> <span class='ocrx_word' id='word_1_398' title='bbox 785 2400 829 2406; x_wconf 92' lang='lat'>—</span> <span class='ocrx_word' id='word_1_399' title='bbox 870 2386 903 2415; x_wconf 82' lang='lat' dir='ltr'><strong>et</strong></span> <span class='ocrx_word' id='word_1_400' title='bbox 925 2395 973 2416; x_wconf 89' lang='lat'><strong><em>=</em></strong></span> <span class='ocrx_word' id='word_1_401' title='bbox 995 2387 1133 2427; x_wconf 75' lang='grc' dir='ltr'><strong><em>καίτοι,</em></strong></span> <span class='ocrx_word' id='word_1_402' title='bbox 1166 2392 1204 2420; x_wconf 90' lang='lat' dir='ltr'><strong>et</strong></span> <span class='ocrx_word' id='word_1_403' title='bbox 1235 2392 1374 2431; x_wconf 83' lang='lat' dir='ltr'><strong>tamen,</strong></span> <span class='ocrx_word' id='word_1_404' title='bbox 1408 2389 1482 2422; x_wconf 88' lang='lat' dir='ltr'><strong>und</strong></span> <span class='ocrx_word' id='word_1_405' title='bbox 1509 2388 1606 2423; x_wconf 83' lang='lat' dir='ltr'><strong>doch</strong></span> 
     </span>
     <span class='ocr_line' id='line_1_46' title="bbox 141 2426 1609 2471; baseline 0.004 -9"><span class='ocrx_word' id='word_1_406' title='bbox 141 2429 302 2463; x_wconf 85' lang='lat' dir='ltr'><strong>anderer</strong></span> <span class='ocrx_word' id='word_1_407' title='bbox 326 2426 439 2462; x_wconf 75' lang='lat' dir='ltr'><strong>Seits.</strong></span> <span class='ocrx_word' id='word_1_408' title='bbox 476 2426 514 2461; x_wconf 90' lang='lat' dir='ltr'><strong>S.</strong></span> <span class='ocrx_word' id='word_1_409' title='bbox 541 2427 692 2462; x_wconf 82' lang='lat' dir='ltr'><strong>Ramsh.</strong></span> <span class='ocrx_word' id='word_1_410' title='bbox 720 2428 748 2471; x_wconf 82' lang='lat'><strong>§.</strong></span> <span class='ocrx_word' id='word_1_411' title='bbox 771 2430 849 2471; x_wconf 88' lang='grc'><strong>179,</strong></span> <span class='ocrx_word' id='word_1_412' title='bbox 872 2431 902 2464; x_wconf 87' lang='grc'><strong>7.</strong></span> <span class='ocrx_word' id='word_1_413' title='bbox 922 2447 964 2453; x_wconf 89' lang='lat'><strong>——</strong></span> <span class='ocrx_word' id='word_1_414' title='bbox 1007 2431 1176 2465; x_wconf 81' lang='lat' dir='ltr'><strong>maluisti</strong></span> <span class='ocrx_word' id='word_1_415' title='bbox 1206 2432 1288 2467; x_wconf 90' lang='lat' dir='ltr'><strong>scil.</strong></span> <span class='ocrx_word' id='word_1_416' title='bbox 1316 2440 1358 2467; x_wconf 88' lang='lat' dir='ltr'><strong>ut</strong></span> <span class='ocrx_word' id='word_1_417' title='bbox 1382 2433 1452 2468; x_wconf 77' lang='lat' dir='ltr'><strong>tibi</strong></span> <span class='ocrx_word' id='word_1_418' title='bbox 1477 2433 1609 2468; x_wconf 76' lang='lat' dir='ltr'><strong>decer-</strong></span> 
     </span>
     <span class='ocr_line' id='line_1_47' title="bbox 141 2472 1608 2522; baseline 0.004 -13"><span class='ocrx_word' id='word_1_419' title='bbox 141 2482 295 2509; x_wconf 81' lang='lat' dir='ltr'><strong>neretur</strong></span> <span class='ocrx_word' id='word_1_420' title='bbox 318 2472 555 2518; x_wconf 72' lang='lat' dir='ltr'><strong>supplicatio.</strong></span> <span class='ocrx_word' id='word_1_421' title='bbox 573 2492 618 2498; x_wconf 89' lang='lat'><em>-</em></span> <span class='ocrx_word' id='word_1_422' title='bbox 651 2475 788 2516; x_wconf 79' lang='lat' dir='ltr'><strong>factum</strong></span> <span class='ocrx_word' id='word_1_423' title='bbox 812 2486 887 2509; x_wconf 76' lang='lat' dir='ltr'><strong>esse</strong></span> <span class='ocrx_word' id='word_1_424' title='bbox 917 2475 942 2508; x_wconf 90' lang='lat' dir='ltr'><strong>i.</strong></span> <span class='ocrx_word' id='word_1_425' title='bbox 971 2486 1001 2509; x_wconf 88' lang='lat' dir='ltr'><strong>e.</strong></span> <span class='ocrx_word' id='word_1_426' title='bbox 1028 2478 1343 2522; x_wconf 84' lang='lat' dir='ltr'><strong>supplicationem</strong></span> <span class='ocrx_word' id='word_1_427' title='bbox 1375 2480 1443 2514; x_wconf 77' lang='lat' dir='ltr'><strong>tibi</strong></span> <span class='ocrx_word' id='word_1_428' title='bbox 1476 2480 1608 2514; x_wconf 80' lang='lat' dir='ltr'><strong>decre-</strong></span> 
     </span>
     <span class='ocr_line' id='line_1_48' title="bbox 142 2520 1608 2561; baseline 0.003 -6"><span class='ocrx_word' id='word_1_429' title='bbox 142 2527 214 2555; x_wconf 76' lang='lat' dir='ltr'><strong>tam</strong></span> <span class='ocrx_word' id='word_1_430' title='bbox 239 2531 336 2555; x_wconf 85' lang='lat' dir='ltr'><strong>esse.</strong></span> <span class='ocrx_word' id='word_1_431' title='bbox 357 2539 397 2544; x_wconf 92' lang='lat'>—</span> <span class='ocrx_word' id='word_1_432' title='bbox 437 2520 602 2552; x_wconf 79' lang='lat' dir='ltr'><strong>instituto</strong></span> <span class='ocrx_word' id='word_1_433' title='bbox 627 2520 778 2560; x_wconf 78' lang='lat' dir='ltr'><strong>itinere,</strong></span> <span class='ocrx_word' id='word_1_434' title='bbox 816 2523 881 2555; x_wconf 88' lang='lat' dir='ltr'><strong>auf</strong></span> <span class='ocrx_word' id='word_1_435' title='bbox 908 2521 977 2555; x_wconf 90' lang='lat' dir='ltr'><strong>der</strong></span> <span class='ocrx_word' id='word_1_436' title='bbox 1002 2523 1221 2559; x_wconf 81' lang='lat' dir='ltr'><strong>betretenen</strong></span> <span class='ocrx_word' id='word_1_437' title='bbox 1246 2526 1352 2559; x_wconf 86' lang='lat' dir='ltr'><strong>Bahn</strong></span> <span class='ocrx_word' id='word_1_438' title='bbox 1376 2526 1411 2560; x_wconf 91' lang='lat' dir='ltr'><strong>h.</strong></span> <span class='ocrx_word' id='word_1_439' title='bbox 1431 2537 1462 2561; x_wconf 92' lang='lat' dir='ltr'><strong>e.</strong></span> <span class='ocrx_word' id='word_1_440' title='bbox 1492 2534 1530 2560; x_wconf 86' lang='grc' dir='ltr'><strong>ιιι</strong></span> <span class='ocrx_word' id='word_1_441' title='bbox 1554 2527 1608 2560; x_wconf 85' lang='lat' dir='ltr'><strong>sa-</strong></span> 
     </span>
     <span class='ocr_line' id='line_1_49' title="bbox 142 2565 1606 2613; baseline 0.003 -11"><span class='ocrx_word' id='word_1_442' title='bbox 142 2578 229 2602; x_wconf 87' lang='lat' dir='ltr'><strong>cere</strong></span> <span class='ocrx_word' id='word_1_443' title='bbox 254 2565 434 2610; x_wconf 80' lang='lat' dir='ltr'><strong>coepisti,</strong></span> <span class='ocrx_word' id='word_1_444' title='bbox 469 2565 670 2599; x_wconf 83' lang='lat' dir='ltr'><strong>secundum</strong></span> <span class='ocrx_word' id='word_1_445' title='bbox 696 2566 877 2601; x_wconf 77' lang='lat' dir='ltr'><strong>rationem</strong></span> <span class='ocrx_word' id='word_1_446' title='bbox 904 2568 1063 2612; x_wconf 82' lang='lat' dir='ltr'><strong>agendi,</strong></span> <span class='ocrx_word' id='word_1_447' title='bbox 1099 2581 1207 2613; x_wconf 88' lang='lat' dir='ltr'><strong>quam</strong></span> <span class='ocrx_word' id='word_1_448' title='bbox 1232 2572 1354 2605; x_wconf 87' lang='lat' dir='ltr'><strong>adhue</strong></span> <span class='ocrx_word' id='word_1_449' title='bbox 1379 2579 1529 2606; x_wconf 76' lang='lat' dir='ltr'><strong>secutus</strong></span> <span class='ocrx_word' id='word_1_450' title='bbox 1554 2583 1606 2606; x_wconf 71' lang='lat' dir='ltr'><strong>es.</strong></span> 
     </span>
     <span class='ocr_line' id='line_1_50' title="bbox 145 2612 1609 2662; baseline 0.005 -14"><span class='ocrx_word' id='word_1_451' title='bbox 145 2612 333 2648; x_wconf 76' lang='lat' dir='ltr'><strong>GRAEV.</strong></span> <span class='ocrx_word' id='word_1_452' title='bbox 357 2630 402 2636; x_wconf 89' lang='lat'>—</span> <span class='ocrx_word' id='word_1_453' title='bbox 439 2612 619 2662; x_wconf 39' lang='lat' dir='ltr'><strong>severit„-</strong></span> <span class='ocrx_word' id='word_1_454' title='bbox 637 2618 787 2657; x_wconf 78' lang='lat' dir='ltr'><strong>strenge</strong></span> <span class='ocrx_word' id='word_1_455' title='bbox 819 2614 992 2658; x_wconf 77' lang='lat' dir='ltr'><strong>&#39;sugend-</strong></span> <span class='ocrx_word' id='word_1_456' title='bbox 1016 2634 1061 2641; x_wconf 93' lang='lat'><em>-</em></span> <span class='ocrx_word' id='word_1_457' title='bbox 1098 2618 1232 2660; x_wconf 68' lang='lat' dir='ltr'><strong>sociis,</strong></span> <span class='ocrx_word' id='word_1_458' title='bbox 1264 2629 1426 2652; x_wconf 85' lang='lat' dir='ltr'><strong>unseren</strong></span> <span class='ocrx_word' id='word_1_459' title='bbox 1451 2615 1609 2654; x_wconf 78' lang='lat' dir='ltr'><strong>Schutz-</strong></span> 
     </span>
     <span class='ocr_line' id='line_1_51' title="bbox 145 2657 720 2701; baseline -0.003 -7"><span class='ocrx_word' id='word_1_460' title='bbox 145 2659 406 2701; x_wconf 75' lang='lat' dir='ltr'><strong>verwandten,</strong></span> <span class='ocrx_word' id='word_1_461' title='bbox 439 2657 720 2693; x_wconf 77' lang='lat' dir='ltr'><strong>Proviuzialeu.</strong></span> 
     </span>
    </p>
   </div>
   <div class='ocr_carea' id='block_1_6' title="bbox 722 2733 870 2740">
    <p class='ocr_par' dir='ltr' id='par_1_10' title="bbox 722 2733 870 2740">
     <span class='ocr_line' id='line_1_52' title="bbox 722 2733 870 2740; baseline 0 303"><span class='ocrx_word' id='word_1_462' title='bbox 722 2733 870 2740; x_wconf 95' lang='lat' dir='ltr'><strong> </strong></span> 
     </span>
    </p>
   </div>
   <div class='ocr_carea' id='block_1_7' title="bbox 1252 2817 1334 2856">
    <p class='ocr_par' dir='ltr' id='par_1_11' title="bbox 1252 2817 1334 2856">
     <span class='ocr_line' id='line_1_53' title="bbox 1252 2817 1334 2856; baseline 0.012 -1"><span class='ocrx_word' id='word_1_463' title='bbox 1252 2817 1334 2856; x_wconf 80' lang='lat'><strong>16·</strong></span> 
     </span>
    </p>
   </div>
  </div>
 </body>
</html>
