1795 3043
510 75 820 124 EPISTOLA
859 78 1184 125 CCCXXXIV.
1473 85 1570 133 401

149 191 356 235 Sequuntur
380 192 536 234 quatuor
559 188 735 268 epistolae
759 187 925 268 Igmpgii
936 194 982 268 Be
1008 188 1198 223 Ciceronis
1222 188 1307 225 huic
1334 190 1525 224 adiunctae

810 303 862 343 A.

288 373 370 408 Ser.
397 371 580 406 Luceriae
606 371 662 406 Id.
689 371 800 406 Febr.
833 372 878 404 A.
906 370 951 405 U.
978 372 1019 405 C.
1045 372 1122 406 705.
1158 374 1206 413 (a.
1233 373 1273 407 C.
1299 373 1374 415 49.)

224 441 300 476 CN.
333 439 543 476 MAGNUS
574 439 791 474 PROCOS.
824 439 864 474 S.
890 439 939 474 D.
974 439 1024 474 M.
1060 439 1305 475 CICERONI
1337 441 1441 476 IMP.

212 500 393 548 Quintus
421 498 579 540 Fabius
616 498 669 539 ad
705 511 772 538 me
810 499 925 539 venit
966 513 1001 539 a.
1032 498 1070 538 d.
1111 512 1170 541 lv,
1201 499 1298 539 Idus
1336 499 1465 543 Febr.
1523 500 1564 541 ls

97 557 266 598 nuntiat
313 558 360 599 L.
392 556 621 597 Domitium
670 567 764 594 cum
811 555 897 594 suis
939 555 1185 596 cohortibus
1214 569 1273 596 xl.
1325 559 1368 596 et
1416 557 1564 598 cohor-

98 614 212 654 tibus
242 628 355 668 x1v.,
392 626 496 665 quas
517 612 730 653 Vibullius
759 611 959 664 adduxit,
1000 612 1052 652 ad
1082 625 1149 653 me
1176 614 1257 653 iter
1286 614 1459 657 habere:
1491 615 1562 655 ha·

96 671 239 711 buisse
278 672 320 711 in
362 672 500 712 animo
530 668 746 722 proficisci
777 668 959 709 Corfinio
1001 683 1039 711 a.
1072 669 1110 710 d.
1150 683 1190 711 v.
1220 669 1282 712 Id.
1312 671 1465 719 Febr„
1513 672 1560 714 C.

96 728 272 768 Hirrum
303 741 399 768 cum
428 741 467 768 v.
492 726 738 766 cohortibus
768 726 977 776 subsequi.
1039 726 1222 779 Censeo,
1251 727 1303 768 ad
1333 740 1408 769 nos
1430 729 1563 770 Luce-

96 786 203 826 riam
231 786 390 826 venias.
446 784 554 824 Nam
583 786 625 824 te
656 783 727 823 hic
757 783 962 822 tutissime
993 786 1095 836 puto
1125 785 1232 827 sore.

800 932 847 972 B.

207 997 287 1032 Ser.
321 997 483 1034 Formiis
508 998 619 1035 XIV.
646 998 732 1032 Kal.
759 998 870 1032 Mart.
897 999 943 1032 A.
970 998 1015 1033 U.
1043 998 1083 1033 C.
1111 999 1189 1033 705.
1223 1002 1271 1042 (a.
1298 1000 1341 1034 C.
1368 1000 1445 1043 49.)

253 1067 306 1101 M.
341 1067 529 1101 CICERO
561 1067 664 1100 IMP.
699 1065 738 1100 S.
771 1067 819 1100 D.
854 1067 928 1100 CN.
962 1067 1145 1100 MAGNO
1177 1067 1392 1103 PROCOS.

205 1125 252 1165 A.
284 1125 325 1169 d.
361 1138 430 1168 xv.
460 1126 641 1168 Kalend.
676 1125 803 1167 Mart.
845 1125 1027 1165 Formiis
1072 1126 1221 1177 accepi
1259 1129 1352 1169 tuas
1387 1128 1557 1168 literas:

93 1192 145 1221 ex
183 1181 338 1232 quibus
380 1195 452 1230 ea,
505 1195 613 1234 quae
651 1181 696 1222 in
727 1194 826 1235 agro
858 1182 1016 1222 Piceno
1046 1184 1160 1235 gesta
1190 1186 1331 1236 erant,
1380 1185 1558 1238 cognovi

16 1267 17 1271 ,
92 1239 376 1279 commodiora
415 1251 506 1279 esse
544 1240 695 1286 multo,
752 1252 877 1289 quam
914 1241 961 1279 ut
997 1243 1089 1279 erat
1124 1239 1248 1280 nobis
1293 1242 1557 1291 nuntiatum3

17 1302 18 1305 ’
91 1295 354 1347 Vibulliique
397 1296 598 1336 virtutem
637 1295 969 1346 industriamque
1011 1295 1200 1336 libenter
1234 1299 1414 1349 agnovi..
1470 1299 1558 1340 Nos

93 1351 231 1392 adhuc
268 1353 312 1392 in
353 1364 402 1392 ea
431 1364 529 1404 ora,
582 1351 657 1391 ubi
698 1352 933 1404 praepositi
963 1364 1130 1400 sumus,
1184 1353 1246 1393 ita
1276 1354 1455 1407 suimus,
1509 1358 1558 1396 ut

18 1414 20 1420 '
91 1421 239 1448 navem
278 1410 472 1459 paratam
513 1408 777 1450 haberemus.
849 1409 913 1448 Ea
958 1409 1070 1448 enim
1112 1409 1386 1451 audiebamus
1426 1413 1469 1452 et
1506 1425 1558 1453 ea

19 1456 20 1473 ³
90 1464 363 1517 verebamur,
405 1468 474 1513 ut,
521 1465 800 1517 quodcunqne
829 1468 874 1505 tu
904 1466 1126 1506 consilium
1154 1468 1464 1520 praecepisses,
1512 1469 1556 1509 id

22 1590 24 1627 ξ
183 1591 214 1623 1.
256 1590 294 1624 Q.
326 1589 463 1623 Fabius
494 1588 749 1632 virgilianus,
799 1589 945 1631 legatus
987 1588 1104 1633 Appii
1135 1589 1291 1625 Pulchri
1332 1592 1372 1626 in
1403 1592 1554 1640 Cilicia,

22 1635 24 1637 ’
89 1635 351 1679 Pompeianus.
405 1634 493 1670 vid.
529 1646 587 1680 ep.
614 1634 793 1676 CXCIX,
822 1636 855 1669 l.
901 1635 1071 1677 CXCIV,
1098 1637 1130 1669 l.
1160 1654 1205 1660 —
1251 1637 1322 1673 IV.
1346 1639 1402 1673 Id.
1428 1640 1554 1685 Febr„

89 1693 145 1715 am
182 1683 235 1715 10.
266 1682 444 1715 Februar.
490 1700 531 1704 —
586 1681 628 1715 L.
658 1679 844 1714 Vibullius
879 1680 1017 1721 Rufus,
1061 1681 1239 1725 Pompeii
1269 1684 1473 1721 familiaris.
1514 1687 1552 1722 S.

90 1740 150 1772 ep.
176 1728 381 1762 CXLVIII.
423 1727 628 1770 CCCXXI,
655 1728 688 1760 l.
738 1727 981 1768 CCCXXIV,
1010 1729 1040 1760 l.
1089 1728 1368 1774 CCCXLVIII,
1398 1733 1483 1767 Aul.
1510 1734 1551 1768 C.

26 1779 27 1823 {
90 1775 196 1809 Caes.
222 1774 267 1807 B.
295 1774 375 1808 Civ.
402 1775 435 1815 1,
463 1774 515 1807 15.
544 1792 588 1797 ——
635 1773 810 1814 adduxit,
855 1779 894 1805 ut
920 1773 1012 1815 scis,
1048 1773 1093 1806 ad
1117 1774 1325 1809 Domitium
1352 1789 1372 1810 e
1395 1778 1552 1821 Piceno,

26 1825 27 1831 ¹
89 1832 163 1863 quo
182 1821 315 1854 missus
330 1826 411 1853 erat
428 1831 449 1853 a
464 1830 535 1853 me.
552 1837 597 1844 —
622 1820 670 1852 ad
684 1829 739 1851 me
753 1819 825 1852 iter
838 1817 981 1861 habere,
1000 1819 1083 1853 dass
1102 1845 1109 1853 .
1127 1845 1135 1854 .
1154 1821 1488 1858 denRiickmarsch
1505 1835 1553 1860 zu

89 1867 158 1900 mir
183 1873 351 1900 antreten
377 1865 505 1899 wolle.
533 1883 575 1890 —-
627 1864 672 1898 V.
699 1865 757 1898 Id.
783 1865 890 1898 Febr.
907 1890 916 1908 ,
950 1864 1021 1898 den
1047 1866 1080 1899 9.
1102 1866 1283 1901 Februar.
1308 1887 1354 1893 —-
1404 1871 1443 1904 C.
1460 1871 1553 1905 Hir-

89 1924 152 1946 rus
185 1912 393 1951 Lucceius,
435 1911 473 1945 C.
513 1913 571 1951 R,
611 1909 886 1954 Pompeianus,
927 1922 1034 1954 quem
1067 1912 1203 1946 Caesar
1235 1913 1407 1949 Ulcillam
1441 1917 1550 1952 dixit.

21 1961 23 1963 '
87 1959 179 1995 Vid.
217 1970 273 2002 ep.
302 1956 473 1992 CLVIII.
518 1956 669 1991 CLXV.
709 1956 830 1998 CCII,
866 1957 897 1991 2.
937 1957 1081 2000 CCXI,
1114 1960 1144 1992 1.
1194 1959 1284 1993 Iede
1309 1961 1475 1997 Cohorte
1503 1974 1551 1998 zu

22 2016 25 2031 ⁶
86 2006 154 2040 420
180 2005 290 2038 Manu
316 2003 543 2047 gerechnet,
575 2003 745 2035 machten
770 2001 875 2035 diese
899 2003 1090 2037 Cohorten
1115 2004 1197 2038 drei
1223 2006 1440 2050 Legionen,
1470 2009 1550 2044 also

32 2070 33 2076 1
87 2051 153 2086 mit
179 2051 246 2084 der
260 2051 353 2083 dazu
371 2049 577 2093 geborigen
597 2048 764 2081 Reiterei
792 2049 900 2082 14000
914 2050 1024 2082 Manu
1050 2060 1127 2084 aus.
1175 2051 1247 2084 Μὴ
1272 2052 1412 2086 diesem
1427 2054 1551 2090 Heere

32 2092 36 2096 ’
86 2097 261 2132 meistens
292 2095 624 2139 Neugeworbener
663 2094 804 2127 konnte
836 2095 1039 2139 Pompeius
1081 2095 1228 2129 freilich
1266 2109 1386 2141 gegen
1419 2100 1552 2136 casm-s

86 2144 300 2179 Veteranen
326 2142 399 2176 und
425 2141 629 2175 zweisacbe
644 2140 963 2183 Ueberlegenheit
982 2142 1085 2175 nicht
1101 2142 1422 2180 Vielausrichten.
1458 2148 1548 2191 Vgl.

87 2199 133 2223 zu
167 2189 344 2222 tutissime
376 2199 433 2232 ep.
460 2187 708 2229 CCCXXIV,
742 2189 779 2219 1:
823 2187 934 2228 ,‚Tu,
976 2198 1132 2225 cense0‚
1171 2188 1365 2224 Luceriam
1400 2192 1547 2228 venias:

87 2245 266 2277 nusquam
300 2234 376 2268 eris
412 2233 562 2267 tutius.''
605 2233 710 2266 Eben
744 2243 876 2275 wegen
904 2232 1029 2267 dieser
1052 2233 1172 2267 Stelle
1197 2235 1233 2267 in
1259 2235 1379 2270 einem
1404 2239 1546 2283 Briefe,

38 2299 40 2302 v
87 2292 143 2315 am
169 2281 235 2315 IV.
256 2281 345 2313 Kal.
372 2280 461 2313 aber
486 2279 652 2313 Martias
676 2278 935 2323 geschrieben,
961 2279 1220 2313 verbesserten
1247 2281 1440 2317 vielleicht
1458 2285 1547 2322 Bos.

38 2331 39 2344 ¹
87 2328 219 2361 GraeV.
253 2326 342 2359 Ern.
375 2326 459 2360 Scb.
492 2326 583 2358 Liin.
618 2324 665 2357 im
691 2324 776 2359 Ans.
809 2324 933 2358 dieses
958 2325 1082 2358 Briess
1115 2325 1306 2361 Kalendas
1330 2330 1436 2363 Febr.
1462 2337 1548 2365 statt

39 2366 41 2389 ³
87 2372 371 2407 1V.1‹1.Febr.
410 2370 487 2405 Md.
522 2372 644 2405 Oxou.
679 2372 709 2404 1.
735 2371 769 2404 2.
814 2370 909 2403 Edd.
944 2376 1028 2404 ante
1059 2370 1170 2414 Bos.;
1210 2373 1299 2407 aber
1324 2375 1420 2408 ohne
1444 2376 1546 2411 Nom

86 2418 161 2453 und
185 2417 407 2450 Auctoritat.
454 2417 542 2450 Wie
571 2418 711 2450 konnte
736 2416 872 2450 Fabius
903 2426 958 2449 am
990 2417 1045 2451 29.
1064 2418 1198 2452 Ianuar
1222 2420 1417 2463 (ἐι-25111811,
1457 2423 1548 2457 VVas

86 2470 163 2499 erst
199 2474 254 2496 am
287 2463 319 2496 9.
345 2462 512 2495 Februar
542 2462 750 2505 geschehen
783 2462 918 2496 sollte?
971 2463 1011 2495 In
1044 2462 1163 2497 einem
1189 2465 1341 2499 solchen
1365 2466 1546 2511 Krieges-

87 2517 200 2546 sturm
227 2510 329 2542 ware
355 2507 413 2541 ein
440 2508 588 2541 solcher
611 2508 706 2541 Plan
731 2518 775 2542 zu
803 2510 885 2552 spat
910 2516 1134 2551 ausgesetzt.

177 2557 209 2589 1.
246 2554 333 2589 XV.
360 2554 518 2587 Kalend.
554 2554 694 2596 Mart„
733 2564 790 2587 am
824 2556 878 2588 15.
905 2555 1017 2588 Febr.
1069 2554 1107 2590 S.
1142 2567 1200 2599 ep.
1229 2556 1464 2593 CCCXXIV.
1501 2579 1543 2584 —

43 2601 47 2632 ἰ
88 2601 353 2641 commodiora,
393 2599 597 2643 giinstiger.
639 2617 682 2626 -
740 2610 845 2643 quam
882 2605 932 2634 ut.
978 2601 1127 2634 Ernest.
1167 2605 1205 2633 ut
1241 2610 1464 2646 suspectum.
1499 2625 1544 2631 —

43 2644 48 2648 ’
92 2645 260 2679 Vibullii.
295 2645 333 2680 S.
361 2645 506 2688 Anlage
531 2646 576 2679 Α.
602 2663 646 2669 —-
692 2645 774 2687 ubi,
806 2646 934 2680 Lamb.
962 2647 1032 2680 cui.
1077 2647 1221 2680 Rursus
1257 2647 1303 2681 de
1328 2649 1417 2683 Ern.
1443 2661 1542 2696 susp.

44 2696 45 2699 ’
87 2691 194 2725 SCH.
213 2710 255 2716 --
280 2694 602 2734 navemparatam.
629 2690 668 2724 S.
690 2692 1003 2735 ep.CCCXXVI,
1023 2693 1045 2726 6
1064 2692 1247 2725 amEnde.
1276 2694 1543 2742 CCCXXVII,

86 2738 120 2771 3.
147 2755 190 2761 -—
237 2738 430 2772 consilium
455 2737 502 2770 de
526 2737 613 2770 Ern.
640 2745 740 2780 susp.
767 2737 840 2771 del.
866 2737 952 2772 sch.
989 2737 1244 2772 Construitur:
1269 2741 1546 2788 „quodcunque

146 2795 214 2824 cic.
236 2798 347 2824 Briefe
370 2806 402 2824 v.
423 2795 563 2823 Billerb.
587 2797 629 2823 11.
1188 2800 1245 2838 26
