1795 3043
238 93 340 141 394
496 90 560 136 M.
597 91 652 135 Τ.
689 90 1031 139 CICERONIS
1066 91 1440 140 EPISTOLAE.

351 203 665 249 EPISTOLA
712 205 1017 250 CCCXXXII.
1077 205 1157 260 (ad
1204 206 1294 252 Att.
1342 207 1473 254 VIII.
1522 212 1593 267 9.)

391 268 659 303 801.Ἑο1111115
687 270 736 306 V.
765 270 850 305 Kal.
876 271 984 305 Mart.
1019 272 1064 306 A.
1094 272 1134 305 U.
1162 272 1202 306 C.
1229 273 1306 307 705.
1335 275 1382 315 (a.
1408 274 1446 308 C.
1476 274 1550 316 49.)

239 336 448 380 Epistolam
480 347 582 371 suam
615 338 660 372 ad
687 338 881 373 Caesarem
915 340 1089 386 scriptam
1115 340 1300 385 defendi23
1341 341 1514 386 Pompeii
1546 342 1703 377 consilia

269 382 534 428 1·cprehendit;
573 384 662 428 quid
677 385 818 419 Balbus
843 386 964 421 minor
989 398 1113 421 secum
1140 388 1286 422 locutus
1311 388 1382 432 sit,
1410 388 1527 423 maior
1551 394 1674 424 autem

697 432 912 477 scripserit,
947 434 1072 468 refert.
1118 435 1235 469 1—4.

732 501 922 537 CICERO
952 503 1144 538 ATTICO
1171 502 1211 538 S.

352 557 588 610 Epistulam
628 572 763 601 meam
807 562 917 612 quod
947 564 1236 615 pervulgatam
1268 561 1427 603 scribas
1458 574 1574 615 esse,
1615 574 1702 603 non

240 615 330 655 sero
371 616 560 658 moleste.
619 617 730 664 Quin
773 619 899 659 etiam
937 620 1029 670 ipse
1067 620 1209 659 multis
1240 620 1334 660 dedi
1366 618 1700 662 describendam.

240 672 304 712 Ea
333 673 443 712 enim
477 674 519 713 et
549 673 795 714 acciderunt
823 675 908 715 iam
937 679 979 716 et
1008 676 1271 728 impendent,
1314 678 1359 717 ut
1391 679 1586 717 testatum
1611 689 1700 717 esse

239 729 388 777 velim,
441 730 492 769 de
521 743 628 783 pace
657 731 759 782 quid
788 733 1005 773 senserim.
1067 733 1203 781 Quum
1233 735 1372 774 autem
1403 734 1453 775 ad
1484 747 1575 774 eam
1604 734 1699 773 1101·-

241 788 375 835 tarer,
417 800 512 827 eum
554 789 804 839 praesertim
843 790 1078 841 hominem,
1130 803 1214 830 non
1252 791 1426 831 videbar
1457 793 1545 831 ullo
1575 790 1699 831 modo

239 844 410 883 facilius
448 846 662 893 moturus,
715 858 840 897 quam
878 847 914 887 si
953 846 1019 899 id,
1073 847 1185 898 quod
1215 860 1311 887 eum
1339 849 1559 896 hortarer,
1601 860 1700 888 con·

239 900 386 941 venire
414 901 504 941 eius
534 903 769 954 sapientiae
800 903 999 945 dicerem.
1056 904 1164 945 Eam
1200 905 1235 945 si
1263 907 1564 946 admirabilem
1596 905 1699 957 dixi,

239 969 366 1008 quum
395 971 491 999 eum
518 958 571 999 ad
601 961 778 1000 salutem
807 962 971 1013 patriae
1001 961 1231 1008 hortabar,
1276 974 1361 1002 non
1400 975 1490 1001 sum
1522 963 1698 1010 veritus,

238 1027 292 1054 ne
333 1015 502 1056 viderer
538 1019 766 1068 assentari3
808 1020 879 1059 cui
910 1018 987 1059 tali
1015 1019 1059 1058 in
1089 1031 1136 1058 re
1164 1017 1361 1059 lubenter
1389 1031 1456 1058 me
1486 1017 1538 1059 ad
1569 1019 1696 1071 pedes

236 1071 497 1113 abiecissem.
562 1074 653 1122 Qua
693 1078 832 1116 autem
870 1078 958 1127 est,
1016 1078 1182 1130 aliquid
1221 1080 1441 1128 impertias
1479 1081 1695 1128 temporis,

239 1141 320 1168 non
354 1133 415 1169 est
444 1130 496 1171 de
525 1143 655 1183 pace,
700 1132 773 1172 sed
803 1133 854 1172 de
882 1145 947 1173 me
976 1132 1068 1183 ipso
1099 1135 1141 1172 et
1170 1131 1221 1172 de
1250 1145 1343 1173 meo
1374 1131 1516 1173 officio
1546 1135 1593 1173 ut
1623 1133 1701 1174 ali·

238 1186 338 1238 quid
360 1188 527 1240 cogitet.
587 1188 693 1228 Nam
714 1190 825 1240 quod
856 1188 1059 1230 testificor
1086 1202 1154 1229 me
1183 1191 1399 1242 expertem
1429 1189 1532 1230 belli
1555 1191 1697 1242 fuisse,

239 1244 316 1283 etsi
356 1244 398 1283 id
438 1257 485 1284 re
519 1249 788 1296 perspectum
818 1250 909 1299 est,
959 1249 1099 1287 tamen
1129 1259 1178 1286 eo
1208 1247 1386 1298 scripsi,
1422 1259 1504 1297 quo
1533 1248 1577 1287 in
1607 1261 1698 1287 sua-

239 1300 374 1340 dendo
402 1302 500 1352 plus
529 1303 795 1343 auctoritatis
824 1304 1046 1352 haberem3
1091 1302 1318 1353 eodemque
1347 1305 1552 1354 pertinet,
1584 1303 1697 1355 quod

187 1362 215 1402 2
239 1370 405 1398 causam
435 1358 526 1399 eius
556 1359 704 1410 probo.
764 1361 845 1401 Sed
876 1360 977 1413 quid
1005 1361 1112 1400 haec
1138 1360 1279 1401 nuuc?
1339 1361 1507 1400 Utinam
1533 1361 1695 1412 aliquid

240 1415 477 1467 profectum
508 1417 634 1457 esset!
694 1430 776 1457 nae
805 1430 881 1470 ego
911 1419 1011 1459 istas
1041 1418 1186 1457 literas
1217 1417 1258 1457 in
1288 1418 1492 1458 concione
1522 1418 1696 1458 recitari

240 1472 393 1522 veli1n3
452 1474 486 1513 si
518 1474 687 1525 quidem
716 1475 791 1514 ille
819 1476 909 1528 ipse
939 1475 992 1516 ad
1022 1474 1200 1514 eundem
1229 1475 1420 1515 scribens
1450 1476 1492 1514 in
1523 1474 1695 1527 publico

239 1530 456 1582 proposuit
485 1532 706 1583 epistolam
736 1533 873 1583 illam,
903 1533 949 1573 in
977 1545 1060 1584 qua
1090 1533 1175 1581 est,
1203 1548 1282 1583 pro
1313 1536 1396 1572 tuis
1419 1533 1541 1573 rebus
1564 1537 1695 1587 gestis

239 1591 509 1639 amplissimis
522 1605 535 1627 .·
586 1589 943 1640 amplioribusne‚
991 1601 1119 1640 quam
1149 1591 1256 1636 suis,
1304 1602 1432 1640 quam
1475 1588 1695 1631 Africani?

238 1645 302 1685 lta
339 1647 566 1698 tempestas
607 1645 784 1687 ferebat.
844 1647 891 1688 Si
933 1646 1102 1698 quidem
1142 1647 1268 1687 etiam
1298 1660 1370 1688 vos
1399 1647 1480 1687 duo
1511 1649 1617 1687 tales
1646 1646 1698 1686 ad

330 1749 360 1781 1.
397 1723 597 1792 Epistolam
628 1759 744 1781 meam
777 1747 829 1782 'ad
865 1748 1059 1783 Caesarem
1096 1747 1143 1781 de
1180 1757 1273 1791 pace
1308 1746 1496 1790 scriptam.
1552 1745 1592 1780 S.
1637 1758 1697 1791 ep.

238 1793 465 1837 CCCXXV,
492 1797 524 1829 1.
549 1814 593 1820 —
627 1796 799 1838 pervulg.
907 1805 1001 1834 esse,
1029 1794 1114 1828 dass
1142 1819 1150 1826 .
1169 1819 1198 1826 ..
1227 1793 1264 1826 in
1284 1792 1526 1826 ledermanns
1541 1793 1698 1827 Handen

238 1839 305 1873 sei.
339 1859 380 1865 —
428 1845 597 1875 testatum
622 1852 718 1883 esse,
761 1842 845 1875 dass
869 1842 1089 1876 Iedermann
1126 1840 1250 1873 wisse.
1276 1858 1319 1863 —
1366 1840 1460 1882 quod
1484 1850 1564 1871 eum
1587 1838 1699 1881 hort„

238 1882 343 1919 fvozn
370 1887 429 1920 ich
455 1888 517 1921 11111
543 1897 589 1921 zu
614 1888 792 1931 bewegen
817 1888 957 1922 suchte.
991 1886 1028 1922 S.
1054 1886 1205 1920 Rainsh.
1232 1886 1260 1928 ἕ.
1281 1887 1361 1926 131,
1387 1886 1473 1919 Not.
1491 1886 1524 1919 2.
1551 1885 1698 1919 Grotef.

238 1933 266 1975 ἕ.
288 1932 367 1966 222.
394 1952 438 1958 -
479 1934 540 1967 cui
563 1945 608 1965 Ξ
632 1943 743 1977 quum
771 1933 805 1968 ei
832 1935 890 1968 vel
918 1934 999 1968 eius
1026 1958 1034 1966 .
1052 1958 1060 1966 .
1077 1959 1085 1967 .
1112 1932 1342 1974 abiecissent,
1377 1931 1423 1965 da
1447 1932 1507 1966 ich
1531 1932 1590 1965 fiir
1615 1931 1699 1966 eine

238 1979 367 2013 solche
392 1978 513 2014 Sache
545 1979 642 2014 mich
673 1980 748 2014 ihm
782 1991 894 2024 sogar
926 1991 971 2014 zu
996 1981 1137 2014 Fiissen
1171 1979 1271 2012 hatte
1303 1980 1443 2011 werten
1475 1981 1622 2022 mogen.
1655 1997 1699 2004 —-

237 2036 307 2068 qua
342 2029 460 2059 aulem
492 2031 564 2069 est,
604 2038 677 2072 qua
702 2033 806 2071 parte
831 2037 859 2060 s.
888 2038 961 2071 quo
986 2027 1071 2060 loco
1105 2024 1288 2070 epistolae
1313 2036 1415 2058 meae
1441 2030 1496 2058 est
1520 2030 1591 2058 cet.
1640 2026 1698 2059 An

238 2071 306 2104 der
331 2071 450 2106 Stelle
481 2074 589 2112 aber,
636 2084 696 2107 wo
729 2073 786 2107 ich
821 2073 884 2106 11111
923 2084 1032 2116 „nur
1064 2083 1129 2105 um
1163 2077 1304 2105 etwas
1338 2070 1466 2104 Zeit”
1501 2071 1615 2113 bitte,
1650 2070 1699 2105 ist

239 2117 340 2151 nicht
374 2130 454 2152 vom
482 2120 641 2154 Frieden
678 2119 740 2153 die
766 2119 890 2161 Rede,
925 2119 1088 2153 sondern
1115 2118 1255 2158 damn,
1286 2116 1371 2150 dass
1398 2127 1440 2149 er
1463 2127 1507 2150 an
1536 2128 1570 2150 u.
1596 2127 1623 2151 s.
1651 2129 1696 2152 w.
1750 2154 1753 2157 ,

239 2183 283 2189 --
307 2165 351 2198 de
363 2176 440 2197 meo
460 2167 594 2209 officio,
619 2177 662 2200 an
682 2166 779 2200 mein
795 2166 1053 2210 personliches
1066 2163 1303 2199 Verhaltniss
1329 2173 1410 2195 zum
1422 2162 1636 2207 Pompeius.
1654 2183 1699 2188 —

239 2221 289 2253 re,
316 2222 381 2245 aus
406 2212 473 2245 der
491 2213 601 2257 That,
628 2212 915 2255 Wirklichkeit,
941 2223 1005 2246 aus
1031 2210 1188 2245 meinem
1204 2209 1405 2252 Betragen.
1439 2208 1477 2243 S.
1499 2210 1650 2254 ep.331,
1678 2211 1697 2244 1

237 2269 294 2290 am
328 2257 454 2300 Ende,
493 2259 585 2301 326,
616 2262 639 2295 3
666 2270 699 2294 11.
724 2261 758 2294 5.
798 2278 839 2284 —
894 2271 936 2293 eo
1048 2268 1115 2301 quo
1147 2268 1194 2289 =
1226 2255 1446 2298 desswegen
1473 2282 1480 2290 .
1504 2281 1512 2289 .
1536 2281 1544 2288 .
1572 2255 1698 2290 damit.

239 2303 277 2338 S.
304 2304 453 2338 Ramsh.
488 2307 517 2349 §.
543 2306 628 2347 192,
653 2308 687 2341 3.
730 2307 816 2348 193,
844 2306 876 2339 1.
914 2325 959 2332 —
1006 2303 1099 2348 quod
1130 2312 1226 2352 σαμε.
1253 2311 1280 2352 e..
1308 2301 1447 2353 probo,
1491 2301 1590 2345 quod
1616 2313 1699 2336 eum

238 2350 335 2384 haud
359 2350 487 2393 iniqua
511 2352 703 2396 postulare
727 2352 916 2395 concessi,
950 2351 1034 2385 dass
1058 2349 1119 2383 ich
1145 2348 1206 2380 dle
1230 2347 1432 2391 Billigkeit
1456 2349 1582 2382 seiner
1604 2349 1700 2383 For-

237 2397 383 2442 derung
407 2396 481 2431 ihm
505 2398 754 2441 zugestanden
781 2399 888 2433 habe.
920 2397 1007 2440 Vgl.
1033 2406 1090 2439 ep.
1111 2394 1334 2436 CCCXXV,
1362 2394 1395 2427 2.

329 2444 363 2477 2.
396 2444 468 2478 Sed
496 2445 582 2488 quid
613 2444 699 2479 haec
732 2456 846 2487 nunc,
890 2444 986 2478 doch
1012 2452 1120 2476 wozu
1146 2440 1223 2474 Das
1239 2440 1362 2492 ⁴ietztl
1399 2459 1445 2466 —-
1498 2441 1701 2492 profectum
1765 2476 1766 2481 Ἰ

240 2494 329 2523 esset
362 2490 483 2524 literis
515 2490 619 2525 meis.
654 2509 696 2515 —
744 2492 785 2524 in
816 2501 913 2525 conc.
946 2487 1091 2534 populi.
1122 2505 1166 2512 —
1211 2497 1243 2519 ει
1269 2487 1412 2530 quidem
1435 2499 1480 2519 =
1504 2487 1551 2520 da
1575 2497 1621 2520 13,
1655 2504 1701 2511 -

239 2537 304 2569 ille
335 2536 433 2580 ipse,
476 2537 691 2582 Pompeius.
728 2556 772 2564 —-
827 2537 876 2570 ad
911 2536 1080 2578 eundem,
1124 2533 1333 2568 Caesarem.
1370 2551 1411 2584 ῖ-
1460 2533 1497 2566 in
1529 2544 1597 2577 qua
1633 2538 1699 2575 est,

240 2582 358 2617 worin
403 2583 471 2617 der
508 2583 706 2618 Ausdruck
741 2608 750 2618 .
775 2608 815 2619 ..
852 2582 1073 2617 vorkommt.
1116 2598 1159 2604 —
1212 2590 1280 2622 pro
1325 2583 1398 2612 [ms
1439 2585 1510 2612 cet.
1560 2577 1598 2613 S.
1639 2589 1698 2622 ep.

241 2629 485 2672 CCCXXIII,
512 2631 546 2664 2.
571 2650 616 2656 -
663 2628 858 2672 Africani,
893 2626 1096 2672 Scipionis,
1122 2644 1167 2650 —
1208 2629 1416 2669 tempestas,
1454 2624 1514 2658 die
1535 2624 1700 2658 Zeitum-

242 2676 384 2710 mande.
426 2675 490 2711 Sic
514 2677 600 2711 Bos.
627 2676 750 2710 tacite.
777 2675 891 2719 chq.
926 2679 1061 2718 tempus
1101 2671 1177 2706 Md.
1203 2673 1327 2706 Oxon.
1354 2673 1385 2706 1.
1410 2671 1444 2705 2.
1486 2670 1583 2726 Edd.
1615 2678 1699 2704 ante

242 2722 350 2764 Bos„
382 2722 491 2756 etiam
516 2723 645 2757 Lamb.
673 2723 744 2756 ΟΕ.
774 2741 813 2746 -
856 2731 919 2754 vos
943 2725 1003 2754 tuo
1030 2719 1139 2762 tales,
1174 2729 1241 2751 vos
1266 2718 1358 2756 duo,
1395 2724 1431 2752 tu
1458 2723 1494 2750 et
1520 2721 1608 2751 Sex.
1626 2717 1699 2751 Pe-

243 2768 426 2813 ducaeus,
471 2769 562 2805 tanti
594 2768 807 2816 splendoris
844 2767 957 2804 cives.
993 2766 1100 2801 SCH.
1149 2764 1274 2799 Ueber
1316 2764 1385 2799 den
1427 2763 1586 2799 Senator
1627 2763 1699 2798 und
