1795 3043
567 82 879 131 EPISTOLA
940 84 1165 131 cccvii.
1498 91 1600 139 349

135 195 252 239 aliud
289 196 421 246 nihil,
457 197 539 237 hoc
577 197 717 237 tamen
757 196 961 248 profecit:
1003 196 1120 238 dedit
1156 195 1224 238 illi
1252 195 1454 238 dolorem.
1515 199 1599 240 Sed

134 255 265 296 etiam
293 254 346 296 ad
374 266 575 295 summam
601 254 838 306 profectum
876 253 1038 304 aliquid
1066 255 1182 306 puto.
1240 252 1347 295 Amo
1377 256 1503 296 etiam
1532 255 1601 297 Pi-

135 323 299 353 sonem:
339 312 458 352 cuius
494 310 701 351 iudicium
729 309 781 350 de
809 321 965 363 genero
994 312 1185 362 suspicor
1211 311 1345 352 visum
1372 312 1429 353 iri
1457 325 1599 366 grave.

135 369 417 420 Quamquam,
446 380 575 421 genus
605 367 707 408 belli
737 367 851 418 quod
880 367 958 414 sit,
989 367 1119 408 vides.
1178 368 1243 409 Ita
1278 369 1404 409 civile
1433 371 1523 422 est,
1551 370 1602 410 ut

135 438 219 467 non
250 438 302 467 ex
332 426 490 467 civium
519 425 789 472 dissensione,
820 423 893 463 sed
923 436 975 464 ex
1004 423 1128 463 unius
1155 424 1312 475 perditi
1341 426 1447 466 civis
1475 426 1601 467 auda-

135 483 205 523 cia
232 484 374 523 natum
403 483 470 524 sit.
538 481 580 521 Is
616 483 758 522 autem
794 482 908 521 valet
948 482 1164 530 exercitu3
1200 483 1316 522 tenet
1343 485 1497 524 multos
1525 495 1601 536 spe

135 541 179 580 et
206 539 444 592 promissis3
474 538 614 578 omnia
643 538 830 578 omnium
857 537 1115 590 concupivit.
1172 537 1285 578 Huic
1316 539 1470 580 tradita
1498 540 1600 581 urbs

136 598 223 648 est,
253 596 366 636 nuda
392 594 622 648 praesidio,
661 596 818 635 referta
847 594 994 646 copiis.
1056 593 1167 642 Quid
1196 596 1279 646 est,
1320 597 1431 647 quod
1462 595 1514 637 ab
1549 609 1601 637 eo

136 665 222 693 non
253 655 428 704 metuas,
457 652 531 703 qui
561 652 639 692 illa
668 653 827 704 templa
848 653 891 691 et
919 653 1034 692 tecta
1053 663 1137 692 non
1154 652 1349 704 patriam,
1379 653 1452 693 sed
1480 665 1602 706 prae-

137 710 232 750 dam
261 710 415 762 putet?
472 709 580 757 Quid
611 711 751 749 autem
780 708 834 748 sit
863 710 1034 749 acturus
1054 711 1126 749 aut
1155 720 1239 760 quo
1271 709 1409 757 modo,
1441 710 1602 761 nescio,

135 766 228 806 sine
257 768 426 813 senatu,
470 765 562 805 siue
591 766 854 819 magistratu.
911 765 974 805 Ne
1003 766 1200 806 simulare
1240 765 1409 817 quidem
1445 767 1604 818 poterit

136 823 365 874 quidquam
392 823 615 864 πολιτικῶς.
690 823 776 864 Nos
817 823 957 863 autem
996 823 1069 862 ubi
1107 835 1331 875 exsurgere
1369 824 1608 875 poterimus

136 882 210 920 aut
239 879 438 931 quando?
497 880 686 928 Quorum
716 881 801 921 dux
829 892 956 931 quam
985 877 1303 932 ἁστρατήγητος,
1342 882 1389 920 tu
1432 893 1602 933 quoque

136 937 463 985 animadvertis3
514 937 584 976 cui
623 950 677 977 ne
713 937 871 977 Picena
909 936 1079 987 quidem
1119 939 1220 977 nota
1247 937 1427 979 fuerint:
1473 950 1602 989 quam

136 995 276 1033 autem
304 995 394 1033 sine
424 995 622 1046 consilio,
668 1006 735 1034 res
765 993 897 1034 testis.
967 994 1024 1033 Ut
1054 993 1167 1032 enim
1196 993 1284 1033 alia
1312 994 1501 1034 omittam
1530 994 1603 1034 deu

136 1062 227 1090 cem
258 1062 463 1090 annorum
492 1053 692 1103 peccata,
721 1063 830 1101 quae
867 1049 1052 1090 conditio
1082 1062 1165 1089 non
1196 1050 1297 1090 huic
1327 1052 1451 1102 fugae
1479 1063 1602 1103 prae-

135 1128 215 1162 Das
256 1139 424 1172 pronom.
462 1127 528 1160 hoc
559 1127 691 1161 weiset
727 1128 791 1162 auf
818 1128 889 1161 den
921 1126 1122 1170 folgenden
1157 1126 1258 1161 Satz.
1291 1146 1336 1152 -—
1395 1128 1443 1161 ad
1469 1139 1599 1162 summ.

130 1175 231 1218 prof.
258 1174 418 1218 aliquid,
452 1173 516 1207 das
548 1173 675 1208 Ganze
700 1174 768 1208 der
804 1173 1446 1218 Pompeianischrepublicanischen
1468 1174 1602 1209 Partei

134 1222 198 1254 hat
221 1220 350 1253 Etwas
376 1220 493 1253 durch
519 1220 647 1254 diesen
674 1219 816 1255 Scin-itt
840 1220 906 1254 des
942 1219 1129 1253 Labienus
1153 1230 1374 1263 gewonnen.
1401 1239 1443 1245 —
1492 1220 1603 1255 Piso-

135 1277 215 1299 nem
241 1265 346 1300 illum
370 1265 520 1300 Gabinii
545 1266 708 1300 consulis
734 1267 916 1310 collegam
943 1265 1144 1308 quondam,
1170 1265 1232 1308 qui
1258 1271 1333 1299 tum
1358 1276 1509 1309 censor,
1535 1267 1603 1301 ad·-

136 1318 312 1346 ventante
336 1313 514 1354 Caesare,
539 1313 666 1345 urbem
691 1312 832 1356 pariter
855 1311 1059 1354 reliquerat
1085 1322 1203 1354 eaque
1223 1322 1264 1346 re
1289 1312 1502 1346 ostenderat
1526 1313 1601 1349 sibi

138 1358 323 1400 Caesaris,
348 1358 452 1391 cuius
470 1368 577 1391 socer
603 1363 695 1399 erat,
721 1367 865 1391 causam
890 1357 1111 1401 improbari3
1138 1358 1239 1400 quod
1263 1358 1400 1391 dicitur
1422 1359 1603 1393 iudicium

137 1405 181 1438 de
215 1415 369 1446 genero,
413 1410 448 1437 et
487 1403 636 1446 quidem
672 1414 801 1444 grave,
856 1404 1089 1437 ERNESTI.
1140 1403 1178 1438 S.
1212 1415 1270 1448 ep.
1291 1404 1461 1448 CCCVI‚
1485 1406 1519 1439 2.
1556 1422 1602 1431 ·-

139 1451 362 1494 Quamquam
385 1461 429 1482 Ξ
452 1449 693 1492 gleicliwohl.
718 1468 762 1474 ——
808 1450 947 1483 tradita
971 1460 1012 1482 so
1038 1455 1104 1493 gut
1124 1450 1178 1484 als
1195 1450 1422 1485 iiberlassen.
1448 1469 1493 1476 --
1540 1463 1604 1486 co-

133 1497 225 1540 piis,
252 1496 318 1529 mit
342 1495 478 1538 Allem,
503 1506 579 1529 was
605 1505 672 1529 zur
690 1495 869 1539 Fiihrung
894 1495 995 1529 eines
1006 1495 1167 1539 Krieges
1192 1495 1323 1539 nothig
1347 1496 1406 1530 ist.
1431 1515 1477 1522 —
1522 1499 1603 1531 sine

138 1546 283 1585 senatu,
314 1542 392 1574 sine
416 1551 514 1582 mag.
553 1541 650 1574 denn
677 1541 781 1574 diese
806 1541 931 1575 hatten
958 1541 1018 1574 die
1044 1541 1151 1575 Stadt
1175 1542 1380 1576 verlassen.
1405 1561 1450 1568 —
1498 1545 1603 1579 πολι-

136 1592 259 1631 τικῶς,
291 1587 555 1620 convenienter
585 1587 849 1630 reipublicae,
889 1598 958 1630 „er
991 1587 1089 1621 wird
1113 1587 1192 1621 sich
1216 1587 1320 1621 nicht
1344 1588 1504 1622 einmahl
1529 1590 1602 1623 den

139 1634 277 1669 Schein
302 1633 423 1676 geben
446 1633 617 1675 konnen,
642 1633 696 1666 als
722 1633 867 1666 hand'le
895 1644 937 1667 er
958 1635 1209 1677 staatgemass.
1235 1652 1279 1658 —
1327 1635 1414 1679 dux,
1440 1636 1605 1680 Pompe-

139 1679 207 1714 ius.
239 1698 283 1705 -—
329 1690 436 1722 quam
467 1679 667 1725 densarat„
700 1679 851 1722 ignarus
886 1680 975 1713 artis
1009 1679 1292 1725 imperatoriae,
1325 1680 1392 1721 sit,
1425 1681 1471 1715 da
1506 1682 1604 1716 auch

137 1726 211 1760 Dir
243 1724 347 1759 nicht
378 1725 548 1768 entgeht‚
587 1724 659 1758 wie
690 1725 757 1759 der
788 1725 1056 1769 strategischen
1088 1726 1210 1760 Kunst
1241 1726 1443 1761 diessmahl
1466 1738 1508 1762 so
1535 1738 1606 1762 un-

137 1771 280 1815 kundig
305 1771 419 1805 deren
442 1771 631 1804 Ansuhrer
655 1771 734 1805 sich
759 1772 948 1807 benehme.
974 1791 1019 1799 —-
1065 1772 1125 1806 cui
1146 1785 1193 1806 =
1217 1772 1357 1817 quippe
1382 1773 1462 1816 cui,
1489 1785 1603 1816 quum

139 1818 185 1852 ei.
213 1837 257 1842 -—
303 1828 346 1850 ne
369 1817 504 1851 Picena
528 1818 669 1861 quidem
694 1817 835 1851 erklart
859 1818 1049 1852 Ernesti:''
1081 1818 1140 1852 cui
1175 1829 1220 1853 ne
1244 1819 1425 1853 Picenum
1451 1820 1602 1863 quidem

140 1864 190 1898 ita
214 1863 402 1906 cognitum
427 1863 520 1905 fuit,
546 1874 655 1905 quum
681 1870 779 1897 esset
803 1864 892 1898 satis
917 1864 1078 1898 vicinum
1104 1864 1200 1907 sibi,
1228 1871 1267 1898 ut
1292 1865 1536 1910 intelligeret,
1562 1866 1603 1901 id

139 1909 313 1954 inprimis
336 1909 510 1942 idoneum
537 1920 616 1942 esse
642 1910 688 1942 ad
714 1910 906 1944 Caesarem
931 1911 976 1944 ab
1003 1911 1095 1945 urbe
1120 1913 1336 1955 arcendum,
1364 1917 1402 1945 et
1426 1913 1464 1946 id
1490 1924 1603 1947 occu-

139 1962 247 2001 paret
262 1962 298 1989 et
323 1965 363 1988 se
377 1954 526 1989 Caesari
550 1955 762 1990 advenienti
780 1964 1000 2001 opponeret.
1048 1957 1174 1991 Allein
1195 1957 1304 1991 dat'iir
1326 1968 1404 1991 war
1429 1959 1465 1993 ia
1488 1959 1601 2003 doch,

138 2002 295 2036 obwohl
329 2000 430 2034 nicht
464 2001 726 2044 hinreichend,
764 2008 930 2046 gesorgt.
987 2002 1026 2037 S.
1060 2014 1105 2037 zu
1137 2015 1195 2047 ep.
1214 2003 1350 2047 CCCI,
1382 2006 1416 2040 3.
1472 2005 1604 2040 Daher

141 2047 264 2082 Orelli
296 2047 529 2081 vortrefflich
564 2047 753 2081 bemerkt:
788 2059 854 2092 quo
887 2050 927 2082 in
951 2049 1098 2093 epz‘cena
1134 2049 1238 2084 Mdd.
1265 2049 1378 2092 (Hinc
1402 2050 1494 2085 Cdd.
1521 2052 1603 2086 Ma-

138 2094 253 2140 lasp.:
279 2105 325 2127 =
348 2094 434 2136 quoi
458 2104 500 2126 ηε
523 2092 684 2135 Picena.)
744 2092 819 2129 Sed
844 2105 1021 2139 perquam
1047 2095 1141 2128 mira
1164 2096 1316 2139 vulgata
1339 2096 1471 2131 lectio:
1503 2108 1602 2143 nam,

139 2147 181 2174 ut
205 2139 408 2182 concedas,
443 2140 577 2173 Picena
602 2139 676 2173 dici
701 2151 813 2185 posse
837 2151 906 2186 pro
932 2141 1086 2184 Piceno,
1119 2141 1219 2184 quod
1244 2141 1364 2186 ipsum
1396 2143 1602 2178 inauditum

140 2192 217 2229 est,
254 2186 438 2229 quomodo
463 2186 534 2219 hoc
559 2186 678 2230 ipsum
704 2186 749 2220 de
774 2186 956 2231 Pompeio
982 2187 1140 2230 cogitari
1172 2193 1298 2231 potest
1321 2189 1458 2223 nullam
1483 2190 1519 2224 ei
1543 2191 1602 2224 fu-

140 2232 216 2266 isse
252 2232 384 2268 Piceni
424 2232 591 2265 notitiam
633 2233 942 2277 geographicam'}
982 2233 1117 2267 Fuitne
1149 2235 1209 2267 cui
1233 2245 1276 2267 ne
1305 2234 1355 2269 τά
1387 2237 1603 2271 ἐπίκοινα

141 2278 308 2322 quidem?
344 2278 369 2311 i.
394 2289 424 2312 e.
460 2289 520 2312 res
553 2279 807 2323 promiscuae,
850 2280 1045 2322 utriusque
1074 2279 1192 2324 partis
1224 2285 1261 2314 et
1296 2281 1539 2316 Caesarianae
1564 2288 1603 2316 et

142 2334 231 2358 suae
255 2335 364 2358 verus
390 2330 506 2358 status
531 2330 568 2357 et
594 2325 778 2368 conditio,
805 2330 844 2358 ut
868 2326 934 2369 Ep.
960 2326 1024 2367 21,
1049 2325 1128 2367 §.2
1155 2325 1190 2359 ei
1216 2327 1422 2370 exprobrat
1445 2327 1604 2369 ignora-

142 2371 276 2403 tionem
300 2381 371 2403 non
394 2371 511 2403 solum
535 2371 755 2413 adversarii,
781 2373 843 2404 sed
855 2372 963 2405 etiam
987 2382 1136 2405 suarum
1151 2373 1351 2416 copiarum.
1402 2373 1602 2409 ORELLI.

142 2415 333 2449 Wirklich
359 2416 615 2450 iibcrschiitzte
648 2417 850 2461 Pompeius
885 2418 987 2451 seine
1021 2417 1365 2453 Volksbeliebtheit
1390 2419 1464 2452 und
1491 2419 1602 2455 Viel-

141 2461 438 2504 vermogenheit:
478 2463 570 2495 auch
608 2470 805 2497 erwartete
843 2474 884 2497 er
916 2464 1031 2498 solch'
1072 2463 1154 2498 eine
1186 2464 1342 2498 audacia
1372 2475 1445 2497 von
1486 2465 1604 2500 Casar

141 2508 257 2542 nicht.
285 2527 330 2532 -—
374 2508 451 2540 sine
482 2509 634 2542 consilio
665 2521 710 2543 z
741 2509 898 2543 consilio
932 2509 1128 2544 destitutus
1153 2510 1212 2544 sit.
1241 2529 1284 2535 —
1327 2513 1478 2553 peccata
1502 2512 1602 2555 poli-

144 2555 217 2588 tica
241 2553 412 2597 Pompeii
439 2553 522 2587 inde
547 2555 592 2588 ab
616 2566 660 2588 eo
687 2562 873 2600 tempore,
905 2568 978 2599 quo
1011 2566 1052 2590 se
1084 2567 1165 2589 cum
1199 2557 1357 2591 Caesare
1393 2556 1600 2601 coniunxit,

143 2600 209 2643 qui
234 2600 338 2633 fuere
363 2599 488 2633 decem
515 2600 611 2634 anni.
658 2602 774 2636 ERN.
799 2621 844 2627 —
891 2614 980 2646 quae
1015 2602 1175 2635 conditio
1213 2600 1453 2644 (Vergleich)
1484 2602 1552 2638 int.
1578 2615 1601 2638 a

143 2647 302 2680 Caesare
329 2645 521 2689 proposita
543 2647 725 2698 Pompeio
750 2648 852 2692 pacis
886 2648 1160 2682 conservandae
1184 2657 1304 2682 causa.
1352 2647 1491 2683 Melius
1515 2649 1599 2690 suit,

144 2703 287 2772 {minem
312 2691 561 2771 configilernem
585 2703 774 2737 accipere,
801 2694 966 2738 quamvis
991 2695 1141 2734 duram,
1177 2703 1285 2736 quam
1311 2693 1440 2729 urbem
1464 2694 1516 2730 ita
1538 2706 1600 2731 re·

160 2748 327 2782 inquere.
481 2761 490 2770 .
