1795 3043
12 615 30 624 7
12 403 25 601 *fid-*nn-ss-»u
17 381 22 386 .
14 336 24 361 ,η
20 317 25 321 ,

540 76 855 127 EPISTOLA
898 78 1078 131 ecch.
1442 89 1542 137 453

78 194 164 236 Coo
193 193 247 235 ad
275 190 619 235 intercludendos
647 192 903 236 commeatus
932 192 1085 236 Italiae
1122 194 1164 235 et
1193 194 1246 235 ad
1275 195 1541 248 occupandas

73 251 374 292 frumentarias
390 250 633 304 provincias
652 251 935 302 comparatur.
994 251 1051 291 At
1073 263 1198 303 quam
1222 253 1370 293 veniet*
1381 252 1536 294 iratus!

75 309 118 348 et
154 307 209 348 iis
247 308 415 359 quidem
452 308 660 356 maxime,
703 306 777 359 qui
806 318 898 347 eam
926 307 1108 348 maxime
1138 309 1295 350 salvam
1324 309 1537 360 volebant,

73 365 193 416 quasi
221 365 398 405 relictus
428 363 482 406 ab
512 364 593 413 iis,
624 376 731 416 quos
760 363 950 415 reliquit.
1006 365 1156 416 Itaque
1180 366 1285 406 mihi
1309 366 1538 416 dubitanti,

74 422 177 473 quid
205 434 272 462 me
300 423 443 462 facere
471 434 549 474 par
579 422 656 474 sit,
694 433 969 474 permaguum
996 422 1162 474 pondus
1197 421 1321 463 affert
1357 423 1538 464 benevo-

71 478 206 519 lentia
235 490 334 531 erga
362 480 510 526 illum3
539 490 624 529 qua
645 478 812 529 dempta
839 477 982 530 perire
1011 479 1163 519 melius
1191 481 1300 519 esset
1328 480 1372 520 in
1397 480 1538 533 patria

72 547 199 586 quam
227 535 410 588 patriam
437 535 642 577 servando
679 535 885 578 evertere.
941 534 1006 576 De
1036 536 1369 588 Septemtrione‚
1411 538 1538 588 plane

71 592 134 632 ita
176 595 255 634 est.
312 592 485 641 Metuo,
521 604 575 632 ne
613 593 792 633 vexetur
818 591 988 644 Epirus.
1047 593 1131 634 Sed
1169 605 1293 644 quem
1321 594 1367 633 tu
1396 594 1538 635 locum

7 664 9 667 ’
74 649 284 690 Graeciae
312 661 398 689 non
419 649 630 701 direptum
658 649 714 688 iri
737 649 893 700 putas?
949 650 1176 690 Praedicat
1194 650 1305 690 enim
1323 651 1464 702 palam
1494 652 1537 690 et

16 737 17 740 η
71 706 280 746 militibus
311 705 492 746 ostendit
519 717 565 745 se
591 705 818 758 largitione
855 706 950 758 ipsa
979 707 1238 759 superiorem
1267 720 1391 758 quam
1420 708 1536 748 hunc

68 763 174 803 fore.
233 763 346 803 Illud
374 775 442 803 me
468 764 690 814 praeclare
719 762 941 815 admones,
970 776 1098 815 quum
1125 764 1247 805 illum
1275 764 1442 812 videro,
1479 776 1535 804 ne

70 819 198 861 nimis
218 819 508 871 indulgenter,
539 822 581 859 et
598 821 646 859 ut
666 831 761 860 cum
782 821 991 872 gravitate
1018 821 1159 873 potius
1187 823 1352 873 loquar.
1400 822 1534 862 Plane

69 876 132 917 sic
170 876 425 918 faciendum.
483 876 718 930 Arpinum,
765 889 893 929 quum
931 890 1027 917 eum
1070 891 1329 928 convenero,
1378 879 1532 930 cogito,

69 945 125 973 ne
153 935 262 974 forte
291 935 364 973 aut
392 932 528 974 absim
546 963 559 982 ‚
610 944 741 985 quum
774 935 947 983 veniet,
1003 935 1076 975 aut
1117 948 1282 975 cursem
1312 937 1399 975 huc
1428 936 1534 975 illuc

67 990 138 1032 via
167 990 403 1032 deterrima.
460 989 675 1039 Bibulum,
707 993 756 1031 ut
776 991 943 1043 scribis,
972 991 1097 1032 audio
1126 993 1289 1035 venisse
1313 993 1355 1032 et
1374 992 1535 1032 redisse

98 1047 207 1088 ridie
236 1047 347 1088 Idus.
404 1047 704 1098 Philotimum,
748 1049 796 1087 ut
834 1049 896 1087 ais
926 1049 1105 1100 epistola
1133 1049 1282 1101 tertia,
1318 1050 1533 1100 exspecta·
1555 1048 1583 1088 3

99 1118 158 1147 as,
216 1105 273 1146 At
300 1105 377 1144 ille
405 1104 512 1143 ldib.
543 1118 569 1143 a
596 1116 664 1143 me
692 1105 909 1156 profectus
937 1105 1014 1146 est.
1073 1104 1138 1145 Eo
1167 1105 1300 1145 serius
1336 1104 1390 1145 ad
1418 1105 1537 1145 tuam

66 1162 188 1203 illam
218 1162 465 1213 epistolam,
497 1160 568 1201 cui
599 1172 674 1213 ego
701 1161 843 1201 statim
870 1161 1193 1214 rescripseram,
1223 1160 1417 1202 redditae
1436 1162 1536 1202 sunt

0 1228 4 1274 ῖς
66 1231 184 1260 meae
211 1219 375 1261 literae.
432 1218 496 1257 De
524 1216 736 1269 Domitio,
775 1218 825 1258 ut
852 1218 1027 1269 scribis,
1064 1217 1126 1258 ita
1154 1218 1307 1270 opinor
1335 1230 1449 1271 esse,
1487 1219 1536 1259 ut

71 1278 115 1316 et
142 1277 187 1316 in
219 1275 379 1315 Cosano
408 1275 463 1315 sit
502 1274 545 1313 et
573 1275 798 1317 consilium
826 1275 920 1315 eius
946 1275 1178 1327 ignoretur.
1234 1276 1321 1315 Iste
1348 1275 1536 1316 omnium

0 1335 5 1393 J
69 1332 337 1385 turpissimus
368 1331 410 1370 et
429 1329 765 1379 sordidissimus,
794 1330 869 1382 qui
893 1331 1134 1372 consularia
1161 1332 1333 1374 comitia
1362 1346 1388 1373 a
1413 1344 1537 1386 prae-

69 1453 262 1488 Colchide.
311 1452 564 1498 Intelligenda
594 1458 716 1488 autem
750 1460 807 1490 est
837 1454 944 1499 regio
976 1454 1148 1491 Pontica.
1201 1456 1295 1491 Nam
1327 1456 1536 1502 Pompeius

1 1533 2 1551 ἶ
67 1501 193 1536 Ponto
218 1500 425 1543 imperasse
449 1510 564 1534 naves
595 1506 751 1535 constat.
782 1501 1018 1536 ERNESTI.
1049 1520 1093 1526 —
1141 1507 1400 1547 comparatur,
1436 1503 1537 1537 wird

68 1546 473 1589 zusammengebracht.
507 1564 553 1574 --
599 1547 718 1581 veniet
746 1547 979 1593 Pompeius,
1020 1558 1131 1582 wenn
1168 1559 1212 1583 er
1242 1549 1404 1584 niimlich
1437 1549 1537 1584 einst

68 1593 163 1626 nach
194 1591 329 1626 Italien
365 1592 681 1627 zuriickkommen
714 1593 841 1627 sollte.
879 1612 924 1619 —
980 1593 1043 1639 qui
1074 1619 1083 1628 .
1104 1620 1113 1629 .
1133 1620 1142 1628 .
1174 1595 1317 1629 salvam
1354 1596 1534 1638 volebant,

69 1638 190 1673 denen
214 1638 280 1672 das
303 1638 392 1672 Heil
416 1638 484 1672 des
507 1638 757 1674 Vaterlandes
789 1650 845 1673 am
869 1638 1033 1674 Meisten
1064 1649 1111 1674 zu
1136 1640 1285 1677 Herzen
1310 1641 1415 1686 ging.
1454 1652 1536 1676 eum

2 1679 7 1741 ’ἵ
69 1685 230 1719 maxime
250 1685 394 1718 salvum
421 1685 549 1718 Lamb.
586 1685 624 1718 in
655 1696 702 1720 m.
728 1686 819 1721 1584
852 1688 940 1728 (non
965 1687 1085 1728 1566).
1117 1705 1161 1712 ——
1209 1689 1361 1722 relictus
1391 1688 1452 1724 sit.
1492 1705 1536 1712 -

68 1735 229 1765 evertere
261 1731 298 1765 h.
324 1741 357 1765 e.
382 1741 491 1774 quam
515 1730 682 1775 Italiam,
719 1743 827 1774 quam
852 1731 1077 1777 Pompeius,
1118 1733 1183 1776 qui
1208 1744 1249 1768 se
1273 1734 1430 1778 patriam
1457 1744 1538 1768 ser-

69 1784 237 1812 vaturum
262 1776 395 1819 iactat,
422 1777 593 1811 omnibus
613 1776 734 1812 modis
758 1778 932 1821 vexabit,
959 1789 1031 1812 una
1055 1789 1136 1812 cum
1156 1791 1200 1813 eo
1220 1786 1407 1815 evertere.
1430 1780 1537 1815 SGH.

68 1822 115 1851 ἑ-
146 1824 203 1859 De
226 1823 499 1867 Septemtrione.
536 1824 598 1856 De
622 1828 734 1857 vento
760 1830 817 1859 est
842 1824 1147 1869 intelligendum,
1185 1837 1260 1868 quo
1285 1827 1399 1861 flante
1426 1828 1539 1861 Pom-

0 1879 5 1910 ,ε
70 1870 178 1917 peius
201 1869 240 1903 in
265 1868 460 1903 Graeciam
484 1870 674 1914 profectus
700 1879 782 1904 esse
807 1870 1013 1905 dicebatur.
1052 1870 1143 1907 Vid.
1171 1882 1230 1917 ep.
1247 1873 1333 1915 34⁷,
1357 1875 1393 1909 3.
1435 1871 1538 1906 Atti-

36 1958 42 1964 .
71 1927 136 1950 cus
163 1915 339 1950 Ciceroni
374 1916 446 1949 hoc
481 1914 660 1950 scribenti
685 1917 950 1961 responderat,
986 1927 1027 1951 se
1051 1918 1200 1963 vereri,
1239 1930 1287 1952 ne
1313 1919 1353 1954 hi
1377 1924 1539 1964 septem-

71 1963 217 1997 triones
231 1961 352 2006 Epiro
378 1961 605 1995 vastationes
630 1972 673 1996 ac
698 1961 932 2008 direptiones
958 1963 1108 1998 allaturi
1126 1964 1211 1998 sint.
1237 1965 1345 2000 SCH.
1385 1965 1540 2000 Attikus

3 2045 7 2056 ι
71 2009 176 2044 hatte
202 2007 370 2041 daselbst
402 2007 642 2042 ansehnliche
668 2008 805 2043 Giiter!
833 2029 878 2035 —
924 2010 1148 2054 largitione,
1181 2022 1254 2053 qua
1278 2010 1331 2045 uti
1356 2021 1431 2045 non
1456 2016 1541 2055 pot-

3 2057 27 2085 Ἣ
72 2060 151 2098 est,
187 2053 261 2088 nisi
279 2053 556 2098 direptionibus
581 2055 762 2098 pecuniae
787 2055 914 2100 copias
938 2057 1142 2101 paraverit.
1169 2057 1288 2091 ERN.
1327 2068 1433 2100 quam
1447 2057 1541 2091 hunc

74 2101 170 2145 (scil.
195 2101 412 2143 Caesarem)
435 2107 608 2145 suspecta
624 2102 823 2145 Ernestio,
859 2108 899 2135 ut
924 2103 1069 2137 solebat
1093 2103 1126 2137 is
1151 2114 1299 2147 semper
1323 2114 1430 2147 quam
1453 2109 1542 2148 post

73 2145 346 2192 comparativos
370 2147 557 2181 damnare,
596 2147 792 2181 ORELLI.
826 2166 870 2172 -—
909 2160 1017 2193 quum
1041 2149 1147 2183 illum
1172 2149 1317 2189 videm,
1343 2151 1541 2185 Caesarem

72 2192 277 2228 Brundisio
309 2192 540 2227 redeuntem.
574 2193 782 2227 MANUT.
818 2213 860 2218 —
908 2196 1019 2229 nimis
1049 2196 1215 2239 indulg„
1253 2206 1320 2241 gar
1354 2207 1402 2230 zu
1432 2196 1541 2229 scho-

74 2240 194 2282 nend,
232 2238 299 2272 mit
331 2249 378 2272 zu
410 2238 533 2273 vieler
556 2239 771 2274 Nachsicht.
797 2259 842 2266 —-
888 2245 922 2273 et
944 2245 984 2274 ut
1008 2253 1054 2275 =
1078 2242 1145 2275 sed
1170 2248 1220 2277 ut.
1248 2261 1293 2268 —
1342 2244 1541 2286 Arpinum,

7 2287 9 2324 ζ
75 2293 270 2329 antequam
296 2296 378 2318 eum
403 2296 634 2324 convenere,
671 2297 728 2319 me
754 2287 925 2320 conferre
950 2298 1024 2320 non
1048 2288 1185 2330 cogito.
1210 2307 1255 2313 —
1305 2289 1440 2331 absim,
1473 2287 1541 2322 sed

7 2327 13 2373 '¹
76 2331 193 2366 adsim
224 2330 412 2374 Formiis,
452 2331 521 2365 illo
552 2332 743 2366 redeunte.
778 2352 819 2358 —
867 2337 931 2366 aut
961 2344 1103 2367 cursem
1136 2361 1143 2369 .
1162 2361 1170 2370 .
1189 2361 1197 2368 .
1231 2336 1429 2368 deterrima
1455 2333 1538 2376 (Cd.

76 2379 115 2413 in
132 2389 178 2411 m.
197 2377 289 2411 1584
312 2378 533 2420 teterrima).
561 2379 635 2411 und
661 2379 735 2412 ihm
761 2378 863 2412 nicht
888 2379 952 2413 auf
973 2380 1137 2415 ausserst
1160 2381 1374 2414 schlecliten
1392 2380 1541 2423 Wegen

8 2416 13 2472 ξ
77 2424 149 2458 (la-
173 2423 265 2457 oder
289 2422 440 2458 dorthin
465 2425 730 2458 nachzulaufen
757 2426 933 2459 brauche.
967 2445 1010 2450 —
1059 2428 1235 2461 Bibulum
1266 2427 1376 2461 αιαίἰο
1401 2426 1540 2459 venisse

9 2491 13 2502 .
78 2482 100 2505 e
123 2469 235 2516 Syria
258 2469 452 2514 provincia
484 2470 529 2503 ad
556 2471 790 2515 Pompeium.
839 2473 922 2507 Quo
955 2478 1076 2506 autern
1101 2474 1257 2507 redc'erz't
1276 2473 1458 2512 Bibulus,
1485 2472 1541 2505 in-

10 2528 13 2561 ζ
78 2522 218 2550 certum
245 2522 312 2549 est.
358 2516 402 2548 In
428 2515 575 2561 Syriam
608 2523 709 2550 certe
740 2529 813 2551 non
846 2518 982 2560 rediit;
1026 2531 1107 2553 nam
1140 2525 1273 2563 postea
1306 2530 1327 2551 a
1356 2517 1540 2563 Pompeio

79 2563 149 2596 toti
174 2561 229 2595 rei
253 2560 457 2595 maritimae
481 2564 690 2606 praefectus
717 2570 784 2599 est.
821 2564 927 2598 SCH.
964 2583 1009 2589 —
1051 2567 1177 2610 pridie
1200 2565 1288 2599 Idus
1311 2565 1443 2608 Mart,
1485 2575 1541 2598 am

10 2600 15 2635 ἱ
80 2609 135 2643 14.
162 2609 281 2642 mam.

169 2657 204 2689 3.
240 2654 280 2688 in
305 2654 466 2695 cosano,
492 2654 555 2688 auf
577 2653 716 2688 seincm
741 2657 840 2691 Gute
865 2656 926 2691 bei
943 2657 1052 2692 Cosa.
1085 2657 1124 2691 S.
1148 2656 1481 2700 ep-CCCXLVII,
1506 2657 1540 2690 2.

85 2719 127 2725 —
159 2701 401 2745 turpissimus.
447 2701 585 2734 Putant
610 2712 691 2734 csse
717 2702 903 2746 Lepidum
919 2729 929 2746 ,
955 2710 1086 2748 postea
1111 2703 1362 2742 triumvirum,
1389 2702 1544 2746 quitum

85 2752 237 2790 praetor
266 2746 380 2781 suerit
414 2754 449 2781 et
483 2747 644 2781 voluerit
676 2749 849 2782 eonsules
881 2760 1020 2784 creare.
1062 2748 1292 2783 ERNESTI.
1320 2767 1361 2773 -
1407 2749 1544 2784 consul.
