1795 3043
203 51 306 99 360
463 46 530 93 Μ.
565 46 622 93 Τ.
658 44 999 94 CICERONIS
1032 44 1404 94 EPISTOLAE.

154 159 183 200 3
202 171 316 202 nona
344 157 624 211 accepissem,
664 158 741 199 has
770 157 912 199 statim
941 156 1053 201 dedi.
1111 157 1176 198 De
1214 158 1413 200 Terentia
1454 160 1496 200 et
1523 161 1665 202 Tullia

204 217 285 257 tibi
313 216 538 264 assentior3
575 215 629 256 ad
666 227 771 267 quas
811 215 1087 267 scripseram,
1123 215 1178 256 ad
1206 216 1249 256 te
1278 217 1325 255 ut
1352 217 1583 258 referrent:
1627 218 1662 258 si

203 273 391 313 nondum
425 273 645 324 profectae
683 274 800 323 sunt,
829 273 939 313 nihil
969 274 1033 313 est
1060 272 1173 324 quod
1202 284 1247 313 se
1275 275 1496 322 moveant,
1525 275 1662 328 quoad

203 329 534 382 perspiciamus,
575 341 658 381 quo
686 330 771 372 loci
800 330 856 370 sit
884 341 963 370 res.

373 511 686 559 EPIsTOLA
721 513 944 559 cccxu.
981 512 1064 572 (ad
1097 512 1204 558 Div.
1233 511 1355 558 xlv.
1392 514 1496 573 18.)

344 586 427 623 Ser.
454 587 617 624 Formiis
642 589 713 623 ΙΙΙ.
739 589 826 623 Kal.
852 589 963 624 Febr.
988 589 1034 623 A.
1059 588 1105 624 U.
1131 589 1172 624 C.
1197 589 1275 624 705.
1308 590 1356 632 (a.
1381 589 1423 624 C.
1447 590 1521 633 49.)

247 654 399 701 Monet,
431 660 474 691 ut
503 656 708 702 diligenter
738 657 1017 738 cgnsidderent:l
1029 657 1220 738 Ro2maene
1252 663 1423 692 maneant
1446 668 1493 692 an
1516 657 1619 693 Urbe

781 715 855 738 isce
885 709 958 738 ant.
1029 723 1072 728 —
1104 728 1114 738 .

201 768 422 807 TULLIUS
448 770 748 806 TERENTIAE
774 770 906 806 SUAE
931 771 999 805 ET
1024 771 1196 806 PATER
1225 770 1574 809 SUAVISSIMAE
1597 774 1665 808 FI-

388 817 527 861 LIAE,
564 818 752 853 CICERO
785 818 954 854 MATRI
977 818 1045 852 ET
1071 817 1263 853 SORORI
1288 818 1328 854 S.
1356 820 1400 854 P.
1425 820 1474 854 D.

315 874 672 917 Considerandum
701 876 821 918 vobis
849 877 976 918 etiam
1005 878 1131 929 atque
1161 876 1308 926 etiam,
1339 878 1504 919 animae
1531 890 1665 932 meae,

199 930 427 984 diligenter
454 935 577 987 puto,
607 934 708 986 quid
739 934 927 976 faciatis:
957 935 1167 975 Romaene
1199 933 1314 986 sitis,
1342 948 1395 974 an
1424 948 1590 977 meeum
1618 937 1664 977 in

199 989 344 1041 aliquo
374 991 465 1030 tuto
494 992 606 1033 loco.
664 991 714 1031 Id
742 1003 826 1031 non
868 993 1003 1032 solum
1040 1004 1178 1032 meum
1209 991 1432 1032 consilium
1462 994 1546 1041 est,
1592 993 1666 1034 sed

199 1045 331 1085 etiam
359 1048 559 1088 vestrum.
617 1048 728 1088 Mihi
759 1049 937 1089 veniunt
965 1050 1011 1090 in
1033 1050 1219 1090 mentem
1247 1049 1375 1090 haec:
1405 1049 1563 1090 Romae
1590 1063 1665 1091 vos

199 1113 293 1142 esse
321 1104 412 1143 tuto
441 1116 565 1157 posse
592 1117 673 1157 per
711 1104 1002 1159 Dolabellam,
1047 1117 1224 1158 eamque
1260 1118 1348 1145 rem
1384 1119 1504 1158 posse
1543 1107 1666 1148 nobis

199 1159 442 1201 adiumento
474 1173 590 1209 esse,
632 1162 668 1201 si
698 1174 806 1213 quae
836 1163 899 1204 vis
928 1165 1002 1204 aut
1030 1163 1067 1203 si
1098 1174 1208 1214 quae
1245 1164 1420 1214 rapinae
1450 1163 1543 1204 fieri
1571 1177 1665 1205 eoe-

198 1217 354 1268 periut.
416 1217 499 1258 Sed
523 1231 670 1258 rursus
697 1219 805 1259 illud
835 1232 902 1259 me
931 1222 1092 1274 movet,
1130 1219 1241 1272 quod
1269 1220 1390 1260 video
1421 1232 1565 1261 omnes
1593 1221 1664 1262 bo-

199 1285 277 1313 nos
307 1273 453 1314 abesse
482 1274 614 1315 Roma
644 1275 686 1315 et
715 1288 787 1316 eos
816 1276 1015 1317 mulieres
1043 1290 1138 1316 suas
1156 1288 1297 1316 secum
1316 1276 1488 1319 habere.
1545 1278 1664 1320 Haec

200 1331 341 1371 autem
368 1331 509 1384 regio,
539 1331 583 1371 in
614 1344 699 1382 qua
729 1344 804 1385 ego
835 1346 948 1386 sum,
978 1336 1216 1374 nostrorum
1245 1334 1308 1372 est
1337 1346 1464 1385 quum
1494 1335 1666 1387 oppido-

199 1399 319 1436 rum,
351 1388 439 1428 tum
467 1387 592 1429 etiam
621 1389 913 1442 praediorum:
944 1393 991 1431 ut
1022 1393 1063 1431 et
1092 1391 1269 1430 multum
1299 1402 1387 1430 esse
1417 1403 1581 1432 mecum
1610 1394 1667 1445 et,

147 1449 178 1489 2
198 1456 328 1497 quum
358 1444 573 1493 abieritis,
615 1447 829 1487 commode
860 1449 902 1488 et
931 1447 975 1489 in
1005 1449 1158 1489 nostris
1194 1460 1284 1488 esse
1313 1448 1496 1500 possitis.
1554 1448 1665 1490 Mihi

200 1502 328 1554 plane
356 1514 443 1542 non
473 1503 574 1543 satis
603 1505 769 1544 constat
797 1504 958 1555 adhuc,
1001 1507 1142 1546 utrum
1179 1505 1235 1544 sit
1276 1506 1437 1545 melius.
1493 1506 1576 1546 Vos
1605 1508 1665 1548 vi-

201 1558 320 1609 dete,
368 1558 469 1611 quid
506 1559 616 1600 aliae
656 1560 818 1601 faciant
856 1563 938 1602 isto
976 1563 1070 1602 loeo
1100 1562 1302 1602 feminae:
1345 1564 1388 1603 et
1424 1575 1499 1613 ne,
1539 1576 1667 1616 quum

200 1616 367 1665 velitis,
409 1616 526 1656 exire
555 1628 641 1656 non
678 1617 815 1659 liceat.
873 1617 923 1659 Id
959 1620 1085 1659 velim
1114 1618 1340 1671 diligenter
1377 1621 1503 1660 etiam
1541 1624 1667 1673 atque

201 1673 329 1713 etiam
358 1672 576 1714 vobiscum
605 1675 647 1714 et
676 1687 770 1716 cum
801 1676 948 1716 amicis
977 1676 1264 1717 consideretis.
1323 1677 1479 1719 Domus
1505 1680 1553 1717 ut
1571 1691 1666 1730 pro-

200 1731 441 1783 pugnacula
470 1732 512 1772 et
540 1732 801 1783 praesidium
830 1732 999 1786 habeat,
1029 1733 1259 1773 Philotimo
1295 1733 1458 1773 dicetis.
1514 1735 1571 1775 Et
1602 1747 1667 1776 ve-

201 1819 257 1853 Eo
281 1819 401 1864 Marg.
428 1821 526 1857 Crat.
550 1821 689 1856 Eodem
713 1822 782 1857 die.
809 1841 853 1847 —
900 1833 1007 1866 quum
1030 1834 1076 1856 τ..-
1101 1833 1188 1866 quo.
1215 1822 1254 1857 S.
1278 1822 1427 1857 Ramsh.
1451 1825 1480 1868 ᾗ.
1495 1824 1576 1866 203,
1592 1824 1666 1867 IV,

200 1867 241 1904 1,
268 1866 302 1899 b.
328 1884 375 1891 —
422 1867 547 1910 Gales,
573 1867 666 1902 ietzt
691 1868 815 1912 Calvi,
841 1868 879 1903 in
904 1869 1142 1914 Campanien,
1168 1868 1285 1903 durch
1311 1869 1439 1904 seinen
1465 1870 1577 1906 Wein
1602 1871 1667 1904 be-

201 1911 337 1947 riihmt.
386 1912 518 1947 Horat.
547 1913 669 1948 Carm.
696 1915 733 1954 Ι,
758 1915 822 1958 20,
846 1917 880 1951 9.

292 1960 325 1993 3.
357 1957 413 1992 De
442 1959 612 1995 Terentia
637 1964 671 1995 et
699 1962 835 1996 Tullia.
870 1961 910 1997 S.
941 1973 999 2007 ep.
1018 1962 1222 2005 CCCVIII,
1236 1963 1271 1996 2.
1300 1981 1341 1987 ——
1389 1964 1439 1997 ad
1463 1968 1496 1997 te
1520 1966 1559 1996 ut
1583 1963 1667 2006 ref„

200 2002 281 2037 sich
305 2015 350 2038 an
375 2004 476 2039 Dich
501 2016 548 2040 zu
580 2006 759 2051 wenden‚
800 2007 879 2042 sich
912 2009 1057 2042 Deiner
1089 2008 1251 2052 Leitung
1285 2018 1331 2042 zu
1365 2010 1595 2043 iiberlassen.
1623 2028 1665 2034 ·-—

200 2049 311 2085 Nihil
335 2055 404 2095 est,
429 2053 536 2095 quod.
585 2052 624 2088 S.
650 2053 797 2088 Ramsh.
825 2055 854 2097 ἓ.
872 2056 958 2097 184,
982 2056 1022 2098 2,
1046 2055 1092 2090 Ν.
1112 2057 1144 2088 l.
1173 2055 1316 2089 Grotef.
1342 2055 1371 2098 §.
1390 2057 1472 2090 396.
1498 2057 1605 2091 Anm.
1623 2074 1666 2080 ·—-

199 2107 269 2140 quo
294 2097 379 2131 loci.
426 2098 578 2133 Ramsh.
611 2100 638 2143 §.
657 2101 746 2144 115,
774 2101 842 2134 111.
883 2102 1026 2135 Grotef.
1053 2101 1081 2144 ἕ.
1102 2101 1182 2135 232.

293 2145 324 2177 1.
351 2145 544 2178 consilium
568 2171 577 2180 .
606 2172 614 2180 .
643 2172 650 2180 .
679 2150 730 2180 est
749 2174 756 2184 .
774 2171 783 2180 .
806 2173 812 2180 .
835 2152 993 2181 vestrum
1023 2154 1068 2181 st.
1102 2146 1250 2181 consilii
1283 2152 1339 2180 est
1373 2147 1499 2182 vestri.
1548 2147 1586 2182 S.
1620 2157 1666 2182 zu

200 2199 262 2234 ep.
280 2189 451 2232 CCCVI,
486 2191 549 2224 die
575 2192 639 2225 mit
664 2193 789 2227 dieser
813 2193 884 2227 fast
908 2194 1076 2237 gleiches
1099 2193 1261 2236 Inhalts‚
1293 2192 1461 2236 gleicher
1498 2192 1667 2238 Sprache

200 2235 260 2269 ist.
289 2254 330 2260 —
373 2247 442 2280 per
465 2237 596 2272 Dolab.
623 2238 659 2272 S.
686 2250 732 2273 zu
759 2250 818 2284 ep.
835 2241 920 2283 306,
947 2242 967 2274 1
1006 2258 1046 2264 —
1096 2240 1190 2273 illud
1215 2250 1270 2273 me
1293 2243 1409 2272 mmm!
1433 2246 1502 2273 cet.
1541 2239 1578 2275 S.
1606 2251 1666 2284 ep.

200 2281 413 2325 CCCVIII,
439 2282 470 2316 2.
511 2294 633 2327 gegen
666 2286 786 2320 Ende.
813 2305 857 2311 —
912 2290 1118 2320 nostrorum
1143 2289 1206 2318 est.
1250 2286 1451 2328 Regionem
1488 2285 1667 2330 intelligit

201 2328 460 2372 Campaniam,
488 2329 547 2363 cui
574 2341 654 2363 cum
679 2331 839 2377 imperio
864 2333 1102 2377 praepositus
1134 2336 1225 2365 erat.
1275 2332 1367 2366 Eius
1400 2332 1567 2376 regionis
1603 2344 1666 2376 op-

198 2375 290 2419 pida
313 2385 394 2408 sua
420 2375 534 2418 dicit,
569 2376 723 2420 opinor,
761 2389 856 2422 quae
881 2385 987 2412 erant
1011 2378 1049 2412 in
1075 2377 1155 2411 eius
1181 2377 1356 2412 clientela
1380 2377 1577 2422 ipsumque
1602 2379 1667 2412 ha-

202 2421 340 2454 bebant
365 2427 577 2465 patronum3
600 2424 766 2465 praedia,
795 2436 952 2467 quorum
978 2430 1057 2458 erat
1082 2423 1163 2468 ipse
1189 2423 1374 2467 domiuus,
1402 2431 1441 2458 ut
1455 2426 1665 2459 Cumanum.

201 2467 436 2519 ERNESTI.
463 2487 506 2493 —
540 2479 698 2513 mecum,
725 2470 761 2503 in
788 2470 949 2515 oppidis.
977 2490 1018 2495 —
1058 2470 1228 2504 abieritis
1251 2482 1272 2504 a
1296 2482 1365 2505 me.
1390 2490 1435 2496 —
1467 2471 1507 2504 in
1531 2471 1666 2504 nostris

202 2513 430 2595 Pldeg.u}sto
455 2559 555 2603 loco,
583 2559 650 2594 illa
674 2559 878 2603 dignitate,
904 2571 975 2605 qua
1000 2561 1101 2595 estis.
1127 2581 1171 2587 -—
1219 2572 1262 2595 ne
1279 2589 1287 2595 .
1305 2589 1311 2596 .
1331 2574 1412 2596 non.
1446 2562 1484 2597 S.
1513 2562 1660 2596 Ramsh.

201 2607 230 2649 ζ).
250 2607 335 2648 193,
360 2606 399 2647 Ι,
424 2607 457 2639 4.
487 2605 633 2641 Gro'tef.
670 2607 804 2649 §.402‚
840 2609 946 2641 Anm.
976 2627 1020 2632 —
1074 2620 1154 2641 cum
1189 2609 1336 2652 cmzz‘cis,
1378 2608 1548 2653 inprimis
1584 2619 1664 2642 cum

201 2651 426 2694 Pomponio.
466 2652 554 2687 Vid.
590 2663 647 2697 ep.
665 2654 836 2695 CCCXI,
863 2656 894 2688 3.
921 2673 964 2678 —
1016 2656 1320 2699 propugnacula,
1354 2666 1485 2699 nempe
1524 2665 1570 2688 ne
1606 2666 1664 2688 re-

201 2698 355 2743 pentino
389 2698 527 2744 impetu
562 2700 643 2745 capi
678 2699 795 2744 possit
829 2699 985 2735 militum
1019 2701 1330 2736 latrocinantium.
1358 2720 1402 2728 -
1450 2701 1659 2743 Philotimo,
