<?xml version="1.0" encoding="UTF-8"?>
<!DOCTYPE html PUBLIC "-//W3C//DTD XHTML 1.0 Transitional//EN"
    "http://www.w3.org/TR/xhtml1/DTD/xhtml1-transitional.dtd">
<html xmlns="http://www.w3.org/1999/xhtml" xml:lang="en" lang="en">
 <head>
  <title>
</title>
<meta http-equiv="Content-Type" content="text/html;charset=utf-8" />
  <meta name='ocr-system' content='tesseract 3.04.00' />
  <meta name='ocr-capabilities' content='ocr_page ocr_carea ocr_par ocr_line ocrx_word'/>
</head>
<body>
  <div class='ocr_page' id='page_1' title='image "./epistolaeadattic02ciceuoft_0298.png"; bbox 0 0 1795 3043; ppageno 0'>
   <div class='ocr_carea' id='block_1_1' title="bbox 227 38 1426 106">
    <p class='ocr_par' dir='ltr' id='par_1_1' title="bbox 227 38 1426 106">
     <span class='ocr_line' id='line_1_1' title="bbox 227 38 1426 106; baseline 0.002 -7"><span class='ocrx_word' id='word_1_1' title='bbox 227 55 329 106; x_wconf 81' lang='lat'>288</span> <span class='ocrx_word' id='word_1_2' title='bbox 483 49 549 97; x_wconf 89' lang='lat' dir='ltr'>M.</span> <span class='ocrx_word' id='word_1_3' title='bbox 588 47 644 94; x_wconf 90' lang='lat' dir='ltr'>T.</span> <span class='ocrx_word' id='word_1_4' title='bbox 680 38 1022 95; x_wconf 83' lang='lat' dir='ltr'>CICERONIS</span> <span class='ocrx_word' id='word_1_5' title='bbox 1055 47 1426 102; x_wconf 85' lang='lat' dir='ltr'>EPISTOLAE.</span> 
     </span>
    </p>
   </div>
   <div class='ocr_carea' id='block_1_2' title="bbox 166 161 1787 1476">
    <p class='ocr_par' dir='ltr' id='par_1_2' title="bbox 166 161 1793 1476">
     <span class='ocr_line' id='line_1_2' title="bbox 230 161 1685 215; baseline 0.003 -9"><span class='ocrx_word' id='word_1_6' title='bbox 230 166 416 211; x_wconf 85' lang='lat' dir='ltr'>tantum,</span> <span class='ocrx_word' id='word_1_7' title='bbox 456 161 808 215; x_wconf 77' lang='lat' dir='ltr'>supplicationem</span> <span class='ocrx_word' id='word_1_8' title='bbox 848 172 944 201; x_wconf 89' lang='lat' dir='ltr'>eum</span> <span class='ocrx_word' id='word_1_9' title='bbox 971 161 1075 202; x_wconf 92' lang='lat' dir='ltr'>mihi</span> <span class='ocrx_word' id='word_1_10' title='bbox 1111 174 1196 203; x_wconf 90' lang='lat' dir='ltr'>non</span> <span class='ocrx_word' id='word_1_11' title='bbox 1237 162 1486 206; x_wconf 87' lang='lat' dir='ltr'>decrevisse.</span> <span class='ocrx_word' id='word_1_12' title='bbox 1543 167 1685 210; x_wconf 86' lang='lat' dir='ltr'>Redeo</span> 
     </span>
     <span class='ocr_line' id='line_1_3' title="bbox 176 219 1687 274; baseline 0.002 -10"><span class='ocrx_word' id='word_1_13' title='bbox 176 223 206 264; x_wconf 87' lang='grc'>8</span> <span class='ocrx_word' id='word_1_14' title='bbox 228 224 282 264; x_wconf 90' lang='lat' dir='ltr'>ad</span> <span class='ocrx_word' id='word_1_15' title='bbox 311 224 500 263; x_wconf 90' lang='lat' dir='ltr'>Hirrum.</span> <span class='ocrx_word' id='word_1_16' title='bbox 559 219 766 270; x_wconf 90' lang='lat' dir='ltr'>Coeperas</span> <span class='ocrx_word' id='word_1_17' title='bbox 805 229 902 258; x_wconf 90' lang='lat' dir='ltr'>eum</span> <span class='ocrx_word' id='word_1_18' title='bbox 938 219 1043 258; x_wconf 89' lang='lat' dir='ltr'>mihi</span> <span class='ocrx_word' id='word_1_19' title='bbox 1080 220 1275 271; x_wconf 85' lang='lat' dir='ltr'>placare:</span> <span class='ocrx_word' id='word_1_20' title='bbox 1312 222 1485 274; x_wconf 87' lang='lat' dir='ltr'>perfice.</span> <span class='ocrx_word' id='word_1_21' title='bbox 1542 225 1687 266; x_wconf 83' lang='lat' dir='ltr'>Habes</span> 
     </span>
     <span class='ocr_line' id='line_1_4' title="bbox 225 275 1684 333; baseline 0.002 -12"><span class='ocrx_word' id='word_1_22' title='bbox 225 280 437 330; x_wconf 86' lang='lat' dir='ltr'>Scrofam,</span> <span class='ocrx_word' id='word_1_23' title='bbox 476 276 605 318; x_wconf 88' lang='lat' dir='ltr'>habes</span> <span class='ocrx_word' id='word_1_24' title='bbox 627 276 792 316; x_wconf 89' lang='lat' dir='ltr'>Silium.</span> <span class='ocrx_word' id='word_1_25' title='bbox 849 275 915 315; x_wconf 89' lang='lat' dir='ltr'>Ad</span> <span class='ocrx_word' id='word_1_26' title='bbox 946 288 1016 315; x_wconf 92' lang='lat' dir='ltr'>eos</span> <span class='ocrx_word' id='word_1_27' title='bbox 1044 287 1120 329; x_wconf 81' lang='lat' dir='ltr'>ego</span> <span class='ocrx_word' id='word_1_28' title='bbox 1149 278 1276 317; x_wconf 83' lang='lat' dir='ltr'>etiam</span> <span class='ocrx_word' id='word_1_29' title='bbox 1306 282 1429 320; x_wconf 85' lang='lat' dir='ltr'>antea</span> <span class='ocrx_word' id='word_1_30' title='bbox 1457 281 1610 333; x_wconf 90' lang='lat' dir='ltr'>scripsi</span> <span class='ocrx_word' id='word_1_31' title='bbox 1640 284 1684 323; x_wconf 85' lang='lat' dir='ltr'>et</span> 
     </span>
     <span class='ocr_line' id='line_1_5' title="bbox 225 332 1682 388; baseline 0.001 -10"><span class='ocrx_word' id='word_1_32' title='bbox 225 337 279 379; x_wconf 82' lang='lat' dir='ltr'>ad</span> <span class='ocrx_word' id='word_1_33' title='bbox 308 337 446 388; x_wconf 88' lang='lat' dir='ltr'>ipsum</span> <span class='ocrx_word' id='word_1_34' title='bbox 474 334 664 374; x_wconf 90' lang='lat' dir='ltr'>Hirrum.</span> <span class='ocrx_word' id='word_1_35' title='bbox 723 332 908 372; x_wconf 79' lang='lat' dir='ltr'>Locutus</span> <span class='ocrx_word' id='word_1_36' title='bbox 949 332 1061 372; x_wconf 87' lang='lat' dir='ltr'>enim</span> <span class='ocrx_word' id='word_1_37' title='bbox 1092 335 1184 373; x_wconf 82' lang='lat' dir='ltr'>erat</span> <span class='ocrx_word' id='word_1_38' title='bbox 1224 346 1320 374; x_wconf 91' lang='lat' dir='ltr'>cum</span> <span class='ocrx_word' id='word_1_39' title='bbox 1360 337 1414 376; x_wconf 92' lang='lat' dir='ltr'>iis</span> <span class='ocrx_word' id='word_1_40' title='bbox 1451 339 1682 387; x_wconf 87' lang='lat' dir='ltr'>commode,</span> 
     </span>
     <span class='ocr_line' id='line_1_6' title="bbox 223 384 1787 445; baseline 0.001 -11"><span class='ocrx_word' id='word_1_41' title='bbox 223 407 270 435; x_wconf 87' lang='lat' dir='ltr'>se</span> <span class='ocrx_word' id='word_1_42' title='bbox 308 393 495 445; x_wconf 90' lang='lat' dir='ltr'>potuisse</span> <span class='ocrx_word' id='word_1_43' title='bbox 534 390 763 443; x_wconf 83' lang='lat' dir='ltr'>impedire,</span> <span class='ocrx_word' id='word_1_44' title='bbox 805 389 878 429; x_wconf 88' lang='lat' dir='ltr'>sed</span> <span class='ocrx_word' id='word_1_45' title='bbox 917 390 1124 430; x_wconf 79' lang='lat' dir='ltr'>noluisse:</span> <span class='ocrx_word' id='word_1_46' title='bbox 1162 403 1376 432; x_wconf 84' lang='lat' dir='ltr'>assensum</span> <span class='ocrx_word' id='word_1_47' title='bbox 1415 395 1556 435; x_wconf 84' lang='lat' dir='ltr'>tamen</span> <span class='ocrx_word' id='word_1_48' title='bbox 1594 408 1683 436; x_wconf 87' lang='lat' dir='ltr'>esse</span> <span class='ocrx_word' id='word_1_49' title='bbox 1784 384 1787 385; x_wconf 34' lang='lat'><em>⁷</em></span> 
     </span>
     <span class='ocr_line' id='line_1_7' title="bbox 224 446 1787 498; baseline 0.001 -7"><span class='ocrx_word' id='word_1_50' title='bbox 224 451 396 498; x_wconf 85' lang='lat' dir='ltr'>Catoni,</span> <span class='ocrx_word' id='word_1_51' title='bbox 448 448 699 489; x_wconf 85' lang='lat' dir='ltr'>amicissimo</span> <span class='ocrx_word' id='word_1_52' title='bbox 738 458 854 494; x_wconf 90' lang='lat' dir='ltr'>meo,</span> <span class='ocrx_word' id='word_1_53' title='bbox 891 458 1019 497; x_wconf 90' lang='lat' dir='ltr'>quum</span> <span class='ocrx_word' id='word_1_54' title='bbox 1058 446 1095 486; x_wconf 84' lang='lat' dir='ltr'>is</span> <span class='ocrx_word' id='word_1_55' title='bbox 1135 447 1600 492; x_wconf 87' lang='lat' dir='ltr'>honorificentissimam</span> <span class='ocrx_word' id='word_1_56' title='bbox 1637 452 1682 493; x_wconf 91' lang='lat' dir='ltr'>in</span> <span class='ocrx_word' id='word_1_57' title='bbox 1783 453 1787 458; x_wconf 74' lang='grc'><em>’</em></span> 
     </span>
     <span class='ocr_line' id='line_1_8' title="bbox 221 502 1682 560; baseline 0.001 -13"><span class='ocrx_word' id='word_1_58' title='bbox 221 519 291 548; x_wconf 90' lang='lat' dir='ltr'>me</span> <span class='ocrx_word' id='word_1_59' title='bbox 320 507 570 548; x_wconf 87' lang='lat' dir='ltr'>sententiam</span> <span class='ocrx_word' id='word_1_60' title='bbox 608 504 800 552; x_wconf 52' lang='lat' dir='ltr'>dixissen</span> <span class='ocrx_word' id='word_1_61' title='bbox 838 515 918 543; x_wconf 87' lang='lat' dir='ltr'>nec</span> <span class='ocrx_word' id='word_1_62' title='bbox 947 514 1014 542; x_wconf 90' lang='lat' dir='ltr'>me</span> <span class='ocrx_word' id='word_1_63' title='bbox 1042 502 1095 543; x_wconf 85' lang='lat' dir='ltr'>ad</span> <span class='ocrx_word' id='word_1_64' title='bbox 1125 515 1169 544; x_wconf 89' lang='lat' dir='ltr'>se</span> <span class='ocrx_word' id='word_1_65' title='bbox 1196 505 1305 546; x_wconf 86' lang='lat' dir='ltr'>ullas</span> <span class='ocrx_word' id='word_1_66' title='bbox 1333 505 1478 548; x_wconf 80' lang='lat' dir='ltr'>literas</span> <span class='ocrx_word' id='word_1_67' title='bbox 1508 509 1682 560; x_wconf 88' lang='lat' dir='ltr'>misisse,</span> 
     </span>
     <span class='ocr_line' id='line_1_9' title="bbox 223 560 1682 617; baseline 0.001 -12"><span class='ocrx_word' id='word_1_68' title='bbox 223 577 352 617; x_wconf 88' lang='lat' dir='ltr'>quum</span> <span class='ocrx_word' id='word_1_69' title='bbox 386 564 439 604; x_wconf 87' lang='lat' dir='ltr'>ad</span> <span class='ocrx_word' id='word_1_70' title='bbox 478 574 620 603; x_wconf 89' lang='lat' dir='ltr'>omnes</span> <span class='ocrx_word' id='word_1_71' title='bbox 656 562 879 601; x_wconf 86' lang='lat' dir='ltr'>mitterem.</span> <span class='ocrx_word' id='word_1_72' title='bbox 938 560 1090 600; x_wconf 86' lang='lat' dir='ltr'>Verum</span> <span class='ocrx_word' id='word_1_73' title='bbox 1129 560 1315 611; x_wconf 81' lang='lat' dir='ltr'>dicebat3</span> <span class='ocrx_word' id='word_1_74' title='bbox 1358 564 1411 603; x_wconf 88' lang='lat' dir='ltr'>ad</span> <span class='ocrx_word' id='word_1_75' title='bbox 1447 577 1542 605; x_wconf 87' lang='lat' dir='ltr'>eum</span> <span class='ocrx_word' id='word_1_76' title='bbox 1571 565 1682 607; x_wconf 90' lang='lat' dir='ltr'>enim</span> 
     </span>
     <span class='ocr_line' id='line_1_10' title="bbox 166 617 1682 672; baseline -0.001 -9"><span class='ocrx_word' id='word_1_77' title='bbox 166 624 199 667; x_wconf 84' lang='grc'>9</span> <span class='ocrx_word' id='word_1_78' title='bbox 220 623 357 663; x_wconf 93' lang='lat' dir='ltr'>solum</span> <span class='ocrx_word' id='word_1_79' title='bbox 387 623 430 662; x_wconf 91' lang='lat' dir='ltr'>et</span> <span class='ocrx_word' id='word_1_80' title='bbox 456 620 510 661; x_wconf 87' lang='lat' dir='ltr'>ad</span> <span class='ocrx_word' id='word_1_81' title='bbox 540 617 827 670; x_wconf 82' lang='lat' dir='ltr'>Crassipedem</span> <span class='ocrx_word' id='word_1_82' title='bbox 866 627 951 657; x_wconf 89' lang='lat' dir='ltr'>non</span> <span class='ocrx_word' id='word_1_83' title='bbox 990 617 1252 670; x_wconf 85' lang='lat' dir='ltr'>scripseram.</span> <span class='ocrx_word' id='word_1_84' title='bbox 1307 619 1447 672; x_wconf 83' lang='lat' dir='ltr'>Atque</span> <span class='ocrx_word' id='word_1_85' title='bbox 1482 622 1590 662; x_wconf 86' lang='lat' dir='ltr'>haec</span> <span class='ocrx_word' id='word_1_86' title='bbox 1628 621 1682 661; x_wconf 88' lang='lat' dir='ltr'>de</span> 
     </span>
     <span class='ocr_line' id='line_1_11' title="bbox 218 672 1679 728; baseline -0.001 -8"><span class='ocrx_word' id='word_1_87' title='bbox 218 679 347 721; x_wconf 91' lang='lat' dir='ltr'>rebus</span> <span class='ocrx_word' id='word_1_88' title='bbox 375 677 626 719; x_wconf 86' lang='lat' dir='ltr'>forensibus.</span> <span class='ocrx_word' id='word_1_89' title='bbox 675 673 909 714; x_wconf 85' lang='lat' dir='ltr'>Redeamus</span> <span class='ocrx_word' id='word_1_90' title='bbox 937 672 1118 715; x_wconf 84' lang='lat' dir='ltr'>domum.</span> <span class='ocrx_word' id='word_1_91' title='bbox 1170 674 1405 728; x_wconf 80' lang='lat' dir='ltr'>Diiungere</span> <span class='ocrx_word' id='word_1_92' title='bbox 1432 690 1500 719; x_wconf 88' lang='lat' dir='ltr'>me</span> <span class='ocrx_word' id='word_1_93' title='bbox 1527 677 1679 719; x_wconf 80' lang='lat' dir='ltr'>abillo</span> 
     </span>
     <span class='ocr_line' id='line_1_12' title="bbox 218 727 1366 783; baseline -0.004 -3"><span class='ocrx_word' id='word_1_94' title='bbox 218 738 331 780; x_wconf 84' lang='lat' dir='ltr'>volo.</span> <span class='ocrx_word' id='word_1_95' title='bbox 388 736 523 776; x_wconf 88' lang='lat' dir='ltr'>Mirus</span> <span class='ocrx_word' id='word_1_96' title='bbox 552 735 614 773; x_wconf 89' lang='lat' dir='ltr'>est</span> <span class='ocrx_word' id='word_1_97' title='bbox 643 727 851 781; x_wconf 76' lang='grc' dir='ltr'><em>φυράτης,</em></span> <span class='ocrx_word' id='word_1_98' title='bbox 886 741 1110 783; x_wconf 84' lang='lat' dir='ltr'>germanus</span> <span class='ocrx_word' id='word_1_99' title='bbox 1139 731 1366 776; x_wconf 87' lang='lat' dir='ltr'>Lartidius.</span> 
     </span>
     <span class='ocr_line' id='line_1_13' title="bbox 1774 1460 1783 1476; baseline 0 0"><span class='ocrx_word' id='word_1_100' title='bbox 1774 1460 1783 1476; x_wconf 70' lang='grc' dir='ltr'>ί</span> 
     </span>
    </p>
   </div>
   <div class='ocr_carea' id='block_1_3' title="bbox 392 795 1602 852">
    <p class='ocr_par' dir='ltr' id='par_1_3' title="bbox 392 795 1602 852">
     <span class='ocr_line' id='line_1_14' title="bbox 392 795 1602 852; baseline 0.001 -11"><span class='ocrx_word' id='word_1_101' title='bbox 392 800 516 841; x_wconf 73' lang='grc' dir='ltr'>Ἀλλά</span> <span class='ocrx_word' id='word_1_102' title='bbox 544 799 595 840; x_wconf 61' lang='lat' dir='ltr'>‘coi</span> <span class='ocrx_word' id='word_1_103' title='bbox 625 799 698 849; x_wconf 84' lang='grc' dir='ltr'>μὲν</span> <span class='ocrx_word' id='word_1_104' title='bbox 728 795 1008 848; x_wconf 71' lang='grc' dir='ltr'><em>προτετύχθαι</em></span> <span class='ocrx_word' id='word_1_105' title='bbox 1038 795 1231 850; x_wconf 74' lang='grc' dir='ltr'><strong><em>ἐάσομεν,</em></strong></span> <span class='ocrx_word' id='word_1_106' title='bbox 1267 796 1489 850; x_wconf 80' lang='grc' dir='ltr'><em>ἀχνύμενοί</em></span> <span class='ocrx_word' id='word_1_107' title='bbox 1513 815 1602 852; x_wconf 81' lang='grc' dir='ltr'><strong>περ.</strong></span> 
     </span>
    </p>
   </div>
   <div class='ocr_carea' id='block_1_4' title="bbox 217 865 1682 976">
    <p class='ocr_par' dir='ltr' id='par_1_4' title="bbox 217 865 1682 976">
     <span class='ocr_line' id='line_1_15' title="bbox 218 865 1680 925; baseline -0.001 -11"><span class='ocrx_word' id='word_1_108' title='bbox 218 873 397 925; x_wconf 86' lang='lat' dir='ltr'>Reliqua</span> <span class='ocrx_word' id='word_1_109' title='bbox 432 869 716 923; x_wconf 83' lang='lat' dir='ltr'>expediamus.</span> <span class='ocrx_word' id='word_1_110' title='bbox 787 868 882 908; x_wconf 87' lang='lat' dir='ltr'>Hoc</span> <span class='ocrx_word' id='word_1_111' title='bbox 911 865 1116 919; x_wconf 87' lang='lat' dir='ltr'>primum,</span> <span class='ocrx_word' id='word_1_112' title='bbox 1156 878 1239 919; x_wconf 92' lang='lat' dir='ltr'>quo</span> <span class='ocrx_word' id='word_1_113' title='bbox 1267 870 1446 910; x_wconf 87' lang='lat' dir='ltr'>accessit</span> <span class='ocrx_word' id='word_1_114' title='bbox 1475 884 1578 912; x_wconf 88' lang='lat' dir='ltr'>cura</span> <span class='ocrx_word' id='word_1_115' title='bbox 1608 871 1680 911; x_wconf 90' lang='lat' dir='ltr'>do·</span> 
     </span>
     <span class='ocr_line' id='line_1_16' title="bbox 217 923 1682 976; baseline -0.003 -4"><span class='ocrx_word' id='word_1_116' title='bbox 217 931 301 972; x_wconf 91' lang='lat' dir='ltr'>lori</span> <span class='ocrx_word' id='word_1_117' title='bbox 330 941 447 971; x_wconf 84' lang='lat' dir='ltr'>meo:</span> <span class='ocrx_word' id='word_1_118' title='bbox 477 928 550 969; x_wconf 90' lang='lat' dir='ltr'>sed</span> <span class='ocrx_word' id='word_1_119' title='bbox 578 928 660 967; x_wconf 86' lang='lat' dir='ltr'>hoc</span> <span class='ocrx_word' id='word_1_120' title='bbox 689 927 853 973; x_wconf 84' lang='lat' dir='ltr'>tamen,</span> <span class='ocrx_word' id='word_1_121' title='bbox 886 923 1091 975; x_wconf 87' lang='lat' dir='ltr'>quidquid</span> <span class='ocrx_word' id='word_1_122' title='bbox 1119 925 1206 976; x_wconf 86' lang='lat' dir='ltr'>est,</span> <span class='ocrx_word' id='word_1_123' title='bbox 1234 924 1487 968; x_wconf 85' lang='lat' dir='ltr'>Precianum</span> <span class='ocrx_word' id='word_1_124' title='bbox 1515 941 1610 969; x_wconf 89' lang='lat' dir='ltr'>cum</span> <span class='ocrx_word' id='word_1_125' title='bbox 1627 927 1682 968; x_wconf 85' lang='lat' dir='ltr'>iis</span> 
     </span>
    </p>
   </div>
   <div class='ocr_carea' id='block_1_5' title="bbox 212 1069 1682 1208">
    <p class='ocr_par' dir='ltr' id='par_1_5' title="bbox 212 1069 1682 1208">
     <span class='ocr_line' id='line_1_17' title="bbox 214 1069 1682 1116; baseline -0.005 -3"><span class='ocrx_word' id='word_1_126' title='bbox 214 1077 270 1113; x_wconf 80' lang='lat' dir='ltr'>tia</span> <span class='ocrx_word' id='word_1_127' title='bbox 293 1077 489 1112; x_wconf 87' lang='lat' dir='ltr'>adductum</span> <span class='ocrx_word' id='word_1_128' title='bbox 522 1072 611 1107; x_wconf 89' lang='lat' dir='ltr'>mihi</span> <span class='ocrx_word' id='word_1_129' title='bbox 646 1069 955 1116; x_wconf 80' lang='lat' dir='ltr'>supplicationem</span> <span class='ocrx_word' id='word_1_130' title='bbox 980 1081 1055 1104; x_wconf 92' lang='lat' dir='ltr'>non</span> <span class='ocrx_word' id='word_1_131' title='bbox 1087 1070 1305 1107; x_wconf 89' lang='lat' dir='ltr'>decrevisse</span> <span class='ocrx_word' id='word_1_132' title='bbox 1338 1082 1492 1116; x_wconf 89' lang='lat' dir='ltr'>eamque</span> <span class='ocrx_word' id='word_1_133' title='bbox 1522 1072 1570 1106; x_wconf 93' lang='lat' dir='ltr'>ob</span> <span class='ocrx_word' id='word_1_134' title='bbox 1595 1081 1682 1105; x_wconf 84' lang='lat' dir='ltr'>cau·</span> 
     </span>
     <span class='ocr_line' id='line_1_18' title="bbox 214 1117 1679 1163; baseline -0.005 -4"><span class='ocrx_word' id='word_1_135' title='bbox 214 1136 292 1159; x_wconf 85' lang='lat' dir='ltr'>sam</span> <span class='ocrx_word' id='word_1_136' title='bbox 317 1135 374 1158; x_wconf 91' lang='lat' dir='ltr'>me</span> <span class='ocrx_word' id='word_1_137' title='bbox 400 1123 444 1156; x_wconf 91' lang='lat' dir='ltr'>ab</span> <span class='ocrx_word' id='word_1_138' title='bbox 471 1132 515 1155; x_wconf 90' lang='lat' dir='ltr'>eo</span> <span class='ocrx_word' id='word_1_139' title='bbox 541 1119 736 1154; x_wconf 86' lang='lat' dir='ltr'>abalienet.</span> <span class='ocrx_word' id='word_1_140' title='bbox 759 1118 867 1152; x_wconf 88' lang='lat' dir='ltr'>SCH.</span> <span class='ocrx_word' id='word_1_141' title='bbox 912 1117 1081 1162; x_wconf 85' lang='lat' dir='ltr'>‚‚iubelt‚</span> <span class='ocrx_word' id='word_1_142' title='bbox 1113 1118 1321 1163; x_wconf 85' lang='lat' dir='ltr'>frohlockt,</span> <span class='ocrx_word' id='word_1_143' title='bbox 1347 1119 1496 1153; x_wconf 87' lang='lat' dir='ltr'>iauchzt</span> <span class='ocrx_word' id='word_1_144' title='bbox 1519 1129 1561 1152; x_wconf 91' lang='lat' dir='ltr'>er</span> <span class='ocrx_word' id='word_1_145' title='bbox 1585 1118 1679 1152; x_wconf 72' lang='lat' dir='ltr'>hoh-</span> 
     </span>
     <span class='ocr_line' id='line_1_19' title="bbox 212 1163 1298 1208; baseline -0.007 -2"><span class='ocrx_word' id='word_1_146' title='bbox 212 1171 322 1206; x_wconf 83' lang='lat' dir='ltr'>nisch</span> <span class='ocrx_word' id='word_1_147' title='bbox 346 1170 440 1203; x_wconf 79' lang='lat' dir='ltr'>iiber</span> <span class='ocrx_word' id='word_1_148' title='bbox 465 1168 586 1202; x_wconf 85' lang='lat' dir='ltr'>Cato⁷s</span> <span class='ocrx_word' id='word_1_149' title='bbox 612 1165 799 1200; x_wconf 85' lang='lat' dir='ltr'>Stimme.&#39;&#39;</span> <span class='ocrx_word' id='word_1_150' title='bbox 829 1163 919 1207; x_wconf 85' lang='lat' dir='ltr'>Vgl.</span> <span class='ocrx_word' id='word_1_151' title='bbox 947 1175 1006 1208; x_wconf 92' lang='lat' dir='ltr'>ep.</span> <span class='ocrx_word' id='word_1_152' title='bbox 1029 1164 1244 1208; x_wconf 86' lang='lat' dir='ltr'>CCXCIII,</span> <span class='ocrx_word' id='word_1_153' title='bbox 1265 1167 1298 1200; x_wconf 88' lang='grc'>7.</span> 
     </span>
    </p>
   </div>
   <div class='ocr_carea' id='block_1_6' title="bbox 206 1219 1679 1919">
    <p class='ocr_par' dir='ltr' id='par_1_6' title="bbox 207 1219 1679 1773">
     <span class='ocr_line' id='line_1_20' title="bbox 304 1219 1675 1265; baseline -0.008 -2"><span class='ocrx_word' id='word_1_154' title='bbox 304 1230 338 1263; x_wconf 83' lang='grc'>8.</span> <span class='ocrx_word' id='word_1_155' title='bbox 365 1227 430 1260; x_wconf 91' lang='lat' dir='ltr'>Cn.</span> <span class='ocrx_word' id='word_1_156' title='bbox 463 1222 706 1258; x_wconf 86' lang='lat' dir='ltr'>Tremellium</span> <span class='ocrx_word' id='word_1_157' title='bbox 730 1221 916 1263; x_wconf 75' lang='lat' dir='ltr'>Scrofam,</span> <span class='ocrx_word' id='word_1_158' title='bbox 951 1220 1060 1253; x_wconf 89' lang='lat' dir='ltr'>einen</span> <span class='ocrx_word' id='word_1_159' title='bbox 1092 1219 1262 1255; x_wconf 85' lang='lat' dir='ltr'>Senator.</span> <span class='ocrx_word' id='word_1_160' title='bbox 1309 1219 1348 1255; x_wconf 87' lang='lat' dir='ltr'>S.</span> <span class='ocrx_word' id='word_1_161' title='bbox 1375 1231 1434 1265; x_wconf 88' lang='lat' dir='ltr'>ep.</span> <span class='ocrx_word' id='word_1_162' title='bbox 1449 1220 1600 1263; x_wconf 88' lang='lat' dir='ltr'>CCLII,</span> <span class='ocrx_word' id='word_1_163' title='bbox 1621 1221 1675 1255; x_wconf 85' lang='lat'>13.</span> 
     </span>
     <span class='ocr_line' id='line_1_21' title="bbox 212 1265 1678 1312; baseline -0.009 -3"><span class='ocrx_word' id='word_1_164' title='bbox 212 1274 367 1311; x_wconf 70' lang='lat' dir='ltr'>Vei-rin.</span> <span class='ocrx_word' id='word_1_165' title='bbox 390 1274 423 1312; x_wconf 93' lang='lat' dir='ltr'>l,</span> <span class='ocrx_word' id='word_1_166' title='bbox 451 1273 506 1305; x_wconf 85' lang='lat' dir='ltr'>lo.</span> <span class='ocrx_word' id='word_1_167' title='bbox 540 1270 665 1305; x_wconf 87' lang='lat' dir='ltr'>Varro</span> <span class='ocrx_word' id='word_1_168' title='bbox 693 1267 739 1300; x_wconf 92' lang='lat' dir='ltr'>de</span> <span class='ocrx_word' id='word_1_169' title='bbox 763 1267 809 1300; x_wconf 90' lang='lat' dir='ltr'>R.</span> <span class='ocrx_word' id='word_1_170' title='bbox 837 1266 883 1299; x_wconf 92' lang='lat' dir='ltr'>R.</span> <span class='ocrx_word' id='word_1_171' title='bbox 904 1267 946 1307; x_wconf 86' lang='lat' dir='ltr'>I,</span> <span class='ocrx_word' id='word_1_172' title='bbox 962 1266 995 1299; x_wconf 84' lang='lat'>2.</span> <span class='ocrx_word' id='word_1_173' title='bbox 1021 1265 1081 1308; x_wconf 90' lang='grc' dir='ltr'>ΙΙ,</span> <span class='ocrx_word' id='word_1_174' title='bbox 1098 1266 1131 1299; x_wconf 86' lang='grc'>4.</span> <span class='ocrx_word' id='word_1_175' title='bbox 1164 1267 1332 1302; x_wconf 87' lang='lat' dir='ltr'>Macrob.</span> <span class='ocrx_word' id='word_1_176' title='bbox 1360 1266 1565 1309; x_wconf 87' lang='lat' dir='ltr'>Saturn.1‚</span> <span class='ocrx_word' id='word_1_177' title='bbox 1584 1268 1678 1301; x_wconf 89' lang='grc'>6.-</span> 
     </span>
     <span class='ocr_line' id='line_1_22' title="bbox 212 1311 1675 1356; baseline -0.01 0"><span class='ocrx_word' id='word_1_178' title='bbox 212 1320 350 1356; x_wconf 80' lang='lat' dir='ltr'>Silium</span> <span class='ocrx_word' id='word_1_179' title='bbox 380 1323 603 1353; x_wconf 86' lang='lat' dir='ltr'>senatorem.</span> <span class='ocrx_word' id='word_1_180' title='bbox 642 1313 679 1348; x_wconf 89' lang='lat' dir='ltr'>S.</span> <span class='ocrx_word' id='word_1_181' title='bbox 711 1324 771 1356; x_wconf 88' lang='lat' dir='ltr'>ep.</span> <span class='ocrx_word' id='word_1_182' title='bbox 796 1311 949 1353; x_wconf 83' lang='lat' dir='ltr'>CCLII,</span> <span class='ocrx_word' id='word_1_183' title='bbox 977 1313 1037 1353; x_wconf 77' lang='lat'>133</span> <span class='ocrx_word' id='word_1_184' title='bbox 1078 1318 1182 1346; x_wconf 83' lang='lat' dir='ltr'>sonst</span> <span class='ocrx_word' id='word_1_185' title='bbox 1215 1313 1311 1346; x_wconf 93' lang='lat' dir='ltr'>noch</span> <span class='ocrx_word' id='word_1_186' title='bbox 1344 1313 1392 1346; x_wconf 88' lang='lat' dir='ltr'>ad</span> <span class='ocrx_word' id='word_1_187' title='bbox 1414 1312 1527 1347; x_wconf 83' lang='lat' dir='ltr'>Attic.</span> <span class='ocrx_word' id='word_1_188' title='bbox 1545 1313 1601 1354; x_wconf 90' lang='lat' dir='ltr'>X,</span> <span class='ocrx_word' id='word_1_189' title='bbox 1619 1314 1675 1347; x_wconf 86' lang='grc'>13,</span> 
     </span>
     <span class='ocr_line' id='line_1_23' title="bbox 212 1358 1678 1410; baseline -0.018 -7"><span class='ocrx_word' id='word_1_190' title='bbox 212 1368 313 1410; x_wconf 86' lang='grc' dir='ltr'>ΧΠ,</span> <span class='ocrx_word' id='word_1_191' title='bbox 337 1367 392 1401; x_wconf 82' lang='grc'>18.</span> <span class='ocrx_word' id='word_1_192' title='bbox 408 1365 466 1399; x_wconf 81' lang='lat'>24.</span> <span class='ocrx_word' id='word_1_193' title='bbox 484 1363 540 1397; x_wconf 83' lang='grc'>25.</span> <span class='ocrx_word' id='word_1_194' title='bbox 557 1362 613 1396; x_wconf 87' lang='grc'>26.</span> <span class='ocrx_word' id='word_1_195' title='bbox 630 1361 688 1394; x_wconf 88' lang='grc'>27.</span> <span class='ocrx_word' id='word_1_196' title='bbox 708 1360 763 1393; x_wconf 76' lang='grc'>28.</span> <span class='ocrx_word' id='word_1_197' title='bbox 781 1359 838 1392; x_wconf 87' lang='grc'>29.</span> <span class='ocrx_word' id='word_1_198' title='bbox 853 1359 909 1393; x_wconf 87' lang='lat'>30.</span> <span class='ocrx_word' id='word_1_199' title='bbox 929 1359 987 1392; x_wconf 84' lang='lat'>31.</span> <span class='ocrx_word' id='word_1_200' title='bbox 1006 1359 1063 1392; x_wconf 84' lang='lat'>33.</span> <span class='ocrx_word' id='word_1_201' title='bbox 1082 1358 1137 1391; x_wconf 85' lang='lat'>35.</span> <span class='ocrx_word' id='word_1_202' title='bbox 1192 1358 1307 1392; x_wconf 83' lang='lat' dir='ltr'>Nicht</span> <span class='ocrx_word' id='word_1_203' title='bbox 1343 1368 1390 1392; x_wconf 77' lang='lat' dir='ltr'>zu</span> <span class='ocrx_word' id='word_1_204' title='bbox 1422 1358 1678 1393; x_wconf 68' lang='lat' dir='ltr'>verwechseln</span> 
     </span>
     <span class='ocr_line' id='line_1_24' title="bbox 211 1403 1678 1450; baseline -0.008 -1"><span class='ocrx_word' id='word_1_205' title='bbox 211 1414 279 1449; x_wconf 88' lang='lat' dir='ltr'>mit</span> <span class='ocrx_word' id='word_1_206' title='bbox 303 1414 386 1447; x_wconf 90' lang='lat' dir='ltr'>dem</span> <span class='ocrx_word' id='word_1_207' title='bbox 410 1412 454 1445; x_wconf 93' lang='lat' dir='ltr'>P.</span> <span class='ocrx_word' id='word_1_208' title='bbox 481 1408 613 1449; x_wconf 82' lang='lat' dir='ltr'>Silius,</span> <span class='ocrx_word' id='word_1_209' title='bbox 637 1406 847 1450; x_wconf 76' lang='lat' dir='ltr'>Propr‘ator</span> <span class='ocrx_word' id='word_1_210' title='bbox 870 1413 944 1437; x_wconf 86' lang='lat' dir='ltr'>von</span> <span class='ocrx_word' id='word_1_211' title='bbox 967 1403 1172 1449; x_wconf 83' lang='lat' dir='ltr'>Bithynien</span> <span class='ocrx_word' id='word_1_212' title='bbox 1198 1415 1232 1438; x_wconf 89' lang='lat' dir='ltr'>u.</span> <span class='ocrx_word' id='word_1_213' title='bbox 1258 1404 1341 1438; x_wconf 88' lang='lat' dir='ltr'>dem</span> <span class='ocrx_word' id='word_1_214' title='bbox 1358 1406 1511 1439; x_wconf 87' lang='lat' dir='ltr'>Pontus.</span> <span class='ocrx_word' id='word_1_215' title='bbox 1549 1403 1590 1439; x_wconf 89' lang='lat' dir='ltr'>S.</span> <span class='ocrx_word' id='word_1_216' title='bbox 1617 1416 1678 1449; x_wconf 88' lang='lat' dir='ltr'>ep.</span> 
     </span>
     <span class='ocr_line' id='line_1_25' title="bbox 212 1450 1679 1496; baseline -0.012 0"><span class='ocrx_word' id='word_1_217' title='bbox 212 1460 340 1496; x_wconf 89' lang='lat' dir='ltr'>CCLI.</span> <span class='ocrx_word' id='word_1_218' title='bbox 367 1459 414 1491; x_wconf 87' lang='lat' dir='ltr'>ad</span> <span class='ocrx_word' id='word_1_219' title='bbox 437 1456 565 1491; x_wconf 86' lang='lat' dir='ltr'>Famil.</span> <span class='ocrx_word' id='word_1_220' title='bbox 580 1453 740 1495; x_wconf 85' lang='lat' dir='ltr'>V11‚21.</span> <span class='ocrx_word' id='word_1_221' title='bbox 768 1451 839 1494; x_wconf 86' lang='lat' dir='ltr'>IX,</span> <span class='ocrx_word' id='word_1_222' title='bbox 856 1451 912 1485; x_wconf 88' lang='grc'><strong>16.</strong></span> <span class='ocrx_word' id='word_1_223' title='bbox 939 1450 1051 1493; x_wconf 87' lang='lat' dir='ltr'>XIII,</span> <span class='ocrx_word' id='word_1_224' title='bbox 1067 1450 1122 1484; x_wconf 82' lang='lat'>62.</span> <span class='ocrx_word' id='word_1_225' title='bbox 1162 1450 1311 1493; x_wconf 83' lang='lat' dir='ltr'>„Beide</span> <span class='ocrx_word' id='word_1_226' title='bbox 1334 1451 1470 1485; x_wconf 86' lang='lat' dir='ltr'>kannst</span> <span class='ocrx_word' id='word_1_227' title='bbox 1492 1451 1556 1485; x_wconf 88' lang='lat' dir='ltr'>Du</span> <span class='ocrx_word' id='word_1_228' title='bbox 1583 1450 1679 1485; x_wconf 83' lang='lat' dir='ltr'>dazu</span> 
     </span>
     <span class='ocr_line' id='line_1_26' title="bbox 211 1495 1678 1552; baseline -0.008 -10"><span class='ocrx_word' id='word_1_229' title='bbox 211 1505 469 1552; x_wconf 84' lang='lat' dir='ltr'>gebrauchen‚</span> <span class='ocrx_word' id='word_1_230' title='bbox 496 1502 567 1535; x_wconf 89' lang='lat' dir='ltr'>den</span> <span class='ocrx_word' id='word_1_231' title='bbox 592 1500 727 1533; x_wconf 87' lang='lat' dir='ltr'>Hirrus</span> <span class='ocrx_word' id='word_1_232' title='bbox 751 1496 817 1530; x_wconf 84' lang='lat' dir='ltr'>mit</span> <span class='ocrx_word' id='word_1_233' title='bbox 841 1496 912 1530; x_wconf 90' lang='lat' dir='ltr'>mir</span> <span class='ocrx_word' id='word_1_234' title='bbox 944 1495 1240 1530; x_wconf 77' lang='lat' dir='ltr'>auszusohnen.’&#39;</span> <span class='ocrx_word' id='word_1_235' title='bbox 1258 1516 1300 1521; x_wconf 97' lang='lat'><strong>—</strong></span> <span class='ocrx_word' id='word_1_236' title='bbox 1336 1508 1375 1531; x_wconf 80' lang='lat' dir='ltr'>se</span> <span class='ocrx_word' id='word_1_237' title='bbox 1393 1497 1567 1541; x_wconf 83' lang='lat' dir='ltr'>potuisse.</span> <span class='ocrx_word' id='word_1_238' title='bbox 1590 1497 1678 1532; x_wconf 82' lang='lat' dir='ltr'>Asc.</span> 
     </span>
     <span class='ocr_line' id='line_1_27' title="bbox 211 1542 1678 1588; baseline -0.016 0"><span class='ocrx_word' id='word_1_239' title='bbox 211 1556 246 1588; x_wconf 89' lang='lat' dir='ltr'>l.</span> <span class='ocrx_word' id='word_1_240' title='bbox 274 1553 373 1586; x_wconf 85' lang='lat' dir='ltr'>Crat.</span> <span class='ocrx_word' id='word_1_241' title='bbox 398 1548 525 1584; x_wconf 85' lang='lat' dir='ltr'>Lamb.</span> <span class='ocrx_word' id='word_1_242' title='bbox 553 1546 653 1582; x_wconf 87' lang='lat' dir='ltr'>Vict.</span> <span class='ocrx_word' id='word_1_243' title='bbox 671 1545 705 1578; x_wconf 88' lang='grc'><strong>2.</strong></span> <span class='ocrx_word' id='word_1_244' title='bbox 730 1543 977 1585; x_wconf 80' lang='lat' dir='ltr'>distinguunt:</span> <span class='ocrx_word' id='word_1_245' title='bbox 1013 1553 1095 1575; x_wconf 80' lang='lat' dir='ltr'>cum</span> <span class='ocrx_word' id='word_1_246' title='bbox 1117 1542 1180 1585; x_wconf 73' lang='lat' dir='ltr'>iis,</span> <span class='ocrx_word' id='word_1_247' title='bbox 1205 1544 1388 1577; x_wconf 81' lang='lat' dir='ltr'>commode</span> <span class='ocrx_word' id='word_1_248' title='bbox 1410 1554 1449 1576; x_wconf 75' lang='lat' dir='ltr'>se</span> <span class='ocrx_word' id='word_1_249' title='bbox 1468 1555 1507 1588; x_wconf 74' lang='lat' dir='ltr'>p,</span> <span class='ocrx_word' id='word_1_250' title='bbox 1535 1543 1606 1578; x_wconf 58' lang='grc' dir='ltr'>οη,</span> <span class='ocrx_word' id='word_1_251' title='bbox 1631 1561 1678 1570; x_wconf 79' lang='grc'>.-</span> 
     </span>
     <span class='ocr_line' id='line_1_28' title="bbox 208 1588 1676 1643; baseline -0.009 -9"><span class='ocrx_word' id='word_1_252' title='bbox 208 1598 389 1643; x_wconf 74' lang='lat' dir='ltr'>e&#39;mpedire</span> <span class='ocrx_word' id='word_1_253' title='bbox 414 1592 727 1639; x_wconf 83' lang='lat' dir='ltr'>supplicationem</span> <span class='ocrx_word' id='word_1_254' title='bbox 752 1589 842 1622; x_wconf 88' lang='lat' dir='ltr'>mihi</span> <span class='ocrx_word' id='word_1_255' title='bbox 868 1588 1067 1621; x_wconf 86' lang='lat' dir='ltr'>decretam.</span> <span class='ocrx_word' id='word_1_256' title='bbox 1097 1607 1136 1612; x_wconf 91' lang='lat'><strong>—</strong></span> <span class='ocrx_word' id='word_1_257' title='bbox 1181 1588 1309 1622; x_wconf 80' lang='lat' dir='ltr'>literas</span> <span class='ocrx_word' id='word_1_258' title='bbox 1340 1589 1482 1623; x_wconf 77' lang='lat' dir='ltr'>misisse</span> <span class='ocrx_word' id='word_1_259' title='bbox 1515 1589 1563 1623; x_wconf 91' lang='lat' dir='ltr'>de</span> <span class='ocrx_word' id='word_1_260' title='bbox 1588 1599 1676 1634; x_wconf 85' lang='lat' dir='ltr'>Sup-</span> 
     </span>
     <span class='ocr_line' id='line_1_29' title="bbox 209 1633 1674 1692; baseline -0.01 -12"><span class='ocrx_word' id='word_1_261' title='bbox 209 1644 417 1692; x_wconf 87' lang='lat' dir='ltr'>plicatione</span> <span class='ocrx_word' id='word_1_262' title='bbox 443 1638 691 1675; x_wconf 85' lang='lat' dir='ltr'>decernenda.</span> <span class='ocrx_word' id='word_1_263' title='bbox 709 1654 754 1660; x_wconf 94' lang='lat'>—</span> <span class='ocrx_word' id='word_1_264' title='bbox 795 1645 902 1679; x_wconf 76' lang='lat' dir='ltr'>quum</span> <span class='ocrx_word' id='word_1_265' title='bbox 926 1646 971 1666; x_wconf 66' lang='grc' dir='ltr'><strong>Ξ</strong></span> <span class='ocrx_word' id='word_1_266' title='bbox 995 1633 1041 1667; x_wconf 86' lang='lat' dir='ltr'>da</span> <span class='ocrx_word' id='word_1_267' title='bbox 1064 1633 1180 1676; x_wconf 87' lang='lat' dir='ltr'>doch,</span> <span class='ocrx_word' id='word_1_268' title='bbox 1214 1635 1391 1678; x_wconf 80' lang='lat' dir='ltr'>obgleich</span> <span class='ocrx_word' id='word_1_269' title='bbox 1409 1655 1452 1660; x_wconf 93' lang='grc'><strong>-</strong></span> <span class='ocrx_word' id='word_1_270' title='bbox 1488 1637 1536 1669; x_wconf 83' lang='lat' dir='ltr'>ad</span> <span class='ocrx_word' id='word_1_271' title='bbox 1562 1635 1674 1669; x_wconf 77' lang='lat' dir='ltr'>Cras-</span> 
     </span>
     <span class='ocr_line' id='line_1_30' title="bbox 207 1680 1675 1773; baseline -0.009 0"><span class='ocrx_word' id='word_1_272' title='bbox 207 1680 1016 1773; x_wconf 51' lang='lat' dir='ltr'>size‘zzmg.1÷.0¹z‚0.‘.¹21m.÷..&lt;{s.¹.¹¹.³.2{¹.¹¹{¹:355ss</span> <span class='ocrx_word' id='word_1_273' title='bbox 1039 1680 1358 1760; x_wconf 46' lang='lat' dir='ltr'>{sufflas</span> <span class='ocrx_word' id='word_1_274' title='bbox 1382 1681 1507 1771; x_wconf 58' lang='lat' dir='ltr'>sins</span> <span class='ocrx_word' id='word_1_275' title='bbox 1531 1681 1675 1761; x_wconf 55' lang='lat' dir='ltr'>&amp;sir</span> 
     </span>
    </p>

    <p class='ocr_par' dir='ltr' id='par_1_7' title="bbox 206 1750 1674 1919">
     <span class='ocr_line' id='line_1_31' title="bbox 367 1750 1673 1769; baseline -0.025 16"><span class='ocrx_word' id='word_1_276' title='bbox 367 1764 372 1769; x_wconf 78' lang='grc'><em>“</em></span> <span class='ocrx_word' id='word_1_277' title='bbox 1036 1750 1057 1768; x_wconf 62' lang='lat' dir='ltr'><em>O</em></span> <span class='ocrx_word' id='word_1_278' title='bbox 1360 1753 1366 1760; x_wconf 86' lang='lat'><strong>·</strong></span> <span class='ocrx_word' id='word_1_279' title='bbox 1431 1753 1438 1760; x_wconf 86' lang='lat'>.</span> <span class='ocrx_word' id='word_1_280' title='bbox 1508 1753 1516 1761; x_wconf 83' lang='grc'><strong>.</strong></span> <span class='ocrx_word' id='word_1_281' title='bbox 1662 1750 1673 1760; x_wconf 66' lang='lat'><em>,</em></span> 
     </span>
     <span class='ocr_line' id='line_1_32' title="bbox 206 1772 1673 1820; baseline -0.013 0"><span class='ocrx_word' id='word_1_282' title='bbox 206 1784 332 1820; x_wconf 84' lang='lat' dir='ltr'>LVII.</span> <span class='ocrx_word' id='word_1_283' title='bbox 367 1781 468 1816; x_wconf 90' lang='lat' dir='ltr'>CIII.</span> <span class='ocrx_word' id='word_1_284' title='bbox 503 1778 608 1814; x_wconf 90' lang='lat' dir='ltr'>CIV.</span> <span class='ocrx_word' id='word_1_285' title='bbox 640 1772 907 1811; x_wconf 89' lang='lat' dir='ltr'>CCXXXVII.</span> <span class='ocrx_word' id='word_1_286' title='bbox 940 1772 1115 1805; x_wconf 89' lang='lat' dir='ltr'>CCCLII.</span> <span class='ocrx_word' id='word_1_287' title='bbox 1157 1772 1239 1805; x_wconf 92' lang='lat' dir='ltr'>Liv.</span> <span class='ocrx_word' id='word_1_288' title='bbox 1265 1772 1501 1812; x_wconf 86' lang='lat' dir='ltr'>XXXVIII,</span> <span class='ocrx_word' id='word_1_289' title='bbox 1524 1773 1580 1807; x_wconf 82' lang='grc'>42,</span> <span class='ocrx_word' id='word_1_290' title='bbox 1618 1773 1673 1806; x_wconf 84' lang='lat' dir='ltr'>Er</span> 
     </span>
     <span class='ocr_line' id='line_1_33' title="bbox 209 1818 1674 1864; baseline -0.011 0"><span class='ocrx_word' id='word_1_291' title='bbox 209 1831 356 1864; x_wconf 84' lang='lat' dir='ltr'>schcint</span> <span class='ocrx_word' id='word_1_292' title='bbox 381 1827 460 1862; x_wconf 86' lang='lat' dir='ltr'>sich</span> <span class='ocrx_word' id='word_1_293' title='bbox 485 1824 621 1859; x_wconf 82' lang='lat' dir='ltr'>iedoch</span> <span class='ocrx_word' id='word_1_294' title='bbox 646 1822 711 1855; x_wconf 89' lang='lat' dir='ltr'>mit</span> <span class='ocrx_word' id='word_1_295' title='bbox 736 1821 809 1854; x_wconf 89' lang='lat' dir='ltr'>ihm</span> <span class='ocrx_word' id='word_1_296' title='bbox 835 1818 999 1852; x_wconf 83' lang='lat' dir='ltr'>nachher</span> <span class='ocrx_word' id='word_1_297' title='bbox 1023 1818 1249 1861; x_wconf 78' lang='lat' dir='ltr'>ausgesohnt</span> <span class='ocrx_word' id='word_1_298' title='bbox 1273 1828 1320 1851; x_wconf 91' lang='lat' dir='ltr'>zu</span> <span class='ocrx_word' id='word_1_299' title='bbox 1345 1818 1475 1852; x_wconf 85' lang='lat' dir='ltr'>haben.</span> <span class='ocrx_word' id='word_1_300' title='bbox 1508 1818 1546 1852; x_wconf 90' lang='lat' dir='ltr'>S.</span> <span class='ocrx_word' id='word_1_301' title='bbox 1570 1818 1674 1851; x_wconf 81' lang='lat' dir='ltr'>Tun..</span> 
     </span>
     <span class='ocr_line' id='line_1_34' title="bbox 210 1863 1670 1919; baseline -0.01 -8"><span class='ocrx_word' id='word_1_302' title='bbox 210 1876 313 1912; x_wconf 85' lang='lat' dir='ltr'>stalli</span> <span class='ocrx_word' id='word_1_303' title='bbox 338 1874 447 1919; x_wconf 82' lang='lat' dir='ltr'>epist.</span> <span class='ocrx_word' id='word_1_304' title='bbox 473 1872 519 1905; x_wconf 92' lang='lat' dir='ltr'>ad</span> <span class='ocrx_word' id='word_1_305' title='bbox 534 1871 674 1905; x_wconf 85' lang='lat' dir='ltr'>Manut.</span> <span class='ocrx_word' id='word_1_306' title='bbox 691 1879 726 1912; x_wconf 90' lang='lat' dir='ltr'>p.</span> <span class='ocrx_word' id='word_1_307' title='bbox 736 1865 958 1901; x_wconf 77' lang='grc'><strong>187.188.-</strong></span> <span class='ocrx_word' id='word_1_308' title='bbox 983 1874 1052 1897; x_wconf 78' lang='lat' dir='ltr'>non</span> <span class='ocrx_word' id='word_1_309' title='bbox 1072 1865 1293 1908; x_wconf 75' lang='lat' dir='ltr'>scripseram</span> <span class='ocrx_word' id='word_1_310' title='bbox 1313 1863 1360 1897; x_wconf 92' lang='lat' dir='ltr'>de</span> <span class='ocrx_word' id='word_1_311' title='bbox 1384 1864 1670 1909; x_wconf 88' lang='lat' dir='ltr'>supplicatione.</span> 
     </span>
    </p>
   </div>
   <div class='ocr_carea' id='block_1_7' title="bbox 206 1920 1672 2754">
    <p class='ocr_par' dir='ltr' id='par_1_8' title="bbox 206 1920 1672 2754">
     <span class='ocr_line' id='line_1_35' title="bbox 303 1920 1670 1967; baseline -0.011 -1"><span class='ocrx_word' id='word_1_312' title='bbox 303 1934 333 1967; x_wconf 83' lang='lat'>9.</span> <span class='ocrx_word' id='word_1_313' title='bbox 360 1932 560 1965; x_wconf 77' lang='lat' dir='ltr'>Redeamus</span> <span class='ocrx_word' id='word_1_314' title='bbox 592 1927 755 1966; x_wconf 83' lang='lat' dir='ltr'>domum,</span> <span class='ocrx_word' id='word_1_315' title='bbox 787 1922 833 1956; x_wconf 85' lang='lat' dir='ltr'>ad</span> <span class='ocrx_word' id='word_1_316' title='bbox 866 1931 925 1955; x_wconf 90' lang='lat' dir='ltr'>res</span> <span class='ocrx_word' id='word_1_317' title='bbox 959 1920 1192 1955; x_wconf 86' lang='lat' dir='ltr'>domesticas.</span> <span class='ocrx_word' id='word_1_318' title='bbox 1213 1939 1258 1945; x_wconf 92' lang='lat'>—-</span> <span class='ocrx_word' id='word_1_319' title='bbox 1289 1921 1334 1953; x_wconf 84' lang='lat' dir='ltr'>ab</span> <span class='ocrx_word' id='word_1_320' title='bbox 1358 1921 1425 1954; x_wconf 83' lang='lat' dir='ltr'>illo</span> <span class='ocrx_word' id='word_1_321' title='bbox 1450 1920 1670 1956; x_wconf 77' lang='lat' dir='ltr'>Philotimo.</span> 
     </span>
     <span class='ocr_line' id='line_1_36' title="bbox 209 1966 1671 2022; baseline -0.012 -7"><span class='ocrx_word' id='word_1_322' title='bbox 209 1978 251 2015; x_wconf 88' lang='lat' dir='ltr'>S.</span> <span class='ocrx_word' id='word_1_323' title='bbox 277 1989 323 2013; x_wconf 88' lang='lat' dir='ltr'>zu</span> <span class='ocrx_word' id='word_1_324' title='bbox 348 1980 377 2022; x_wconf 63' lang='grc' dir='ltr'>ξ.</span> <span class='ocrx_word' id='word_1_325' title='bbox 395 1980 414 2012; x_wconf 91' lang='lat' dir='ltr'>l</span> <span class='ocrx_word' id='word_1_326' title='bbox 438 1977 632 2022; x_wconf 72' lang='grc' dir='ltr'><strong>φιλοτιμία.</strong></span> <span class='ocrx_word' id='word_1_327' title='bbox 654 1990 696 1997; x_wconf 90' lang='grc'>-</span> <span class='ocrx_word' id='word_1_328' title='bbox 731 1970 860 2005; x_wconf 77' lang='lat' dir='ltr'>Mirus</span> <span class='ocrx_word' id='word_1_329' title='bbox 884 1971 935 2000; x_wconf 82' lang='lat' dir='ltr'>est</span> <span class='ocrx_word' id='word_1_330' title='bbox 959 1966 1180 2014; x_wconf 77' lang='grc' dir='ltr'><em>φυράτης,</em></span> <span class='ocrx_word' id='word_1_331' title='bbox 1216 1968 1479 2010; x_wconf 83' lang='lat' dir='ltr'>conturbator,</span> <span class='ocrx_word' id='word_1_332' title='bbox 1511 1979 1553 2002; x_wconf 90' lang='lat' dir='ltr'>er</span> <span class='ocrx_word' id='word_1_333' title='bbox 1577 1966 1671 2001; x_wconf 83' lang='lat' dir='ltr'>weis</span> 
     </span>
     <span class='ocr_line' id='line_1_37' title="bbox 208 2013 1672 2060; baseline -0.014 0"><span class='ocrx_word' id='word_1_334' title='bbox 208 2024 441 2060; x_wconf 82' lang='lat' dir='ltr'>meisterhaft</span> <span class='ocrx_word' id='word_1_335' title='bbox 475 2022 522 2056; x_wconf 91' lang='lat' dir='ltr'>im</span> <span class='ocrx_word' id='word_1_336' title='bbox 548 2019 700 2054; x_wconf 81' lang='lat' dir='ltr'>Triiben</span> <span class='ocrx_word' id='word_1_337' title='bbox 733 2026 779 2049; x_wconf 88' lang='lat' dir='ltr'>zu</span> <span class='ocrx_word' id='word_1_338' title='bbox 809 2014 964 2048; x_wconf 87' lang='lat' dir='ltr'>fischen.</span> <span class='ocrx_word' id='word_1_339' title='bbox 988 2013 1118 2047; x_wconf 88' lang='lat' dir='ltr'>Lamb.</span> <span class='ocrx_word' id='word_1_340' title='bbox 1150 2013 1289 2047; x_wconf 79' lang='lat' dir='ltr'>Merus.</span> <span class='ocrx_word' id='word_1_341' title='bbox 1314 2031 1360 2038; x_wconf 90' lang='lat'>——-</span> <span class='ocrx_word' id='word_1_342' title='bbox 1401 2024 1518 2056; x_wconf 76' lang='lat' dir='ltr'>germ,</span> <span class='ocrx_word' id='word_1_343' title='bbox 1543 2013 1672 2046; x_wconf 66' lang='lat' dir='ltr'>Larci..</span> 
     </span>
     <span class='ocr_line' id='line_1_38' title="bbox 209 2058 1670 2116; baseline -0.01 -10"><span class='ocrx_word' id='word_1_344' title='bbox 209 2073 313 2116; x_wconf 81' lang='lat' dir='ltr'>dius,</span> <span class='ocrx_word' id='word_1_345' title='bbox 355 2082 395 2104; x_wconf 88' lang='lat' dir='ltr'>er</span> <span class='ocrx_word' id='word_1_346' title='bbox 426 2069 475 2103; x_wconf 87' lang='lat' dir='ltr'>ist</span> <span class='ocrx_word' id='word_1_347' title='bbox 513 2066 573 2101; x_wconf 89' lang='lat' dir='ltr'>ein</span> <span class='ocrx_word' id='word_1_348' title='bbox 612 2061 893 2107; x_wconf 81' lang='lat' dir='ltr'>ausgemachter</span> <span class='ocrx_word' id='word_1_349' title='bbox 920 2060 1083 2094; x_wconf 88' lang='lat' dir='ltr'>Gauner.</span> <span class='ocrx_word' id='word_1_350' title='bbox 1133 2058 1296 2094; x_wconf 89' lang='lat' dir='ltr'>Videtur</span> <span class='ocrx_word' id='word_1_351' title='bbox 1333 2059 1489 2093; x_wconf 83' lang='lat' dir='ltr'>furcifer</span> <span class='ocrx_word' id='word_1_352' title='bbox 1520 2059 1670 2102; x_wconf 88' lang='lat' dir='ltr'>aliquis,</span> 
     </span>
     <span class='ocr_line' id='line_1_39' title="bbox 209 2103 1670 2161; baseline -0.01 -9"><span class='ocrx_word' id='word_1_353' title='bbox 209 2123 299 2152; x_wconf 78' lang='lat' dir='ltr'>tunc</span> <span class='ocrx_word' id='word_1_354' title='bbox 328 2114 505 2161; x_wconf 84' lang='lat' dir='ltr'>temporis</span> <span class='ocrx_word' id='word_1_355' title='bbox 537 2112 708 2146; x_wconf 87' lang='lat' dir='ltr'>omnibus</span> <span class='ocrx_word' id='word_1_356' title='bbox 744 2114 867 2141; x_wconf 87' lang='lat' dir='ltr'>notus.</span> <span class='ocrx_word' id='word_1_357' title='bbox 908 2105 1111 2150; x_wconf 79' lang='lat' dir='ltr'>Explicant</span> <span class='ocrx_word' id='word_1_358' title='bbox 1139 2104 1227 2138; x_wconf 92' lang='lat' dir='ltr'>inde</span> <span class='ocrx_word' id='word_1_359' title='bbox 1251 2115 1273 2137; x_wconf 89' lang='lat' dir='ltr'>a</span> <span class='ocrx_word' id='word_1_360' title='bbox 1297 2103 1477 2138; x_wconf 89' lang='lat' dir='ltr'>Turnebo</span> <span class='ocrx_word' id='word_1_361' title='bbox 1502 2105 1670 2148; x_wconf 58' lang='lat' dir='ltr'>Adam),</span> 
     </span>
     <span class='ocr_line' id='line_1_40' title="bbox 209 2149 1670 2207; baseline -0.01 -9"><span class='ocrx_word' id='word_1_362' title='bbox 209 2166 290 2207; x_wconf 84' lang='grc'><strong>16.,</strong></span> <span class='ocrx_word' id='word_1_363' title='bbox 325 2162 431 2206; x_wconf 77' lang='lat' dir='ltr'>quasi</span> <span class='ocrx_word' id='word_1_364' title='bbox 464 2166 563 2194; x_wconf 89' lang='lat' dir='ltr'>esset</span> <span class='ocrx_word' id='word_1_365' title='bbox 588 2155 820 2196; x_wconf 78' lang='lat' dir='ltr'>Laertiades,</span> <span class='ocrx_word' id='word_1_366' title='bbox 847 2153 1037 2198; x_wconf 85' lang='lat' dir='ltr'>(Ulysses,</span> <span class='ocrx_word' id='word_1_367' title='bbox 1066 2150 1215 2184; x_wconf 74' lang='lat' dir='ltr'>Laertis</span> <span class='ocrx_word' id='word_1_368' title='bbox 1248 2149 1369 2192; x_wconf 83' lang='lat' dir='ltr'>filius,</span> <span class='ocrx_word' id='word_1_369' title='bbox 1406 2150 1670 2185; x_wconf 83' lang='lat' dir='ltr'>callidissimus</span> 
     </span>
     <span class='ocr_line' id='line_1_41' title="bbox 209 2195 1666 2250; baseline -0.013 -6"><span class='ocrx_word' id='word_1_370' title='bbox 209 2211 418 2250; x_wconf 78' lang='lat' dir='ltr'>veterator)</span> <span class='ocrx_word' id='word_1_371' title='bbox 443 2206 543 2249; x_wconf 84' lang='lat' dir='ltr'>quod</span> <span class='ocrx_word' id='word_1_372' title='bbox 568 2205 691 2238; x_wconf 76' lang='lat' dir='ltr'>locuni</span> <span class='ocrx_word' id='word_1_373' title='bbox 715 2212 790 2234; x_wconf 88' lang='lat' dir='ltr'>non</span> <span class='ocrx_word' id='word_1_374' title='bbox 815 2200 954 2233; x_wconf 80' lang='lat' dir='ltr'>habere</span> <span class='ocrx_word' id='word_1_375' title='bbox 980 2202 1082 2231; x_wconf 83' lang='lat' dir='ltr'>recte</span> <span class='ocrx_word' id='word_1_376' title='bbox 1115 2196 1208 2230; x_wconf 86' lang='lat' dir='ltr'>vidit</span> <span class='ocrx_word' id='word_1_377' title='bbox 1233 2195 1320 2231; x_wconf 87' lang='lat' dir='ltr'>Sch.</span> <span class='ocrx_word' id='word_1_378' title='bbox 1354 2196 1392 2230; x_wconf 90' lang='lat' dir='ltr'>in</span> <span class='ocrx_word' id='word_1_379' title='bbox 1417 2197 1487 2231; x_wconf 83' lang='lat' dir='ltr'>Ed.</span> <span class='ocrx_word' id='word_1_380' title='bbox 1520 2196 1666 2231; x_wconf 80' lang='lat' dir='ltr'>maiori,</span> 
     </span>
     <span class='ocr_line' id='line_1_42' title="bbox 210 2241 1669 2291; baseline -0.01 0"><span class='ocrx_word' id='word_1_381' title='bbox 210 2255 408 2291; x_wconf 84' lang='lat' dir='ltr'>ORELLI.</span> <span class='ocrx_word' id='word_1_382' title='bbox 447 2251 655 2288; x_wconf 83' lang='lat' dir='ltr'>Vielleicht</span> <span class='ocrx_word' id='word_1_383' title='bbox 679 2259 758 2282; x_wconf 82' lang='lat' dir='ltr'>war</span> <span class='ocrx_word' id='word_1_384' title='bbox 784 2257 824 2279; x_wconf 86' lang='lat' dir='ltr'>es</span> <span class='ocrx_word' id='word_1_385' title='bbox 849 2246 909 2279; x_wconf 90' lang='lat' dir='ltr'>ein</span> <span class='ocrx_word' id='word_1_386' title='bbox 935 2244 1029 2278; x_wconf 89' lang='lat' dir='ltr'>eben</span> <span class='ocrx_word' id='word_1_387' title='bbox 1060 2254 1101 2278; x_wconf 88' lang='lat' dir='ltr'>so</span> <span class='ocrx_word' id='word_1_388' title='bbox 1136 2241 1349 2276; x_wconf 87' lang='lat' dir='ltr'>diebischer</span> <span class='ocrx_word' id='word_1_389' title='bbox 1374 2241 1490 2276; x_wconf 85' lang='lat' dir='ltr'>Sklav</span> <span class='ocrx_word' id='word_1_390' title='bbox 1516 2243 1581 2277; x_wconf 88' lang='lat' dir='ltr'>des</span> <span class='ocrx_word' id='word_1_391' title='bbox 1605 2242 1669 2277; x_wconf 88' lang='lat' dir='ltr'>Ci-</span> 
     </span>
     <span class='ocr_line' id='line_1_43' title="bbox 208 2287 1666 2345; baseline -0.011 -7"><span class='ocrx_word' id='word_1_392' title='bbox 208 2314 316 2345; x_wconf 85' lang='lat' dir='ltr'>cero,</span> <span class='ocrx_word' id='word_1_393' title='bbox 348 2302 403 2335; x_wconf 88' lang='lat' dir='ltr'>als</span> <span class='ocrx_word' id='word_1_394' title='bbox 428 2299 584 2332; x_wconf 78' lang='lat' dir='ltr'>Hilarus</span> <span class='ocrx_word' id='word_1_395' title='bbox 615 2299 656 2339; x_wconf 90' lang='lat' dir='ltr'>(s.</span> <span class='ocrx_word' id='word_1_396' title='bbox 683 2305 744 2339; x_wconf 87' lang='lat' dir='ltr'>ep.</span> <span class='ocrx_word' id='word_1_397' title='bbox 767 2294 822 2327; x_wconf 88' lang='grc'>16.</span> <span class='ocrx_word' id='word_1_398' title='bbox 841 2292 918 2327; x_wconf 82' lang='grc'><strong>562.</strong></span> <span class='ocrx_word' id='word_1_399' title='bbox 934 2290 1053 2331; x_wconf 83' lang='grc'><strong>611.),</strong></span> <span class='ocrx_word' id='word_1_400' title='bbox 1091 2299 1169 2322; x_wconf 85' lang='lat' dir='ltr'>was</span> <span class='ocrx_word' id='word_1_401' title='bbox 1195 2287 1334 2322; x_wconf 78' lang='lat' dir='ltr'>Schiitz</span> <span class='ocrx_word' id='word_1_402' title='bbox 1364 2289 1567 2332; x_wconf 82' lang='lat' dir='ltr'>vorschlug</span> <span class='ocrx_word' id='word_1_403' title='bbox 1591 2288 1666 2323; x_wconf 89' lang='lat' dir='ltr'>und</span> 
     </span>
     <span class='ocr_line' id='line_1_44' title="bbox 207 2334 1666 2390; baseline -0.01 -6"><span class='ocrx_word' id='word_1_404' title='bbox 207 2347 390 2385; x_wconf 85' lang='lat' dir='ltr'>Matthiae</span> <span class='ocrx_word' id='word_1_405' title='bbox 414 2346 505 2390; x_wconf 78' lang='lat' dir='ltr'>Epp.</span> <span class='ocrx_word' id='word_1_406' title='bbox 531 2343 595 2376; x_wconf 79' lang='lat' dir='ltr'>sel.</span> <span class='ocrx_word' id='word_1_407' title='bbox 630 2353 664 2386; x_wconf 86' lang='lat' dir='ltr'>p.</span> <span class='ocrx_word' id='word_1_408' title='bbox 683 2341 749 2374; x_wconf 77' lang='lat'>174</span> <span class='ocrx_word' id='word_1_409' title='bbox 773 2339 955 2372; x_wconf 85' lang='lat' dir='ltr'>aufnahm.</span> <span class='ocrx_word' id='word_1_410' title='bbox 997 2335 1125 2369; x_wconf 83' lang='lat' dir='ltr'>Ueber</span> <span class='ocrx_word' id='word_1_411' title='bbox 1156 2334 1227 2367; x_wconf 89' lang='lat' dir='ltr'>den</span> <span class='ocrx_word' id='word_1_412' title='bbox 1257 2334 1397 2368; x_wconf 87' lang='lat' dir='ltr'>Namen</span> <span class='ocrx_word' id='word_1_413' title='bbox 1421 2335 1611 2369; x_wconf 88' lang='lat' dir='ltr'>Lartidius</span> <span class='ocrx_word' id='word_1_414' title='bbox 1635 2343 1666 2370; x_wconf 83' lang='lat' dir='ltr'>S.</span> 
     </span>
     <span class='ocr_line' id='line_1_45' title="bbox 209 2379 1663 2435; baseline -0.012 -5"><span class='ocrx_word' id='word_1_415' title='bbox 209 2396 318 2430; x_wconf 84' lang='lat' dir='ltr'>Grut.</span> <span class='ocrx_word' id='word_1_416' title='bbox 356 2393 557 2435; x_wconf 89' lang='lat' dir='ltr'>Inscrippt.</span> <span class='ocrx_word' id='word_1_417' title='bbox 582 2384 668 2429; x_wconf 77' lang='grc'><strong>428,</strong></span> <span class='ocrx_word' id='word_1_418' title='bbox 691 2388 724 2421; x_wconf 87' lang='grc'>5.</span> <span class='ocrx_word' id='word_1_419' title='bbox 752 2404 794 2410; x_wconf 87' lang='grc'>--</span> <span class='ocrx_word' id='word_1_420' title='bbox 839 2382 963 2419; x_wconf 78' lang='grc' dir='ltr'>Ἀλλά</span> <span class='ocrx_word' id='word_1_421' title='bbox 994 2395 1026 2416; x_wconf 87' lang='grc' dir='ltr'>κ.</span> <span class='ocrx_word' id='word_1_422' title='bbox 1058 2394 1087 2432; x_wconf 42' lang='grc' dir='ltr'>τ..</span> <span class='ocrx_word' id='word_1_423' title='bbox 1121 2382 1151 2414; x_wconf 85' lang='grc' dir='ltr'>λ.</span> <span class='ocrx_word' id='word_1_424' title='bbox 1185 2390 1250 2414; x_wconf 84' lang='lat' dir='ltr'>aus</span> <span class='ocrx_word' id='word_1_425' title='bbox 1273 2381 1433 2415; x_wconf 87' lang='lat' dir='ltr'>Homers</span> <span class='ocrx_word' id='word_1_426' title='bbox 1459 2381 1504 2415; x_wconf 85' lang='lat'>11.</span> <span class='ocrx_word' id='word_1_427' title='bbox 1531 2387 1574 2416; x_wconf 83' lang='grc' dir='ltr'>Σ.</span> <span class='ocrx_word' id='word_1_428' title='bbox 1601 2379 1663 2413; x_wconf 92' lang='lat' dir='ltr'>od.</span> 
     </span>
     <span class='ocr_line' id='line_1_46' title="bbox 208 2424 1667 2478; baseline -0.012 -2"><span class='ocrx_word' id='word_1_429' title='bbox 208 2440 346 2478; x_wconf 89' lang='lat' dir='ltr'>XVIII</span> <span class='ocrx_word' id='word_1_430' title='bbox 372 2440 456 2473; x_wconf 91' lang='lat' dir='ltr'>Ges.</span> <span class='ocrx_word' id='word_1_431' title='bbox 496 2437 596 2472; x_wconf 92' lang='lat' dir='ltr'>Vers</span> <span class='ocrx_word' id='word_1_432' title='bbox 614 2434 697 2467; x_wconf 80' lang='lat'><strong>112:</strong></span> <span class='ocrx_word' id='word_1_433' title='bbox 729 2431 863 2475; x_wconf 86' lang='lat' dir='ltr'>„Aber</span> <span class='ocrx_word' id='word_1_434' title='bbox 886 2430 1007 2462; x_wconf 87' lang='lat' dir='ltr'>lassen</span> <span class='ocrx_word' id='word_1_435' title='bbox 1032 2438 1122 2469; x_wconf 82' lang='lat' dir='ltr'>wir,</span> <span class='ocrx_word' id='word_1_436' title='bbox 1157 2427 1250 2460; x_wconf 84' lang='lat' dir='ltr'>Was</span> <span class='ocrx_word' id='word_1_437' title='bbox 1273 2427 1461 2470; x_wconf 84' lang='lat' dir='ltr'>geschehn</span> <span class='ocrx_word' id='word_1_438' title='bbox 1485 2427 1552 2469; x_wconf 86' lang='lat' dir='ltr'>ist,</span> <span class='ocrx_word' id='word_1_439' title='bbox 1591 2424 1667 2459; x_wconf 86' lang='lat' dir='ltr'>wie</span> 
     </span>
     <span class='ocr_line' id='line_1_47' title="bbox 207 2471 1665 2522; baseline -0.012 0"><span class='ocrx_word' id='word_1_440' title='bbox 207 2499 248 2522; x_wconf 88' lang='lat' dir='ltr'>es</span> <span class='ocrx_word' id='word_1_441' title='bbox 274 2487 367 2521; x_wconf 90' lang='lat' dir='ltr'>auch</span> <span class='ocrx_word' id='word_1_442' title='bbox 399 2481 651 2518; x_wconf 83' lang='lat' dir='ltr'>schmerzet!&#39;’</span> <span class='ocrx_word' id='word_1_443' title='bbox 673 2497 715 2503; x_wconf 89' lang='lat'>—</span> <span class='ocrx_word' id='word_1_444' title='bbox 757 2477 912 2519; x_wconf 80' lang='lat' dir='ltr'>Reliqua</span> <span class='ocrx_word' id='word_1_445' title='bbox 942 2472 1083 2516; x_wconf 62' lang='lat' dir='ltr'>expeti„</span> <span class='ocrx_word' id='word_1_446' title='bbox 1118 2478 1240 2506; x_wconf 86' lang='lat' dir='ltr'>retten</span> <span class='ocrx_word' id='word_1_447' title='bbox 1266 2473 1405 2506; x_wconf 86' lang='lat' dir='ltr'>wollen</span> <span class='ocrx_word' id='word_1_448' title='bbox 1431 2472 1502 2506; x_wconf 86' lang='lat' dir='ltr'>wir</span> <span class='ocrx_word' id='word_1_449' title='bbox 1532 2471 1665 2514; x_wconf 88' lang='lat' dir='ltr'>lieber,</span> 
     </span>
     <span class='ocr_line' id='line_1_48' title="bbox 206 2516 1666 2568; baseline -0.013 1"><span class='ocrx_word' id='word_1_450' title='bbox 206 2535 300 2568; x_wconf 90' lang='lat' dir='ltr'>Was</span> <span class='ocrx_word' id='word_1_451' title='bbox 325 2532 420 2566; x_wconf 88' lang='lat' dir='ltr'>noch</span> <span class='ocrx_word' id='word_1_452' title='bbox 445 2540 491 2564; x_wconf 90' lang='lat' dir='ltr'>zu</span> <span class='ocrx_word' id='word_1_453' title='bbox 515 2533 637 2562; x_wconf 89' lang='lat' dir='ltr'>retten</span> <span class='ocrx_word' id='word_1_454' title='bbox 661 2525 718 2559; x_wconf 89' lang='lat' dir='ltr'>ist.</span> <span class='ocrx_word' id='word_1_455' title='bbox 735 2542 778 2548; x_wconf 85' lang='lat'>-—</span> <span class='ocrx_word' id='word_1_456' title='bbox 815 2523 895 2556; x_wconf 88' lang='lat' dir='ltr'>Hoc</span> <span class='ocrx_word' id='word_1_457' title='bbox 915 2520 1076 2563; x_wconf 78' lang='lat' dir='ltr'>primum</span> <span class='ocrx_word' id='word_1_458' title='bbox 1101 2519 1185 2561; x_wconf 91' lang='lat' dir='ltr'>(vor</span> <span class='ocrx_word' id='word_1_459' title='bbox 1208 2518 1348 2560; x_wconf 88' lang='lat' dir='ltr'>Allem)</span> <span class='ocrx_word' id='word_1_460' title='bbox 1375 2544 1383 2552; x_wconf 94' lang='lat'>.</span> <span class='ocrx_word' id='word_1_461' title='bbox 1400 2545 1408 2553; x_wconf 92' lang='lat'>.</span> <span class='ocrx_word' id='word_1_462' title='bbox 1428 2544 1436 2552; x_wconf 94' lang='lat'>.</span> <span class='ocrx_word' id='word_1_463' title='bbox 1463 2519 1525 2551; x_wconf 81' lang='lat' dir='ltr'>sed</span> <span class='ocrx_word' id='word_1_464' title='bbox 1550 2516 1666 2561; x_wconf 79' lang='lat' dir='ltr'>(diess</span> 
     </span>
     <span class='ocr_line' id='line_1_49' title="bbox 206 2563 1666 2616; baseline -0.014 -2"><span class='ocrx_word' id='word_1_465' title='bbox 206 2577 473 2616; x_wconf 86' lang='lat' dir='ltr'>Precianische</span> <span class='ocrx_word' id='word_1_466' title='bbox 498 2571 695 2613; x_wconf 69' lang='lat' dir='ltr'>Geschiift‚</span> <span class='ocrx_word' id='word_1_467' title='bbox 730 2569 833 2602; x_wconf 90' lang='lat' dir='ltr'>diese</span> <span class='ocrx_word' id='word_1_468' title='bbox 857 2564 1075 2608; x_wconf 81' lang='lat' dir='ltr'>Erbschast‚</span> <span class='ocrx_word' id='word_1_469' title='bbox 1109 2566 1185 2608; x_wconf 84' lang='lat' dir='ltr'>sag’</span> <span class='ocrx_word' id='word_1_470' title='bbox 1209 2564 1285 2607; x_wconf 91' lang='lat' dir='ltr'>ich)</span> <span class='ocrx_word' id='word_1_471' title='bbox 1311 2565 1376 2598; x_wconf 79' lang='lat' dir='ltr'>hoc</span> <span class='ocrx_word' id='word_1_472' title='bbox 1400 2568 1530 2597; x_wconf 79' lang='lat' dir='ltr'>tamen.</span> <span class='ocrx_word' id='word_1_473' title='bbox 1565 2563 1666 2607; x_wconf 88' lang='lat' dir='ltr'>Epa-</span> 
     </span>
     <span class='ocr_line' id='line_1_50' title="bbox 206 2609 1667 2669; baseline -0.014 -8"><span class='ocrx_word' id='word_1_474' title='bbox 206 2625 381 2669; x_wconf 83' lang='lat' dir='ltr'>nalepsis.</span> <span class='ocrx_word' id='word_1_475' title='bbox 407 2641 452 2648; x_wconf 90' lang='lat'>-—</span> <span class='ocrx_word' id='word_1_476' title='bbox 490 2631 557 2665; x_wconf 81' lang='lat' dir='ltr'>quo</span> <span class='ocrx_word' id='word_1_477' title='bbox 583 2616 732 2653; x_wconf 79' lang='lat' dir='ltr'>accessit</span> <span class='ocrx_word' id='word_1_478' title='bbox 755 2625 847 2649; x_wconf 81' lang='lat' dir='ltr'>cura</span> <span class='ocrx_word' id='word_1_479' title='bbox 870 2611 994 2646; x_wconf 81' lang='lat' dir='ltr'>dolori</span> <span class='ocrx_word' id='word_1_480' title='bbox 1019 2636 1027 2644; x_wconf 93' lang='lat'>.</span> <span class='ocrx_word' id='word_1_481' title='bbox 1046 2636 1054 2644; x_wconf 89' lang='lat'>.</span> <span class='ocrx_word' id='word_1_482' title='bbox 1081 2610 1316 2653; x_wconf 73' lang='lat' dir='ltr'>Precianum,</span> <span class='ocrx_word' id='word_1_483' title='bbox 1342 2609 1531 2653; x_wconf 80' lang='lat' dir='ltr'>negotium</span> <span class='ocrx_word' id='word_1_484' title='bbox 1557 2609 1667 2642; x_wconf 89' lang='lat' dir='ltr'>here-</span> 
     </span>
     <span class='ocr_line' id='line_1_51' title="bbox 206 2655 1668 2709; baseline -0.014 -2"><span class='ocrx_word' id='word_1_485' title='bbox 206 2671 335 2706; x_wconf 88' lang='lat' dir='ltr'>ditatis</span> <span class='ocrx_word' id='word_1_486' title='bbox 360 2668 586 2709; x_wconf 88' lang='lat' dir='ltr'>Precianae,</span> <span class='ocrx_word' id='word_1_487' title='bbox 612 2674 685 2708; x_wconf 92' lang='lat' dir='ltr'>quo</span> <span class='ocrx_word' id='word_1_488' title='bbox 711 2659 869 2695; x_wconf 84' lang='lat' dir='ltr'>accessit</span> <span class='ocrx_word' id='word_1_489' title='bbox 892 2668 981 2692; x_wconf 81' lang='lat' dir='ltr'>cura</span> <span class='ocrx_word' id='word_1_490' title='bbox 1007 2667 1084 2691; x_wconf 89' lang='lat' dir='ltr'>eam</span> <span class='ocrx_word' id='word_1_491' title='bbox 1110 2655 1338 2701; x_wconf 84' lang='lat' dir='ltr'>expediendi</span> <span class='ocrx_word' id='word_1_492' title='bbox 1364 2655 1488 2689; x_wconf 89' lang='lat' dir='ltr'>dolori</span> <span class='ocrx_word' id='word_1_493' title='bbox 1511 2665 1592 2688; x_wconf 89' lang='lat' dir='ltr'>meo</span> <span class='ocrx_word' id='word_1_494' title='bbox 1618 2664 1668 2688; x_wconf 83' lang='lat' dir='ltr'>ex</span> 
     </span>
     <span class='ocr_line' id='line_1_52' title="bbox 206 2700 1666 2754; baseline -0.014 -1"><span class='ocrx_word' id='word_1_495' title='bbox 206 2717 316 2753; x_wconf 81' lang='lat' dir='ltr'>amici</span> <span class='ocrx_word' id='word_1_496' title='bbox 336 2716 446 2750; x_wconf 83' lang='lat' dir='ltr'>huius</span> <span class='ocrx_word' id='word_1_497' title='bbox 463 2719 583 2748; x_wconf 86' lang='lat' dir='ltr'>morte</span> <span class='ocrx_word' id='word_1_498' title='bbox 600 2714 792 2754; x_wconf 82' lang='lat' dir='ltr'>concepto.</span> <span class='ocrx_word' id='word_1_499' title='bbox 806 2705 914 2741; x_wconf 80' lang='lat' dir='ltr'>SCH.</span> <span class='ocrx_word' id='word_1_500' title='bbox 938 2703 1029 2748; x_wconf 77' lang='lat' dir='ltr'>Vgl.</span> <span class='ocrx_word' id='word_1_501' title='bbox 1047 2713 1105 2748; x_wconf 86' lang='lat' dir='ltr'>ep.</span> <span class='ocrx_word' id='word_1_502' title='bbox 1119 2702 1384 2743; x_wconf 79' lang='lat' dir='ltr'>CCLXXXIL</span> <span class='ocrx_word' id='word_1_503' title='bbox 1397 2702 1487 2737; x_wconf 85' lang='grc'>2.-</span> <span class='ocrx_word' id='word_1_504' title='bbox 1507 2711 1588 2735; x_wconf 83' lang='lat' dir='ltr'>cum</span> <span class='ocrx_word' id='word_1_505' title='bbox 1605 2700 1666 2734; x_wconf 73' lang='lat' dir='ltr'>iio.</span> 
     </span>
    </p>
   </div>
  </div>
 </body>
</html>
