1795 3043
254 60 354 109 186
508 55 574 102 Μ.
611 55 668 102 Τ.
708 52 1052 102 CICERONIS
1086 55 1459 104 EPISTOLAE.

252 170 327 222 qui
358 168 598 212 centesimis
639 180 736 208 cum
772 168 1031 208 anatocismo
1073 170 1298 210 contentus
1335 183 1421 211 non
1460 171 1586 213 esset:
1623 171 1716 221 alii,

249 228 361 268 nihil
380 228 565 267 stultius.
615 225 726 265 Mihi
755 227 896 266 autem
926 225 1145 278 impudens
1175 229 1304 280 magis
1333 241 1459 279 quam
1488 230 1639 270 stultus
1659 231 1719 271 vi-

251 284 440 325 debatur.
498 282 606 324 Nam
634 284 708 323 aut
738 282 848 322 bono
879 285 1046 323 nomine
1077 285 1318 325 centesimis
1359 287 1580 327 contentus
1610 290 1716 341 erat,

169 345 226 385 13
250 343 337 389 aut,
369 354 453 380 non
483 340 610 388 bono,
642 341 869 391 quaternas
898 341 1148 381 centesimas
1170 342 1379 393 sperabat.
1420 343 1560 384 Habes
1579 357 1715 385 meam

250 411 442 442 causam:
474 411 582 450 quae
613 398 649 438 si
669 399 801 437 Bruto
821 409 904 437 non
931 398 1148 451 probatur,
1178 401 1336 448 nescio,
1369 412 1446 440 cur
1461 400 1583 441 illum
1602 415 1713 442 ame-

247 470 359 499 musx
391 456 462 496 sed
493 456 702 496 avunculo
733 456 822 495 eins
854 457 970 495 certe
997 455 1272 507 probabitur,
1304 458 1554 509 praesertim
1584 471 1714 510 quum

245 518 416 555 senatus
447 514 686 553 consultum
718 512 839 552 modo
870 513 1029 553 factum
1059 514 1132 565 sit,
1171 516 1299 565 puto,
1337 516 1559 566 postquam
1590 518 1637 556 tu
1667 529 1712 556 es

241 572 484 625 profectus,
517 571 562 611 in
594 569 853 610 creditorum
883 582 1028 619 causa,
1059 573 1106 611 ut
1137 571 1390 611 centesimae
1418 573 1623 624 perpetuo
1652 574 1712 613 fe-

242 641 350 670 nore
380 629 650 669 ducerentur.
721 627 815 666 Hoc
845 627 947 679 quid
977 629 1167 680 intersit,
1208 630 1244 668 si
1281 631 1374 669 tuos
1413 629 1566 682 digitos
1594 630 1709 680 novi,

242 688 359 727 certe
399 686 530 726 habes
568 684 836 725 subductum.
909 686 959 724 In
999 697 1081 735 quo
1120 687 1315 738 quidem,
1356 687 1454 724 ὁδοῦ
1490 685 1707 737 πάρεργον,

238 743 451 784 Lucceius
480 742 536 782 M.
566 742 616 782 F.
647 741 838 792 queritur
867 742 978 794 apud
1009 755 1075 781 me
1104 756 1181 794 per
1211 744 1355 784 literas
1385 757 1591 784 summum
1619 757 1708 784 esse

235 801 497 854 periculum,
529 810 582 839 ne
605 800 731 851 culpa
761 800 929 840 senatus
958 799 1025 839 his
1055 799 1235 840 decretis
1265 813 1332 841 res
1362 802 1414 842 ad
1444 802 1610 843 tabulas
1634 814 1708 842 110-

235 925 277 968 1,
296 935 334 968 a,
355 926 387 961 5.
407 943 452 948 —-
492 923 554 968 qui
578 932 624 956 t:
647 921 789 967 quippe
821 921 886 964 qui
913 947 921 955 .
938 947 945 955 .
963 947 971 955 .
998 924 1092 954 cont.
1118 931 1189 954 non
1220 926 1329 965 esset,
1364 922 1431 957 der
1461 922 1529 957 mit
1554 923 1597 957 12
1622 934 1705 956 vom

234 972 304 1007 100
329 971 488 1005 iahrlich
513 981 549 1003 u.
576 970 649 1003 den
679 979 762 1002 zum
788 968 933 1013 capital
964 967 1238 1012 geschlagenen
1265 969 1401 1003 Zinsen
1434 969 1538 1003 nicht
1568 969 1705 1003 zusrie-

235 1018 308 1053 den
334 1017 463 1053 sei.—
502 1017 603 1051 Nam
628 1042 637 1049 .
653 1042 662 1051 .
680 1042 688 1049 .
713 1016 902 1060 sperabat,
928 1015 1051 1057 Denn,
1084 1014 1279 1048 entweder
1308 1026 1388 1049 war
1423 1027 1483 1057 er,
1518 1026 1629 1050 wenn
1663 1026 1705 1049 er

234 1064 297 1101 die
322 1062 546 1100 Salaminier
569 1063 629 1097 fiir
652 1062 801 1096 sichere
827 1062 900 1094 und
926 1061 1180 1105 zuverlassige
1204 1060 1417 1095 Schuldner
1440 1062 1552 1105 hielt,
1576 1062 1641 1096 mit
1661 1062 1705 1095 12

232 1121 319 1145 vom
343 1114 410 1146 100
441 1110 646 1145 iahrlicher
677 1108 813 1142 Zinsen
850 1108 1063 1150 zufrieden,
1097 1108 1142 1141 da
1179 1108 1241 1141 die
1275 1109 1412 1141 Zinsen
1445 1119 1518 1141 von
1552 1108 1703 1151 Zinsen‚

231 1158 321 1193 weil
350 1159 415 1192 das
434 1157 582 1202 Capital
601 1155 703 1190 nicht
725 1166 807 1188 zum
823 1155 1007 1199 Deposito
1024 1154 1193 1197 gemacht
1214 1155 1358 1197 wurde,
1385 1165 1432 1188 zu
1448 1155 1588 1188 seinem
1600 1156 1705 1191 Vor-

229 1204 349 1238 theile
374 1204 563 1238 sortliesen
590 1203 665 1236 und
691 1202 934 1243 anwuchsen3
960 1201 1053 1234 oder
1078 1211 1186 1235 wenn
1214 1212 1254 1234 er
1280 1201 1526 1245 beffirchtete,
1552 1201 1614 1235 die
1633 1201 1702 1235 Sa-

227 1251 402 1285 laminier
433 1251 599 1284 konnten
636 1248 702 1282 das
735 1248 882 1292 Capital
914 1247 1016 1279 nicht
1055 1247 1256 1290 beminen,
1293 1259 1334 1281 so
1367 1253 1484 1281 setzte
1517 1259 1558 1281 er
1595 1248 1700 1282 seine

229 1297 422 1341 Hoffnung
447 1296 597 1339 darauf,
636 1295 721 1328 dass
747 1306 788 1328 er
819 1292 1046 1327 monathlich
1071 1294 1093 1326 4
1126 1304 1209 1326 vom
1235 1295 1301 1328 100
1331 1293 1558 1337 wenigstens
1589 1300 1700 1328 unter

228 1343 351 1379 einem
377 1344 517 1377 andern
542 1341 756 1377 Proconsul
782 1340 951 1374 erhalten
978 1339 1120 1374 wiirde.
1169 1340 1298 1372 bonum
1330 1350 1457 1373 nomen
1481 1352 1527 1374 =
1553 1340 1701 1374 debito-

227 1402 303 1434 res,
329 1391 464 1434 quibus
488 1388 648 1435 pecunia
673 1393 775 1421 certa
799 1398 880 1419 cum
906 1385 1044 1418 fiducia
1070 1385 1236 1420 creditur
1274 1391 1310 1420 et
1336 1386 1373 1419 in
1399 1386 1533 1429 quibus
1557 1388 1699 1420 nullum

226 1442 286 1472 est
309 1436 474 1471 iacturae
498 1435 719 1482 periculum.
747 1433 855 1468 SCH.
897 1444 968 1466 non
993 1437 1177 1466 contentus
1201 1432 1291 1466 Ern.
1319 1443 1419 1477 susp.
1462 1433 1562 1468 Vide
1587 1433 1698 1467 etiam

226 1489 340 1527 atque
366 1484 498 1527 etiam,
528 1494 575 1516 ne
610 1481 736 1526 potius
769 1481 807 1513 in
839 1479 1100 1523 superioribus
1132 1479 1329 1523 legendum
1354 1480 1421 1513 sit:
1454 1479 1547 1513 milei
1578 1484 1698 1513 autem

224 1541 299 1565 non
323 1531 511 1575 impudens
534 1529 670 1570 magis,
695 1538 803 1571 quam
827 1526 958 1559 stultus
981 1526 1192 1566 videbatur,-
1228 1527 1336 1568 (sane
1358 1525 1517 1567 ironice)
1544 1537 1638 1569 nam,
1664 1525 1698 1560 si

224 1577 363 1611 bonum
390 1583 489 1612 esset
513 1585 645 1609 nomen
672 1572 978 1613 Salaminiorum,
1014 1572 1139 1617 potius
1167 1583 1273 1614 quam
1302 1578 1339 1605 ut
1364 1573 1409 1606 ab
1436 1572 1482 1607 iis
1508 1573 1698 1618 acciperet

222 1624 441 1670 pecuniam,
474 1622 758 1657 centesimarum
787 1619 919 1653 fenore
948 1625 1144 1652 contentus
1170 1624 1269 1661 erat;
1303 1618 1333 1652 si
1358 1619 1511 1662 malum,
1546 1631 1590 1653 eo
1617 1630 1694 1653 rem

222 1671 401 1716 sperabat
425 1681 465 1704 se
490 1669 753 1704 adducturum,
788 1672 828 1699 ut
853 1665 1075 1700 necessitate
1099 1664 1299 1709 aliquando
1325 1666 1446 1699 coacti
1471 1665 1581 1700 etiam
1606 1677 1694 1710 qua-

219 1722 348 1752 ternas
373 1718 576 1751 solverent.
606 1713 804 1748 ORELLI.

315 1766 371 1799 13.
403 1775 520 1797 meam
545 1772 706 1803 causam,
732 1760 803 1792 den
829 1768 971 1802 ganzen
990 1757 1138 1792 Handel
1152 1769 1186 1791 u.
1201 1757 1276 1791 wie
1293 1756 1352 1790 ich
1369 1758 1478 1791 dabei
1496 1758 1691 1793 verfahren

219 1810 330 1844 habe.
357 1830 399 1835 -
426 1811 603 1844 avunculo
628 1809 724 1850 eius,
750 1806 803 1840 M.
825 1805 974 1847 Catoni,-
999 1805 1095 1838 denn
1122 1805 1254 1838 dessen
1275 1804 1585 1838 Schwestersohn
1612 1816 1693 1838 war

218 1858 375 1892 Brutus.
395 1877 436 1883 —
477 1858 603 1899 modo,
636 1853 797 1888 neulich.
841 1852 967 1886 Ueber
993 1851 1054 1884 die
1081 1852 1253 1894 Stellung
1280 1861 1349 1883 von
1377 1855 1465 1895 pulo
1491 1862 1518 1885 s.
1538 1852 1688 1885 Ramsli.

220 1905 250 1948 §.
264 1905 435 1946 197.b,3.
463 1904 597 1947 Zumpt
614 1902 790 1944 §.777.-
812 1899 850 1932 in
868 1899 963 1932 cred.
982 1909 1106 1940 causa,
1126 1898 1161 1931 in
1174 1897 1318 1932 Sachen
1334 1897 1400 1931 der
1415 1898 1691 1941 Gliiufflgen—

218 1954 322 1984 ut...
339 1951 556 1983 ducerentur
581 1949 616 1982 in
644 1946 922 1991 supputatione,
948 1944 1032 1978 dass
1058 1955 1139 1978 man
1165 1943 1392 1977 monathlich
1418 1955 1487 1977 nur
1503 1947 1606 1978 lvon
1623 1946 1690 1979 100

216 1997 495 2030 unverziuslich
521 1994 771 2030 fortlaufende
797 1994 1008 2026 Interessen
1039 1991 1250 2025 berechnen
1267 1990 1339 2024 und
1365 1991 1545 2024 beziehen
1562 1991 1685 2025 sollte.

211 2047 390 2088 perpetuo
403 2045 540 2086 fenore,
552 2042 632 2076 sine
648 2039 891 2075 renovatione
906 2038 1137 2082 singulorum
1152 2048 1344 2080 annorum,
1356 2036 1436 2070 sine
1447 2038 1687 2081 anatocismo,

217 2100 266 2123 ne
291 2101 424 2124 usurae
451 2100 643 2124 usurarum
670 2088 926 2128 solverentur,
951 2085 1016 2118 sed
1042 2084 1322 2118 centesimarum
1343 2090 1564 2128 perpetuum
1589 2089 1689 2117 esset

216 2136 337 2179 fenus,
364 2137 438 2170 alio
463 2143 661 2181 praeterea
683 2136 814 2168 fenore
840 2143 911 2165 non
938 2131 1091 2165 adiecto.
1118 2129 1386 2164 MANUT.-
1416 2130 1495 2163 Hoc
1520 2130 1608 2174 quid
1630 2131 1688 2164 in-

216 2183 324 2216 tersit
349 2189 442 2225 cet.,
483 2185 574 2217 Was
606 2183 671 2215 das
702 2181 761 2214 fiir
795 2180 904 2215 einen
937 2177 1185 2212 Unterschied
1219 2177 1348 2210 mache
1380 2176 1453 2210 und
1486 2176 1561 2210 wie
1595 2176 1686 2213 Viel

217 2228 391 2274 Scaptius
416 2230 584 2274 dagegen
609 2229 672 2262 bei
697 2228 806 2270 Dem,
832 2237 910 2260 was
936 2225 997 2259 ich
1020 2225 1093 2258 ihm
1120 2223 1385 2266 zugcstanden‚
1410 2223 1506 2256 noch
1531 2233 1686 2266 gewon-

213 2286 288 2309 nen
316 2276 430 2319 habe,
454 2276 518 2309 das
545 2277 626 2309 hast
650 2275 732 2316 Du,
758 2274 867 2307 kenn’
892 2272 952 2306 ich
979 2271 1111 2305 anders
1134 2268 1255 2303 Deine
1272 2270 1430 2313 Finger,
1455 2270 1577 2313 langst
1602 2280 1684 2303 aus-

214 2324 433 2366 gerechnet.
482 2323 593 2356 Denn
618 2322 691 2354 ihm
717 2320 868 2354 blieben
895 2319 990 2352 doch
1015 2317 1076 2350 die
1094 2316 1231 2350 Zinsen
1257 2328 1329 2349 von
1345 2316 1494 2350 Zinsen.
1528 2317 1681 2358 digitos.

214 2369 260 2403 In
287 2369 417 2413 digitis
445 2370 539 2402 enim
563 2374 764 2412 supputare
791 2366 971 2401 solebant.
996 2364 1105 2398 SCH.
1125 2381 1170 2387 -
1207 2362 1320 2399 ὁδοῦ
1351 2362 1604 2410 πάρεργον,
1643 2367 1682 2395 ut

213 2415 287 2449 hoc
312 2415 437 2449 obiter
461 2415 578 2449 dicam
605 2421 642 2448 et
667 2413 771 2457 quasi
791 2410 1063 2456 praetereundo
1085 2420 1114 2443 s.
1134 2416 1285 2454 praeter
1300 2408 1545 2454 propositum.
1571 2407 1679 2442 SC'H.

214 2480 259 2487 —
292 2462 468 2496 Lucceius
493 2463 560 2496 der
586 2461 763 2503 iungere,
790 2459 909 2493 Marci
934 2458 1044 2492 filius.
1062 2475 1107 2480 —
1146 2457 1372 2500 periculum,
1400 2466 1443 2488 ne
1468 2456 1510 2497 (s.
1528 2454 1678 2488 Ramsh.

212 2508 394 2552 §.193,1,
414 2510 464 2551 4.)
498 2509 604 2553 culpa
630 2513 700 2540 cet.
739 2516 777 2539 es
810 2505 865 2539 sei
897 2515 942 2538 zu
977 2503 1171 2546 surchten‚
1210 2503 1294 2536 dass
1329 2512 1368 2535 es
1400 2501 1517 2535 durch
1549 2500 1679 2534 solche

211 2555 302 2589 iibel
345 2555 527 2590 bedachte
566 2552 867 2595 Vei-ordnungen
909 2551 975 2584 des
1014 2550 1147 2584 Senats
1187 2559 1234 2583 zu
1273 2546 1391 2582 einem
1432 2546 1678 2590 allgemeinen

210 2600 397 2636 Bankrott
410 2602 581 2636 kommen
609 2601 765 2635 mochte.
782 2618 825 2624 —
851 2597 906 2631 his
931 2597 1098 2639 decretis,
1125 2606 1220 2638 quae
1245 2595 1456 2629 debitorum
1481 2593 1678 2627 sublevan-

213 2647 344 2681 dorum
370 2659 479 2682 causa
504 2660 525 2682 a
549 2653 678 2682 senatu
712 2646 807 2680 facta
837 2650 934 2679 sunt.
961 2643 1068 2678 SCH.
1105 2642 1153 2675 ad
1177 2643 1247 2676 tab.
1279 2651 1410 2680 ηουαε,
1444 2639 1580 2682 quibus
1612 2649 1678 2684 pe-

201 2694 344 2731 ,cuniae
369 2695 534 2729 creditae
557 2692 803 2729 debitoribus
821 2690 1025 2724 condonari
1057 2689 1199 2729 solent,
1229 2692 1341 2735 χρεώιι
1367 2685 1560 2727 ἀποκοπάς
1588 2685 1675 2720 Lib.

211 2739 300 2776 VII.
327 2741 373 2777 ad
400 2742 511 2778 Attic.
544 2753 601 2787 ep⁴
622 2742 674 2776 10.
704 2736 920 2774 GORRAD.
938 2756 982 2763 -
1030 2737 1070 2770 C.
1088 2735 1156 2770 Iul.
1185 2736 1341 2777 Caesar,
1380 2732 1427 2767 ob
1461 2732 1514 2766 als
1539 2732 1676 2767 Prinos
