1795 3043
282 67 598 116 EPISTOLA
643 64 977 111 CCCXXXIII.
1049 64 1374 111 CCCXXXIV.
1459 73 1559 123 397

203 172 519 230 EPISTOLA
567 178 896 226 CCCXXXIII.
945 178 1026 238 (ad
1062 179 1151 224 Att.
1190 179 1320 226 VIII.
1355 182 1459 240 10.)

199 260 282 295 Ser.
310 260 347 294 in
370 257 571 294 Formiano
600 257 649 294 v.
667 255 888 306 Kar-Mart.
922 255 967 289 A.
987 254 1031 289 υ.
1057 257 1098 290 C.
1127 256 1203 291 7οό.
1239 258 1287 299 (a.
1313 257 1355 291 c.
1381 257 1462 301 49.)

144 328 373 374 Dionysium
397 340 420 364 a
443 339 484 363 se
508 326 720 362 liberaliter
743 329 935 368 acceptum
961 328 997 356 et
1023 323 1216 359 dim'issum
1241 336 1325 360 esse
1350 326 1504 362 nuntiat.

586 394 774 429 CICERO
806 392 999 427 ATTICO
1026 392 1066 428 S.

206 456 432 510 Dionysius
460 466 586 507 quum
615 453 667 493 ad
696 465 763 493 me
791 453 961 504 praeter
991 451 1235 504 opinionem
1263 465 1398 494 meam
1428 453 1562 495 venis·

95 513 181 564 set,
220 514 390 553 locutus
428 525 517 552 sum
553 522 651 550 cum
692 522 741 550 eo
778 509 1095 558 liberalissime,
1143 511 1336 561 tempora
1366 512 1561 563 exposuit

95 571 262 622 rogavi,
311 572 358 610 ut
387 569 567 619 diceret,
611 567 715 618 quid
749 565 930 607 haberet
964 566 1010 606 in
1049 567 1209 607 animo:
1264 579 1331 607 me
1365 569 1476 608 nihil
1507 568 1561 609 ab

96 626 188 678 ipso
225 627 359 667 invito
409 624 680 667 contendere.
758 623 992 675 Respondit
1028 636 1094 676 se,
1144 623 1341 676 quod-in
1380 626 1563 665 nummis

96 684 294 738 haberet,
332 684 497 724 nescire
525 693 608 734 quo
637 681 723 721 loci
749 683 878 721 esset:
921 681 1027 720 alios
1057 694 1141 721 non
1164 683 1351 730 solvere,
1383 683 1563 723 aliorum

97 740 206 781 diem
244 741 429 781 nondum
470 752 571 779 esse.
634 738 754 778 Dixit
795 738 922 778 etiam
954 739 1040 778 alia
1067 738 1273 789 quaedam
1303 739 1355 778 de
1384 741 1563 780 servulis

96 798 197 849 suis,
225 810 357 850 quare
385 796 606 837 nobiscum
636 807 727 835 esse
756 808 840 835 non
871 797 1024 847 posset.
1075 796 1238 836 Morem
1267 796 1394 848 gessi:
1425 796 1563 837 dimisi

97 869 121 894 a
159 867 249 902 me,
295 856 342 894 ut
376 854 621 906 magistrum
651 852 927 900 Ciceronum,
960 866 1041 892 non
1073 851 1296 902 lubenter3
1344 855 1391 893 ut
1432 855 1564 894 homi-

97 923 192 951 nem
222 911 459 964 ingratum,
497 923 581 950 non
613 909 786 952 invitus.
845 911 971 950 Volui
1001 912 1043 949 te
1072 910 1207 962 scire,
1256 911 1358 962 quid
1394 923 1470 965 ego
1512 911 1564 951 de

99 969 187 1009 eius
217 970 332 1009 sacto
363 969 610 1009 iudicarem.

690 1052 966 1060 .————-.——-

200 1118 518 1164 EPISTOLA
561 1116 887 1162 CCCXXXIV.
935 1116 1017 1175 (ad
1051 1117 1142 1163 Att.
1178 1116 1306 1163 VIII.
1343 1119 1451 1176 11.)

187 1193 269 1229 Ser.
295 1192 334 1227 in
359 1193 558 1227 Formiano
583 1193 653 1227 111.
673 1192 757 1228 Kal.
785 1193 896 1228 Mart.
930 1194 975 1227 A.
1002 1192 1046 1226 U.
1075 1193 1116 1228 c.
1143 1194 1220 1228 705.
1257 1195 1304 1236 (a.
1331 1194 1373 1228 c.
1399 1194 1473 1235 49.)

97 1261 240 1298 Tristia
270 1262 317 1296 de
348 1273 389 1296 re
412 1261 566 1306 publica
594 1261 753 1305 auguria
787 1260 955 1306 exponit.
992 1261 1108 1295 1—4.
1165 1261 1264 1298 Quid
1288 1261 1335 1296 ad
1360 1273 1400 1296 se
1426 1263 1566 1297 Caesar

98 1307 315 1353 scripserit,
355 1310 483 1342 refert.
525 1309 560 1342 5.
615 1308 872 1352 Epistolarum
905 1307 1080 1352 Pompeii
1114 1307 1159 1341 ad
1192 1319 1234 1342 se
1266 1319 1491 1351 suarumque
1521 1309 1568 1343 ad

145 1355 250 1389 illum
285 1355 548 1398 rescriptarum
575 1354 748 1398 exempla
771 1353 894 1387 mittit.
932 1355 965 1388 6.
1025 1353 1140 1398 petit,
1172 1360 1213 1388 ut
1237 1355 1310 1388 Sibi
1337 1355 1522 1390 bonorum

258 1411 448 1435 sermones
472 1399 682 1445 perscribat
714 1405 751 1432 et
774 1399 962 1434 Demetrii
987 1399 1176 1443 Magnetis
1200 1401 1336 1436 librum
1361 1402 1408 1436 de

565 1446 776 1481 Concordia
800 1446 874 1480 sibi
899 1446 1030 1481 mittat.
1065 1449 1098 1481 7.

592 1514 781 1549 CICERO
812 1514 1003 1549 ATTICO
1036 1514 1077 1550 S.

212 1585 333 1634 Quod
362 1597 429 1624 me
460 1596 609 1638 magno
640 1585 770 1626 animi
798 1586 915 1625 motu
944 1584 1243 1637 perturbatum
1272 1586 1419 1639 putas3
1476 1599 1567 1627 sum

101 1643 316 1695 equidem,
366 1642 437 1682 sed
468 1654 551 1681 non
592 1643 677 1682 tam
713 1655 887 1695 magno,
929 1655 1055 1694 quam
1084 1643 1165 1683 tibi
1195 1644 1373 1684 fortasse
1403 1643 1566 1684 videor.

100 1701 282 1741 Levatur
311 1699 424 1739 enim
452 1699 588 1738 omnis
619 1712 746 1751 cura,
777 1711 908 1751 quum
939 1702 1012 1739 aut
1042 1700 1234 1740 constitit
1251 1701 1479 1741 consilium
1497 1703 1570 1740 aut

101 1756 324 1810 cogitando
362 1756 473 1799 nihil
514 1757 764 1808 explicatur.
835 1757 1078 1797 Lamentari
1109 1759 1249 1798 autem
1280 1758 1396 1800 licet.
1456 1757 1570 1797 Illud

99 1817 240 1856 tamen
270 1816 381 1854 totos
411 1813 521 1859 dies,
554 1826 722 1865 vereor,
751 1825 829 1866 ne,
857 1814 965 1853 nihil
995 1827 1124 1866 quum
1154 1814 1403 1867 proficiam,
1443 1817 1570 1855 etiam

100 1872 298 1912 dedecori
329 1872 383 1910 sit
411 1870 560 1910 studiis
590 1883 639 1910 ac
669 1871 806 1910 literis
826 1871 998 1913 nostris.
1061 1871 1267 1913 Consumo
1293 1872 1424 1925 igitur
1448 1882 1571 1912 omne

190 1995 223 2027 1.
257 1990 467 2036 Dionysius.
500 1989 540 2025 S.
569 2001 628 2033 ep.
651 1990 906 2027 CCCXXVII
932 2003 964 2026 u.
991 1992 1276 2029 CCCXXVIII.
1311 2013 1356 2018 —
1403 1995 1570 2030 venisset.

27 2063 29 2078 ἰ
98 2042 243 2085 Nempe
268 2044 309 2072 ut
333 2047 447 2083 supra
469 2036 644 2081 scripsit,
677 2037 788 2073 VIII.
816 2038 902 2072 Kal.
928 2039 1040 2073 Mart.
1067 2039 1232 2084 vesperi.
1267 2040 1339 2073 Illo
1365 2039 1427 2073 die
1452 2041 1571 2085 igitur

28 2115 29 2130 1
100 2087 262 2121 nondum
296 2095 378 2118 cum
406 2094 449 2117 eo
475 2083 643 2125 colloqui
668 2090 863 2128 potuerat,
896 2095 990 2128 nec,
1030 2085 1121 2128 quid
1147 2097 1227 2119 cum
1255 2097 1299 2119 eo
1327 2086 1490 2130 egisset,
1524 2087 1570 2121 ad

29 2136 31 2176 ζ
99 2133 264 2169 Atticum
300 2130 479 2164 scribere.
514 2130 621 2164 SCH.
654 2148 698 2155 —
746 2129 877 2164 habere
901 2131 940 2164 in
965 2132 1122 2164 nummis
1156 2132 1296 2166 dicitur
1330 2133 1376 2166 de
1411 2134 1570 2176 pecunia

99 2186 137 2214 et
161 2189 256 2223 quae
281 2177 318 2211 in
344 2187 430 2210 arca
455 2181 512 2209 est
532 2182 569 2209 et
593 2185 687 2219 quae
711 2176 835 2210 fenori
852 2176 937 2211 data
961 2177 1241 2222 opponiturque
1259 2178 1438 2224 praediis.
1470 2180 1571 2215 Ver-

30 2242 32 2257 J
99 2226 170 2259 rin.
199 2225 270 2266 III,
295 2224 356 2258 86:
400 2223 505 2256 habet
536 2223 575 2255 ιή
608 2222 785 2265 nummis,
821 2224 860 2256 in
885 2225 1036 2257 urbanis
1056 2225 1236 2267 praediis.
1262 2225 1497 2259 ERNESTI.
1525 2245 1570 2251 -—

100 2272 240 2305 nescire
263 2280 331 2314 quo
357 2270 430 2303 loci
455 2273 564 2311 esset,
602 2269 677 2302 wie
710 2280 751 2302 er
783 2279 828 2303 zu
862 2270 1004 2304 seinem
1029 2271 1210 2305 Bisschen
1238 2272 1360 2306 Gelde
1396 2272 1569 2305 kommen

100 2318 225 2353 sollte.
285 2315 412 2349 Ueber
449 2326 516 2359 quo
550 2315 624 2347 loci
670 2325 698 2348 s.
734 2316 882 2350 Ramsh.
920 2317 951 2358 ξ.
980 2318 1059 2359 115,
1091 2319 1125 2352 3.
1165 2318 1308 2352 Grotef.
1353 2320 1383 2362 ξ.
1413 2319 1491 2353 232.
1526 2337 1570 2343 —-

99 2365 196 2398 diem
218 2373 265 2394 :t
290 2361 555 2405 Zahlungstag.
594 2362 752 2395 nondum
776 2363 900 2395 venire
934 2364 1018 2407 (pro
1045 2365 1133 2404 esse)
1165 2366 1252 2399 Asc.
1276 2365 1309 2399 2.
1346 2366 1446 2399 Crat.
1481 2375 1570 2396 non-

100 2412 185 2445 dum
209 2407 349 2441 venisse
379 2407 510 2449 „Alii”
550 2407 587 2440 in
621 2419 666 2441 m.
693 2409 794 2443 1554.
833 2409 906 2443 OR.
940 2428 983 2434 —
1038 2410 1186 2444 Morem
1215 2411 1337 2454 gessi,
1380 2411 1439 2444 ich
1468 2410 1571 2443 will-

100 2457 221 2491 fahrte
242 2455 332 2494 ihm,
358 2453 428 2496 gab
454 2454 526 2487 ihm
546 2453 683 2488 Gelit'jr.
709 2474 755 2481 --
795 2455 838 2488 de
863 2456 941 2488 eius
965 2456 1082 2496 facto,
1109 2468 1182 2490 von
1208 2458 1347 2491 seinem
1364 2456 1568 2500 Betragen.

193 2504 225 2535 1.
260 2510 367 2544 quum
393 2526 401 2532 .
419 2525 426 2532 .
444 2525 452 2532 .
480 2499 574 2532 nihil
597 2500 823 2543 explicatur,
866 2511 973 2535 wann
1000 2502 1070 2536 wir
1096 2504 1286 2538 entweder
1313 2503 1421 2536 einen
1447 2501 1567 2536 sesten

37 2551 38 2564 ¹
100 2547 321 2583 Entschluss
346 2545 485 2589 gefasst
510 2546 629 2579 haben
657 2547 749 2581 oder
774 2548 840 2581 mit
864 2548 973 2582 aliem
1000 2559 1159 2583 unseren
1184 2549 1345 2583 Denken
1372 2548 1474 2581 nicht
1500 2548 1568 2582 in's

37 2600 40 2611 ¹
101 2596 217 2629 Klare
245 2593 418 2627 kommen
451 2591 611 2626 konnen.
643 2610 687 2616 —
734 2594 838 2627 Illud
872 2598 991 2627 tamen
1025 2595 1106 2630 scil.
1142 2594 1337 2629 lamentari
1370 2605 1438 2638 per
1475 2598 1570 2627 totos

101 2642 178 2675 dies
201 2650 244 2673 ne
270 2664 301 2673 ..
319 2664 327 2672 .
351 2639 401 2671 sit
435 2648 468 2672 u.
496 2648 524 2671 s.
551 2648 599 2671 W.
630 2637 743 2682 hiingt
767 2650 838 2673 von
864 2652 993 2674 vereor
1016 2642 1079 2675 ab:
1122 2642 1210 2683 „ich
1240 2641 1388 2674 ffirchte
1419 2640 1565 2682 iedoch,

40 2676 41 2723 J
102 2688 207 2729 dass,
231 2694 342 2719 wenn
367 2683 427 2717 ich
452 2683 686 2727 ganze'rage
712 2685 799 2730 lang
823 2687 1058 2730 wehklagte,
1091 2687 1210 2729 diess,
1235 2687 1322 2720 weil
1350 2686 1408 2720 ich
1433 2687 1565 2721 Nichts

40 2760 42 2767 ⁴
101 2733 216 2768 damit
239 2730 447 2776 ausrichte‚
478 2729 620 2764 meiner
645 2730 895 2777 Philosophie
921 2733 993 2767 und
1011 2733 1156 2767 meinen
1170 2732 1564 2778 schriststellerischen
