1795 3043
173 21 275 71 152
447 17 514 66 Μ.
549 18 606 64 Τ.
641 16 982 67 CICERONIS
1015 17 1391 67 EPISTOLAE.

103 137 158 178 13
181 142 331 183 semus,
359 129 552 172 omnibus
582 130 847 172 anteferrem.
887 131 1070 180 Quaeres
1089 132 1279 180 sortasse,
1311 128 1414 182 quid
1430 128 1498 179 sit,
1531 129 1645 183 quod

185 199 262 240 ego
293 189 373 228 hoc
405 188 546 228 nescio
577 187 682 239 quid
710 189 1003 242 gratulationis
1034 191 1075 228 et
1103 189 1276 229 honoris
1306 202 1330 229 a
1359 189 1506 228 senatu
1535 188 1645 228 tanti

182 245 408 285 aestimem.
467 243 601 297 Agam
638 245 720 284 iam
760 247 900 286 tecum
928 245 1217 294 familiariter,
1258 245 1304 286 ut
1334 245 1397 285 est
1427 246 1469 285 et
1497 245 1645 285 studiis

185 303 228 341 et
256 300 406 341 officiis
437 302 592 342 uostris
621 303 776 342 mutuis
806 305 848 343 et
886 315 1046 343 summa
1082 303 1267 343 amicitia
1306 301 1478 354 dignum
1507 303 1548 342 et
1576 314 1647 342 ne-

185 358 441 398 cessitudine
471 358 598 399 etiam
626 361 815 411 paterna.
875 360 920 400 Si
949 360 1171 412 quisquam
1200 360 1280 399 suit
1305 371 1490 410 unquam
1513 370 1647 399 remo-

185 416 253 455 tus
283 417 324 454 et
353 417 506 455 natura
531 417 573 455 et
602 417 735 469 magis
760 416 900 466 etiam,
930 419 976 456 ut
996 417 1101 457 mihi
1125 416 1293 469 quidem
1310 417 1469 455 sentire
1486 415 1646 468 videor,

183 471 349 512 ratione
378 474 503 523 atque
532 472 725 514 doctrina
754 473 806 514 ab
834 474 951 514 inani
980 473 1104 514 laude
1145 475 1187 514 et
1222 472 1485 514 sermonibus
1513 474 1646 526 vulgi,

186 540 264 580 ego
295 530 484 581 profecto
515 530 552 570 is
582 543 684 570 sum.
758 530 892 570 Testis
924 532 984 571 est
1013 532 1254 571 consulatus
1290 543 1428 580 meus3
1467 530 1513 570 in
1550 542 1648 582 quo,

183 586 295 625 sicut
325 587 369 626 in
399 588 568 638 reliqua
597 587 699 635 vita,
731 588 868 628 fateor
888 599 937 628 ea
956 600 1021 627 me
1046 588 1228 628 studiose
1250 589 1453 636 secutum,
1485 599 1537 628 ex
1557 588 1649 639 qui-

185 641 262 682 bus
291 655 391 683 vera
419 644 556 696 gloria
585 645 702 684 nasci
732 646 894 696 possett
931 645 1065 696 ipsam
1093 645 1261 696 quidem
1290 645 1467 698 gloriam
1494 656 1572 697 per
1602 656 1648 684 se

184 711 403 750 nunquam
433 700 577 752 putavi
599 701 884 752 expetendam.
927 702 1073 753 ltaque
1096 703 1138 742 et
1166 702 1429 754 provinciam
1458 703 1650 743 ornatam

186 757 228 796 et
256 768 371 808 spem
401 769 485 796 non
509 757 681 797 dubiam
702 758 907 811 triumphi
934 759 1120 811 neglexi:
1150 759 1432 799 sacerdotium
1450 759 1647 810 denique,

186 825 315 864 quum
332 836 389 843 —-
406 814 753 865 quemadmodum
774 816 816 855 te
833 815 1074 855 existimare
1095 816 1281 856 arbitror
1297 838 1355 848 --·
1373 829 1456 856 non
1478 816 1650 856 difficil-

184 870 284 909 lime
314 873 515 922 consequi
546 884 724 924 possem,
757 884 839 912 non
872 873 1069 924 appetivi.
1114 872 1229 913 Idem
1250 875 1342 925 post
1360 874 1560 914 iniuriam
1581 885 1650 913 ac-

185 929 350 979 ceptam
379 950 437 958 --
455 940 582 979 quam
612 930 659 968 tu
688 929 751 969 rei
780 929 978 981 publicae
1009 930 1293 970 calamitatem
1320 943 1486 982 semper
1506 931 1651 982 appel-

184 984 260 1033 las,
290 997 424 1025 meam
452 998 536 1025 non
566 985 687 1025 modo
718 999 801 1026 non
831 988 1128 1034 calamitatem,
1159 987 1231 1027 sed
1254 988 1382 1027 etiam
1402 988 1647 1040 gloriam-—

185 1041 328 1081 studui
367 1054 492 1093 quam
524 1043 788 1084 ornatissima
828 1047 994 1084 senatus
1031 1045 1262 1096 populique
1293 1045 1471 1084 Romani
1501 1044 1552 1084 de
1582 1057 1650 1085 me

183 1097 346 1139 iudicia
364 1099 645 1146 intercedere.
684 1101 835 1151 Itaque
857 1103 898 1140 et
929 1114 1061 1153 augur
1089 1103 1234 1154 postea
1263 1100 1356 1142 fieri
1378 1102 1507 1152 volui,
1537 1101 1649 1152 quod

184 1157 310 1195 antea
339 1157 628 1207 neglexeram:
660 1159 701 1197 et
730 1170 825 1198 eum
854 1159 1071 1209 honorem,
1102 1160 1176 1209 qui
1206 1172 1231 1199 a
1260 1161 1409 1198 senatu
1432 1158 1564 1198 tribui
1585 1171 1649 1198 re-

275 1245 332 1277 13.
367 1244 453 1287 qnid
475 1245 537 1288 set,
565 1246 669 1289 qnod.
707 1245 742 1280 S.
771 1247 919 1280 Ramsh.
946 1248 972 1290 ἕ.
994 1248 1117 1290 184,1.
1143 1248 1221 1290 204,
1238 1250 1272 1290 3,
1291 1259 1379 1281 0.-
1404 1248 1524 1280 nescio
1550 1248 1648 1291 quid.

183 1287 334 1323 Ramsh.
369 1291 398 1334 ξ.
420 1291 505 1333 160,
526 1292 565 1332 1,
592 1291 636 1326 N.
654 1292 686 1325 2.
723 1292 868 1327 Grotef.
904 1294 933 1335 §.
952 1294 1029 1327 417.
1057 1294 1163 1327 Anm.
1182 1312 1225 1318 —
1263 1294 1427 1337 gradal„
1459 1294 1651 1337 Begluck-

182 1335 415 1378 wtinschung
441 1347 574 1379 wegen
598 1337 663 1372 des
689 1336 834 1382 Sieges.
873 1338 1000 1372 honor.
1028 1339 1330 1383 supplicationis.
1352 1359 1393 1364 —
1439 1341 1566 1382 Agccm

180 1381 323 1424 famil„
357 1381 418 1416 ich
444 1382 525 1416 will
549 1383 647 1417 mich
674 1385 908 1429 offenherzig
931 1395 1051 1430 gcgen
1078 1385 1177 1419 Dich
1212 1385 1373 1420 dariiber
1404 1386 1651 1421 erklaren.—

182 1437 317 1461 necess.
345 1453 352 1461 .
377 1432 553 1472 paterna,
588 1430 657 1464 der
684 1442 756 1464 von
783 1442 919 1465 unsern
947 1432 1091 1468 Vatern
1117 1432 1181 1465 auf
1210 1442 1277 1465 uns
1302 1433 1503 1466 vererbten
1527 1443 1569 1466 so
1595 1432 1653 1466 in·-

181 1472 296 1517 nigen
313 1474 630 1519 Verbindung.-
653 1478 800 1516 sentire,
827 1478 992 1517 bewusst
1017 1488 1062 1512 zu
1089 1477 1179 1512 sein.
1196 1497 1238 1502 -
1263 1480 1407 1512 ratione
1421 1483 1492 1523 atq.
1513 1479 1650 1519 doctr„

182 1530 247 1553 aus
269 1520 530 1555 Grundsatzen
556 1532 590 1555 u.
612 1522 871 1567 Philosophie.
906 1527 1031 1558 remot.
1059 1524 1102 1557 ab
1128 1524 1226 1558 inan.
1252 1524 1298 1568 1.,
1323 1525 1445 1559 minus
1470 1531 1651 1570 appetens

183 1565 304 1600 inanis
329 1566 474 1611 gloriae
499 1573 536 1602 et
559 1578 673 1602 aurae
699 1569 909 1614 popularis.
929 1589 972 1595 --
1011 1573 1171 1604 secutum
1195 1581 1288 1613 esse,
1314 1572 1579 1616 nachgestrebt
1604 1582 1650 1606 zu

184 1611 316 1647 haben.
335 1631 380 1638 --
413 1614 553 1658 Itaque.
588 1614 788 1659 Congerit,
813 1616 960 1659 quoties
985 1623 1204 1661 aspernatus
1230 1617 1278 1651 sit
1304 1618 1463 1652 collatos
1488 1619 1651 1652 honores

184 1669 392 1702 eorumque
418 1660 646 1694 occasiones.
672 1679 714 1687 -
758 1662 1011 1706 provinciam,
1044 1673 1150 1705 quam
1185 1662 1222 1697 in
1257 1664 1439 1698 concione
1465 1664 1652 1708 deposuit.

184 1704 276 1741 vid.
305 1716 362 1749 ep.
380 1706 487 1747 XIV,
508 1706 645 1742 XXVI
670 1713 706 1742 et
723 1708 891 1753 Philipp.
911 1708 982 1751 XI,
1002 1710 1058 1743 10.
1084 1709 1121 1742 in
1140 1708 1218 1744 Pis.
1246 1720 1275 1743 c.
1291 1710 1325 1744 2.
1351 1710 1559 1745 MANUT.
1596 1711 1655 1745 Er

184 1751 415 1786 verzichtete
440 1753 533 1785 nach
558 1753 810 1789 bekleidetem
835 1755 1036 1790 Consulate
1060 1755 1253 1799 freiwillig
1278 1755 1343 1789 auf
1364 1756 1447 1790 eine
1470 1756 1652 1800 Provinz‚

184 1797 248 1831 die
273 1797 339 1831 mit
366 1798 449 1831 dem
474 1799 631 1833 Befehle
662 1800 756 1834 iiber
790 1800 851 1835 ein
876 1801 1108 1845 Kriegsheer
1139 1801 1326 1845 (exercitu
1351 1808 1388 1837 et
1412 1802 1572 1847 pecunia
1594 1803 1648 1836 in-

183 1849 362 1878 structam
388 1850 424 1879 et
448 1847 637 1890 ornatam)
660 1847 879 1881 verbunden
904 1858 996 1890 war,
1023 1847 1097 1881 und
1123 1853 1196 1881 trat
1221 1849 1275 1882 sie
1300 1859 1345 1882 an
1370 1848 1442 1882 den
1464 1848 1651 1883 Antonius

185 1890 244 1923 ab.
260 1908 302 1914 —
338 1891 533 1935 triumphi,
558 1891 641 1925 dem
667 1893 876 1934 Hochsten‚
903 1894 1060 1928 wonach
1086 1893 1153 1927 der
1176 1894 1342 1938 Ehrgeiz
1368 1895 1471 1929 eines
1495 1895 1653 1929 Romers

184 1935 395 1972 strebte.--
418 1938 676 1982 sacerdotium,
702 1946 936 1984 auguratum,
955 1940 1016 1974 die
1030 1939 1345 1983 Priesterwiirde,
1371 1940 1432 1975 die
1444 1941 1652 1975 Aufnahme

183 1981 222 2017 in
248 1982 314 2016 das
339 1983 552 2027 Collegium
575 1984 790 2029 Augurum,
816 1996 927 2020 wozu
953 1986 1189 2030 gewohnlich
1214 1998 1284 2020 nur
1306 1988 1463 2021 Manner
1489 1998 1553 2021 aus
1580 1987 1650 2020 den

184 2029 343 2063 liltesten
367 2029 442 2063 und
469 2030 638 2064 edelsten
650 2032 822 2066 Hausern
847 2032 926 2067 sich
943 2033 1136 2077 Hoffnung
1151 2034 1302 2066 macheu
1319 2033 1480 2068 durften.
1515 2033 1652 2068 Cicero

184 2080 258 2109 trat
288 2075 344 2108 als
368 2076 500 2119 Augur
532 2076 570 2111 in
606 2077 669 2111 die
695 2077 816 2113 Stelle
849 2079 914 2112 des
946 2090 1020 2112 von
1052 2079 1122 2113 den
1147 2080 1332 2113 Parthern
1366 2080 1583 2123 getbdteten
1607 2079 1650 2113 P.

184 2120 356 2155 Licinius
374 2122 541 2166 Crassus,
565 2124 618 2158 M.
644 2124 685 2158 F.
721 2123 757 2160 S.
785 2136 843 2169 ep.
861 2126 1032 2168 CXCIV,
1052 2127 1069 2159 l
1097 2136 1152 2159 am
1168 2124 1276 2160 Ende
1302 2136 1335 2159 u.
1355 2135 1400 2159 zu
1416 2126 1577 2160 CCXVI
1603 2125 1651 2159 im

185 2167 273 2202 Ans.
300 2168 403 2201 Orat.
423 2168 595 2214 Philipp.
614 2170 664 2204 ΙΙ.
685 2189 728 2195 -
764 2171 867 2205 Idem
892 2183 962 2216 ego
984 2175 1080 2216 post.
1118 2171 1231 2214 Olim,
1257 2171 1388 2215 inquit,
1414 2172 1505 2205 haec
1530 2171 1653 2205 omnia

186 2213 437 2258 negligebam.
483 2215 590 2249 Nunc
614 2217 727 2261 idem,
753 2224 948 2262 postquam
973 2219 1019 2251 ab
1045 2217 1183 2252 exsilio
1210 2223 1405 2252 revocatus
1431 2229 1523 2261 sum,
1550 2223 1653 2252 certa

185 2259 331 2294 ratione
356 2260 538 2294 adductus
562 2263 701 2298 mutavi
728 2263 939 2307 consilium,
966 2264 1131 2308 dedique
1155 2275 1319 2308 operam,
1346 2270 1387 2297 ut
1408 2276 1516 2308 quam
1534 2263 1651 2298 maxi-

185 2305 255 2340 mis
286 2305 456 2340 afficerer
488 2307 696 2343 honoribus
730 2320 751 2343 a
783 2310 823 2344 S.
847 2311 891 2346 P.
920 2311 964 2346 Q.
998 2310 1066 2353 R„
1108 2317 1145 2344 et
1174 2321 1219 2344 co
1252 2310 1402 2353 quidem
1434 2310 1577 2353 animo,
1611 2315 1652 2344 ut

184 2362 299 2396 aegre
323 2352 485 2386 facerem
510 2353 672 2389 inimicis
699 2361 736 2389 et
760 2356 879 2391 minus
903 2356 1130 2400 contemptui
1147 2366 1264 2390 essem
1283 2356 1431 2391 ceteris.
1469 2357 1554 2392 Non
1580 2355 1652 2400 igi-

185 2404 246 2432 tur
270 2409 363 2432 vana
388 2398 593 2443 cupiditate
617 2401 684 2435 sed
709 2410 810 2435 certo
836 2403 995 2447 quodam
1019 2402 1160 2436 iudicio
1186 2403 1283 2436 hunc
1299 2403 1477 2437 honorem
1499 2409 1648 2447 appeto.

185 2461 230 2469 —
264 2444 444 2479 iniuriam
468 2446 617 2489 exsilii,
643 2454 850 2483 revocatus.
867 2467 911 2472 -—
952 2459 1080 2482 meam.
1108 2449 1200 2484 Ern.
1226 2449 1324 2483 coni.
1350 2449 1436 2484 Sch.
1461 2450 1554 2484 Liin.
1580 2458 1650 2491 ego

184 2501 313 2525 meam.
352 2491 472 2525 Recte
503 2493 711 2526 refutarunt
741 2493 829 2528 Sch.
857 2501 893 2528 et
917 2494 1010 2529 Rost
1033 2494 1135 2538 Spec.
1153 2494 1185 2528 2.
1210 2507 1247 2539 p.
1264 2497 1318 2528 ll.
1358 2496 1431 2530 OR.
1451 2515 1494 2520 —
1527 2495 1651 2529 studui

187 2562 195 2570 .
211 2561 218 2570 .
233 2563 240 2570 .
258 2537 492 2582 intercedere,
517 2539 600 2572 hab'
616 2539 676 2573 ich
700 2539 800 2574 mir's
826 2541 1032 2584 angelegen
1057 2540 1138 2574 sein
1164 2541 1300 2584 lassen,
1325 2553 1366 2575 so
1391 2542 1492 2577 viele
1516 2540 1649 2575 ehren-

184 2583 286 2617 volle
312 2584 517 2627 Zeugnisse
547 2585 614 2619 der
638 2591 750 2629 guten
777 2586 959 2630 Meinung
983 2587 1048 2620 des
1075 2586 1207 2621 Senats
1234 2599 1267 2621 u.
1295 2588 1402 2622 Rom.
1428 2587 1550 2623 'Volks
1577 2599 1648 2621 von

184 2629 256 2662 mir
287 2630 341 2662 als
377 2630 441 2664 od.
475 2642 542 2666 zur
565 2631 790 2676 Biirgschaft
824 2632 965 2666 meinos
990 2633 1252 2668 Patriotismus
1289 2644 1335 2668 zu
1368 2634 1556 2676 erhalten,
1594 2634 1650 2667 als

184 2684 255 2708 nur
279 2675 442 2719 moglich
467 2678 579 2712 ware.
617 2678 695 2712 Das
713 2678 935 2713 intercedere
950 2690 995 2713 =
1010 2679 1089 2714 sich
1116 2680 1184 2714 in's
1201 2680 1328 2715 Mittel
1353 2680 1544 2724 schlagen,
1569 2679 1649 2714 sich
