1795 3043
150 59 251 107 31ss
423 53 488 100 Μ.
523 53 579 98 Τ.
616 50 950 102 CICERONIS
984 54 1357 104 EPISTOLAE.

149 165 402 214 haberetur,
442 163 705 206 serebamus:
745 165 829 207 nisi
867 167 979 208 forte
1015 168 1121 208 haec
1149 167 1216 210 illi
1245 171 1335 210 tum
1365 182 1481 211 arma
1507 170 1621 213 dedi-

150 235 258 275 mus,
288 225 335 264 ut
364 234 476 262 nune
508 234 603 262 cum
633 222 740 264 bene
769 226 917 276 parato
948 237 1244 277 pugnaremus.
1303 225 1445 275 Dices,
1478 229 1620 281 „Quid

150 283 198 321 tu
227 280 358 333 igitur
378 290 578 319 sensurus
607 279 703 322 es’'3
761 280 854 321 Non
873 281 1000 329 idem,
1032 282 1143 332 quod
1162 283 1370 325 dicturus.
1430 285 1619 326 Sentiam

149 338 264 377 enim
295 337 436 376 omnia
472 335 692 388 facienda,
745 349 799 377 ne
837 340 965 378 armis
1003 337 1266 389 decertetur3
1317 340 1455 382 dicam
1491 342 1618 394 idem,

149 394 262 445 quod
292 392 541 445 Pompeius:
581 405 720 445 neque
749 394 792 434 id
821 396 976 436 faciam
1015 396 1168 436 humili
1198 397 1348 438 animo.
1416 398 1498 438 Sed
1526 411 1620 439 rur-

147 464 219 491 sus
249 451 331 491 hoc
370 462 643 503 permagnum
680 451 744 490 rei
782 451 980 504 publicae
1021 455 1179 493 malum
1225 456 1309 494 est:
1354 455 1398 496 at
1439 455 1619 506 quodam

146 507 274 548 modo
301 508 408 547 mihi
448 509 616 559 praeter
655 509 818 549 ceteros
856 521 942 550 uon
971 512 1134 552 rectum
1162 523 1229 551 me
1257 512 1301 552 iu
1332 513 1461 553 tantis
1490 512 1617 554 rebus

146 579 173 605 a
200 565 401 619 Pompeio
439 563 654 606 dissidere.
1068 566 1078 573 ”

315 679 635 727 EPISTOLA
669 679 961 728 CCXCVIII.
999 681 1081 741 (ad
1115 682 1205 728 Att.
1242 682 1349 728 VII.
1377 683 1447 740 7.)

329 745 411 780 Ser.
439 744 539 779 circa
562 743 676 780 x111.
702 745 787 780 Kal.
813 746 888 782 lan.
915 748 961 782 A.
988 747 1033 782 υ.
1061 746 1103 781 c.
1130 749 1208 783 704.
1240 751 1277 792 (a
1301 748 1342 783 e.
1366 748 1440 790 50.)

144 814 206 848 De
230 811 419 860 Dionysio
445 814 606 858 ingrato.
656 814 687 847 1.
715 813 761 848 de
774 814 995 859 Philogenis
1012 815 1179 859 negotio.
1226 815 1259 849 2.
1286 815 1333 850 de
1357 814 1552 860 Pomptini
1578 814 1616 849 in

144 860 274 896 urbem
298 859 466 896 introitu.
502 861 537 897 3.
554 859 602 895 de
627 859 704 894 suis
728 860 766 893 in
790 861 862 895 hoc
887 861 943 895 rei
967 860 1142 906 publicae
1167 867 1263 896 statu
1288 861 1470 899 consiliis.
1496 863 1614 897 4—-7,

635 917 823 953 CICERO
855 918 1047 953 ATTICO
1085 917 1124 953 S.

257 967 514 1019 Dionysius,
543 969 612 1007 vir
641 970 845 1018 optimus,
876 974 925 1006 ut
947 969 1055 1007 mihi
1080 981 1242 1020 quoque
1271 973 1335 1007 est
1357 974 1614 1019 perspectus,

143 1030 185 1064 et
215 1024 483 1064 doctissimus
512 1026 654 1076 tuique
684 1027 1018 1071 amantissimus,
1048 1026 1231 1064 Romam
1260 1028 1377 1064 venit
1399 1037 1479 1064 XV.
1511 1025 1614 1064 Kal.

141 1082 241 1121 Ian.
274 1087 316 1120 et
343 1083 495 1120 literas
525 1094 553 1119 a
583 1087 625 1119 te
655 1081 759 1120 mihi
785 1081 998 1121 reddidit:
1043 1083 1105 1120 tot
1135 1081 1249 1120 enim
1277 1080 1409 1120 verba
1438 1082 1535 1120 suut
1565 1080 1618 1120 de

141 1135 345 1190 Dionysio
374 1137 419 1177 in
446 1136 625 1189 epistola
647 1137 733 1176 tua.
793 1136 921 1184 Illud,
952 1138 1068 1189 puto,
1099 1149 1183 1176 non
1212 1136 1437 1177 adscribis:
1467 1145 1508 1177 et
1536 1139 1618 1177 tibi

174 1198 314 1234 ratius
345 1198 445 1248 egit.
511 1192 644 1244 Atqui
675 1194 791 1233 certe
829 1194 906 1233 ille
945 1206 1070 1246 agere
1109 1193 1276 1234 debuit:
1324 1195 1389 1241 et,
1430 1195 1467 1234 si
1506 1195 1615 1235 esset

139 1207 326 1300 iactum,
355 1262 463 1301 quae
492 1250 568 1289 tua
597 1251 661 1289 est
689 1250 954 1301 immanitas,
985 1250 1288 1302 adscripsisses.
1344 1250 1453 1290 Mihi
1476 1254 1614 1291 autem

139 1308 262 1347 nulla
292 1307 343 1346 de
374 1318 423 1346 eo
453 1306 683 1356 παλινῳδία
711 1305 837 1346 datur
862 1306 1039 1358 propter
1068 1307 1299 1359 superioris
1322 1307 1526 1359 epistolae
1556 1308 1615 1347 te-

138 1363 393 1404 stimonium.
430 1363 518 1409 VSit
556 1362 687 1416 igitur
726 1375 828 1403 sane
870 1362 1006 1403 bonus
1048 1364 1125 1403 vir.
1192 1364 1287 1404 Hoc
1327 1364 1438 1403 enim
1475 1364 1615 1415 ipsum

139 1419 249 1461 bene
278 1421 406 1468 feeit,
449 1419 563 1472 quod
591 1421 698 1461 mihi
728 1421 793 1460 sui
824 1420 1106 1473 cognoscendi
1137 1420 1304 1472 penitus
1334 1422 1461 1461 etiam
1489 1421 1616 1461 istam
1643 1461 1646 1464 Δ

88 1480 120 1519 2
140 1477 387 1519 facultatem
417 1477 545 1518 dedit.
605 1477 860 1529 Philogenes
898 1479 1016 1517 recte
1047 1477 1097 1518 ad
1128 1479 1171 1517 te
1200 1477 1381 1529 scripsit.
1443 1477 1616 1520 Curavit

137 1570 221 1593 cum
245 1559 330 1592 bene
350 1562 485 1602 parato
506 1568 768 1602 pugnaremus.
816 1558 910 1601 vgl.
935 1557 971 1591 d.
999 1557 1119 1601 vorig.
1144 1557 1255 1591 Brief
1275 1558 1302 1600 ἕ.
1318 1558 1359 1592 5:
1390 1557 1481 1591 Sero
1516 1560 1612 1592 enim

138 1611 213 1640 cet.
238 1624 283 1631 --
331 1605 496 1639 dicturus
519 1615 611 1639 sum.
639 1623 683 1629 -
730 1615 774 1637 ne
809 1604 925 1637 armis
956 1604 1174 1645 decertetur,
1206 1603 1281 1637 wie
1316 1615 1373 1648 ep.
1392 1604 1479 1648 294,
1505 1605 1538 1639 5.
1565 1624 1610 1631 —

136 1652 273 1691 dicam,
299 1650 365 1686 sed
384 1661 457 1684 non
474 1651 642 1691 sentiam,
666 1650 764 1684 idem
780 1656 850 1684 cet.
869 1669 912 1675 -
957 1660 1100 1693 rursus,
1127 1649 1284 1683 anderer
1302 1649 1415 1684 Seits.
1440 1669 1486 1675 --
1532 1662 1611 1684 ma-

137 1698 216 1731 lum
239 1701 314 1741 est,
341 1697 501 1731 n'aimlich
525 1696 564 1732 τὸ
589 1696 701 1730 aliter
725 1696 866 1732 sentire
885 1706 927 1729 ac
953 1695 1099 1739 dicere,
1126 1695 1210 1729 dass
1236 1707 1317 1729 man
1342 1696 1477 1730 anders
1502 1707 1610 1742 spre-

139 1744 235 1779 chen
259 1754 378 1786 muss,
403 1744 458 1777 als
481 1753 563 1776 man
588 1743 714 1777 denkt.
764 1743 875 1776 Denn
901 1742 963 1775 die
987 1741 1190 1785 Lauigkeit
1216 1751 1247 1776 z.
1268 1742 1337 1784 B.,
1364 1741 1427 1775 die
1452 1742 1514 1776 bei
1541 1753 1608 1777 un-

137 1801 260 1825 serem
285 1789 420 1825 Cicero
445 1789 580 1823 daraus
605 1796 827 1834 entsprang,
860 1790 1005 1822 machte
1036 1788 1108 1821 den
1145 1788 1424 1831 allgewaltigen
1458 1789 1610 1823 Redner

136 1837 198 1871 fiir
223 1835 284 1870 die
310 1835 431 1871 Sache
463 1836 532 1869 der
566 1835 758 1877 Freiheit‚
800 1836 859 1867 fiir
891 1835 956 1868 das
981 1833 1070 1869 Sein
1096 1833 1164 1867 der
1195 1834 1386 1878 Republik
1418 1834 1609 1879 unkriiftig

136 1882 214 1916 und
239 1882 358 1917 selbst
384 1882 466 1915 dem
493 1881 697 1926 Pompeius
722 1880 956 1924 verdfflffig,
994 1892 1036 1914 so
1063 1880 1147 1914 dass
1172 1891 1214 1913 er
1239 1880 1275 1913 in
1301 1880 1369 1914 der
1392 1880 1511 1924 Folge
1534 1892 1608 1915 von

137 1929 210 1963 den
236 1928 432 1973 geheimen
456 1928 723 1971 Berathungen
750 1927 817 1961 der
838 1926 1176 1972 Pompeianischen
1203 1926 1331 1961 Partei
1348 1927 1608 1970 ausgeschlos-

136 1986 204 2010 sen
229 1974 373 2009 wurde.
420 1974 525 2008 Aber
547 1974 623 2008 wie
647 1974 786 2008 konnte
812 1974 967 2016 Cicer0‚
1004 1973 1072 2008 der
1103 1973 1187 2006 eine
1212 1972 1405 2018 Republik
1432 1973 1606 2007 behalten

135 2022 289 2064 wolke,
322 2021 389 2055 mit
419 2020 722 2064 Ueberzeugung
753 2019 826 2053 und
858 2019 1143 2053 Enthusiasmus
1176 2019 1255 2053 sich
1287 2018 1355 2052 der
1387 2019 1508 2054 Sache
1540 2020 1606 2054 des

135 2069 342 2112 Pompeius
367 2066 568 2110 hingeben,
597 2067 656 2101 die
683 2077 754 2100 von
780 2066 871 2099 ietzt
896 2077 940 2099 an
967 2066 1051 2100 eine
1077 2066 1202 2099 blosse
1227 2066 1466 2110 personliche
1485 2065 1606 2100 Sache

134 2114 336 2149 desselben
361 2124 406 2147 zu
431 2113 585 2147 werden
610 2113 761 2147 schien'?
807 2112 951 2147 Weder
988 2113 1101 2147 Ciisar
1134 2112 1228 2144 noch
1253 2111 1459 2156 Pompeius
1492 2112 1605 2145 sollte

135 2161 219 2196 sich
243 2171 325 2194 zum
351 2159 615 2203 Alleinherrn,
643 2166 840 2206 tyrannus,
877 2157 1239 2204 emporschwingen.
1288 2157 1367 2191 Das
1398 2168 1479 2191 war
1503 2157 1606 2192 seine

133 2207 366 2251 eigentliche
390 2206 584 2250 Meinung.
623 2205 662 2240 S.
692 2217 750 2250 ep.
769 2206 849 2248 296,
867 2206 906 2239 4:
943 2205 1032 2248 „Ex
1050 2203 1208 2238 victoria
1223 2214 1334 2246 quum
1359 2204 1472 2237 multa
1494 2204 1602 2247 mala,

134 2260 210 2288 tum
248 2258 351 2287 certe
382 2258 560 2298 tyrannus
587 2252 780 2286 exsistet.⁷'
804 2271 848 2277 —
897 2252 1048 2295 quodam
1074 2251 1201 2291 modo,
1226 2249 1409 2294 gewisser
1441 2251 1601 2284 Massen.

133 2300 248 2335 Denn
273 2310 314 2333 er
338 2309 417 2332 *var
441 2298 509 2332 der
532 2298 682 2332 Freund
708 2298 773 2332 des
797 2297 1023 2342 Pompeius,
1048 2296 1138 2330 aber
1164 2296 1235 2329 den
1257 2297 1371 2331 Ciisar
1401 2296 1535 2330 moeht'
1560 2307 1603 2331 er

133 2346 240 2381 nicht
264 2356 346 2380 zum
372 2344 514 2379 Feinde
539 2345 670 2379 haben.

227 2394 260 2426 l.
292 2391 380 2426 XV.
414 2391 505 2425 Kal.
541 2392 642 2433 lam,
676 2402 732 2424 am
766 2391 820 2424 18.
843 2389 937 2424 Dec.
973 2388 1099 2422 Ueber
1128 2387 1290 2432 Dionys,
1324 2400 1357 2422 u.
1394 2387 1545 2431 Philog.
1570 2398 1598 2422 s.

135 2450 194 2484 ep.
212 2439 299 2481 296,
323 2440 357 2474 3.
393 2448 427 2471 u.
462 2437 542 2471 299.
568 2455 613 2463 -—-
657 2441 744 2480 puto
777 2436 864 2470 Sch.
900 2435 1019 2468 delev.
1057 2441 1092 2468 et
1126 2435 1312 2478 privatius
1344 2446 1426 2468 cum
1459 2435 1599 2468 Manui.

134 2485 251 2519 dedit.
279 2503 323 2509 -
371 2494 461 2528 quae
484 2487 545 2516 tua
568 2487 619 2516 est
643 2481 849 2515 hamanitas
869 2493 915 2515 =
939 2492 1008 2525 pro
1025 2486 1087 2514 tua
1106 2480 1342 2514 humanitate.
1383 2480 1423 2515 S.
1449 2480 1596 2514 Ramsh.

133 2533 165 2575 ξ.
191 2533 275 2573 159,
301 2533 346 2572 3,
373 2542 403 2564 e.
428 2548 472 2555 ——
521 2530 739 2574 παλινῳδία,
766 2528 825 2562 ich
843 2528 939 2561 kann
959 2536 1032 2560 nun
1047 2526 1196 2560 freilich
1218 2527 1283 2560 das
1299 2532 1386 2570 gute
1402 2525 1598 2570 Zeugniss,

134 2588 213 2612 was
239 2578 301 2612 ich
327 2576 401 2611 ihm
427 2575 463 2610 in
489 2575 646 2609 meinem
679 2574 808 2609 Briese
839 2573 1043 2617 (CCXCV,
1071 2574 1106 2615 l)
1138 2573 1307 2616 gegeben
1343 2573 1458 2614 habe,
1499 2571 1599 2605 niem

134 2624 236 2658 wohl
247 2623 560 2658 zuriicknehmen.
572 2623 681 2655 datur
691 2632 735 2656 ::
744 2619 971 2654 conceditur.
982 2638 1027 2644 —
1047 2619 1155 2653 istam
1166 2620 1290 2662 facult.
1299 2630 1347 2653 :::
1356 2617 1599 2653 occasionem.

224 2670 258 2703 2.
292 2672 407 2712 recte,
438 2679 533 2712 ganz
560 2667 714 2710 riclitig,
742 2667 857 2700 wahr.
922 2665 1049 2700 Ueber
1074 2665 1224 2710 Philog.
1257 2666 1332 2710 vgl.
1358 2676 1417 2711 ep.
1442 2663 1543 2704 CCI,
1567 2664 1599 2698 2.

135 2715 349 2760 OELXIV,
375 2717 406 2750 1.
440 2714 616 2750 wieland
644 2714 714 2749 111.
735 2713 779 2749 Β.
807 2712 845 2749 S.
870 2713 947 2748 163.
