1795 3043
256 118 358 166 430
512 113 576 160 M.
612 111 667 158 Τ.
715 112 1056 160 CICERONIS
1101 113 1473 164 EPISTOLAE.

434 226 750 272 EPISTOLA
793 228 1057 273 CCCXLII.
1106 228 1188 287 (ad
1221 229 1313 276 Att.
1347 229 1428 276 lx.
1463 232 1538 290 2.)

390 301 470 337 Ser.
497 300 535 335 in
560 302 758 336 Formiano
784 303 878 337 Non.
906 304 1016 339 Mart.
1050 305 1095 338 A.
1121 304 1167 338 U.
1195 304 1235 340 c.
1262 305 1340 340 705.
1376 307 1423 348 (a.
1449 305 1491 341 c.
1517 306 1589 350 49.)

252 370 366 405 Brevi
398 369 516 405 Attici
552 371 738 414 epistolae
774 371 844 407 IV.
878 373 973 406 Non.
1008 373 1120 406 Mart.
1156 372 1264 407 datae
1299 373 1467 408 breviter
1497 374 1716 420 respondet,
1771 386 1772 412 1

252 428 390 460 seque,
434 415 524 461 quid
557 417 624 451 ille
657 418 704 451 de
738 418 897 452 consilio
930 419 991 452 vel
1016 419 1054 452 in
1081 419 1190 453 Italia
1214 419 1386 454 manendi
1411 419 1472 454 vel
1496 420 1719 468 Pompeium
1770 422 1772 426 ’

470 462 653 507 sequendi
678 463 840 508 sentiat,
873 475 946 498 non
972 464 1063 499 satis
1087 465 1326 500 intellexisse
1351 466 1493 501 scribit.
1772 473 1774 481 ¹

747 532 936 568 CICERO
966 533 1157 569 ATTICO
1191 533 1231 569 S.

363 590 458 631 Etsi
487 589 619 632 Nonis
638 591 763 633 Mart.
795 593 862 633 die
891 594 988 645 tuo,
1017 594 1065 633 ut
1095 593 1269 646 opinor,
1309 592 1604 646 exspectabam
1632 595 1718 646 epi·
1772 615 1773 624 κ

251 648 403 689 stolam
430 661 456 689 a
484 650 526 688 te
555 649 812 700 longiorem3
851 650 991 690 tamen
1024 650 1076 690 ad
1100 663 1190 691 eam
1217 652 1353 703 ipsam
1374 651 1562 703 brevem,
1593 663 1719 702 quam

252 718 312 746 ιν.
331 704 472 746 Nonas
500 702 580 743 ὑπὸ
602 703 676 754 τήν
696 705 820 758 λῆψιν
842 705 1017 753 dedisti,
1049 707 1365 748 rescribendum
1394 708 1555 760 putavi.
1607 707 1716 748 Gau-

251 762 352 802 dere
381 763 443 803 ais
472 763 515 802 te
544 763 746 802 mansisse
776 776 865 812 me3
908 764 950 802 et
979 762 1130 804 scribis
1158 765 1204 804 in
1224 766 1433 805 sententia
1462 766 1505 804 te
1534 776 1717 805 manere.

250 819 361 859 Mihi
392 821 531 860 autem
560 819 850 872 superioribus
878 819 1013 860 literis
1043 819 1240 861 videbare
1265 834 1350 862 non
1371 821 1582 873 dubitare,
1612 820 1716 873 quin

251 876 470 928 cederem,
517 876 602 928 ita,
638 877 673 916 si
714 879 756 917 et
797 877 959 917 Gnaeus
996 876 1104 918 bene
1143 878 1365 919 comitatus
1402 878 1717 929 conscendisset

251 935 294 973 et
311 934 504 974 consules
522 934 780 974 transissent.
840 934 993 974 Utrum
1023 935 1105 975 hoc
1134 936 1182 975 tu
1206 948 1357 986 parum
1374 934 1714 983 commeministi,
1772 961 1773 968 η

250 1003 304 1031 an
343 1002 420 1044 ego
458 1003 542 1030 non
579 991 682 1031 satis
717 991 934 1039 intellexi,
983 1004 1036 1031 an
1076 992 1249 1032 mutasti
1289 991 1571 1032 sententiam?
1631 991 1716 1032 Sed
1772 1008 1774 1049 3

249 1049 322 1087 aut
352 1059 404 1087 ex
434 1047 636 1100 epistola,
672 1060 797 1099 quam
827 1049 1049 1100 exspecto,
1088 1048 1369 1101 perspiciam,
1406 1048 1507 1100 quid
1542 1049 1713 1096 sentias,

248 1106 324 1144 aut
354 1105 460 1144 alias
496 1103 573 1145 abs
612 1106 654 1145 te
693 1105 837 1146 literas
876 1104 1058 1146 eliciam.
1117 1105 1346 1147 Brundisio
1383 1105 1595 1147 nihildum
1624 1106 1716 1147 erat
1771 1111 1772 1114 ’

249 1162 439 1202 allatum.

314 1309 629 1356 EPISTOLA
679 1309 966 1355 CCCXLIII.
1024 1309 1106 1369 (ad
1150 1310 1242 1355 Att.
1287 1310 1364 1356 IX.
1412 1318 1460 1363 2.
1507 1313 1646 1371 extr.)

339 1384 423 1420 Ser.
449 1385 488 1418 in
503 1384 704 1419 Formiano
730 1386 917 1423 V111.1d.
941 1386 1054 1421 Mart.
1085 1386 1131 1420 A.
1150 1386 1195 1421 U.
1220 1386 1261 1421 ο.
1289 1385 1365 1422 7⁰5.
1400 1389 1449 1430 (a.
1475 1388 1518 1423 c.
1543 1387 1621 1431 49.)

247 1454 419 1490 Nondum
451 1453 543 1498 sibi,
586 1454 677 1498 quid
716 1455 867 1489 consilii
902 1454 1041 1500 capiat,
1083 1461 1255 1489 constare
1287 1455 1431 1490 scribit.
1475 1457 1508 1492 1.
1566 1467 1712 1491 causam

247 1512 331 1536 esse
364 1507 493 1544 negat,
533 1512 600 1535 cur
629 1501 702 1536 sibi
727 1501 931 1546 Pompeius
957 1507 1184 1536 succenseat.
1220 1502 1254 1538 2.
1302 1503 1518 1536 Postumum
1543 1502 1712 1538 Curtium

392 1547 440 1581 ad
465 1557 506 1581 se
531 1546 679 1582 venisse
704 1559 754 1582 ex
778 1549 934 1591 eiusque
959 1547 1194 1582 sermonibus
1218 1553 1359 1583 certum
1385 1548 1458 1584 sibi
1483 1559 1565 1584 esse

678 1594 900 1638 Pompeium
924 1594 1033 1638 sequi
1057 1594 1208 1630 nuntiat.
1244 1596 1278 1630 3.

741 1662 928 1697 CICERO
961 1663 1153 1697 ATTICO
1180 1663 1221 1698 S.

361 1720 395 1761 O
415 1733 504 1761 rem
524 1721 743 1762 difficilem
760 1723 970 1774 planeque
988 1722 1218 1774 perditam!
1251 1734 1376 1773 quam
1396 1721 1503 1761 nihil
1522 1722 1713 1773 praeter·

248 1777 380 1818 mittis
408 1779 454 1818 in
486 1779 665 1819 consilio
696 1779 851 1819 dando!
901 1791 1026 1830 quam
1055 1779 1165 1819 nihil
1194 1780 1359 1831 tamen,
1390 1778 1502 1830 quod
1529 1778 1605 1818 tibi
1630 1777 1714 1830 ipsi

340 1902 371 1933 l.
403 1899 501 1933 Non.
526 1900 670 1942 Mart.,
712 1909 768 1932 am
801 1902 832 1933 7.
858 1900 972 1934 Nsairz,
1023 1898 1193 1933 Narnlich
1219 1899 1355 1933 Cicero
1394 1899 1494 1933 hatte
1520 1904 1712 1941 erwartet,

248 1945 332 1979 dass
362 1956 402 1979 er
435 1945 496 1979 die
533 1945 630 1979 zwei
656 1952 769 1988 guten
795 1945 899 1989 Tage
926 1957 993 1979 vor
1017 1946 1099 1979 dem
1125 1944 1349 1990 Fieb'ertage
1374 1945 1468 1979 dazu
1493 1945 1621 1979 werde
1647 1945 1713 1978 be-

248 1997 353 2025 nutzt
377 1991 507 2026 haben.
536 2011 578 2016 —
626 1992 684 2025 die
709 1995 768 2024 tuo
802 1991 826 2025 i.
861 2004 893 2025 e.
932 1991 993 2025 die
1025 1999 1228 2035 quartanae
1263 1994 1318 2034 (ut
1355 2003 1412 2036 ep.
1440 1991 1507 2026 299
1540 1997 1578 2025 et
1611 1992 1709 2033 345.)

247 2037 455 2073 MANUT.
497 2037 642 2082 Nempe
675 2038 742 2071 illo
773 2037 834 2071 die
860 2038 1103 2082 exspectabat
1129 2037 1262 2072 Cicero
1287 2038 1332 2071 ab
1359 2037 1486 2071 Attico
1512 2037 1710 2082 epistolam

247 2084 373 2128 pridie
404 2091 466 2118 aut
498 2084 632 2118 nudius
657 2084 790 2118 tertius
815 2084 1003 2130 scriptam.
1032 2084 1142 2119 SCH.
1176 2102 1220 2109 —
1268 2083 1339 2117 IV.
1365 2084 1462 2117 Non.
1491 2084 1622 2127 Mam,
1654 2094 1711 2118 am

247 2132 278 2164 4.
297 2131 414 2164 Marz.
458 2129 523 2165 Sic
549 2142 598 2165 ex
624 2131 689 2174 Ep.
707 2132 760 2165 10.
786 2130 821 2164 h.
849 2131 874 2164 l.
906 2136 1154 2164 correxerunt
1177 2131 1322 2174 Popma
1353 2136 1390 2163 et
1422 2129 1508 2164 Sch.
1548 2136 1584 2162 et
1613 2129 1710 2164 Liin.

248 2177 324 2210 ΙΙΙ.
351 2176 446 2216 Cett.
488 2177 559 2212 ΟΒ.
608 2177 767 2210 Brevem
794 2176 900 2211 istam
925 2176 1121 2222 epistolam
1145 2176 1263 2210 Attici
1296 2175 1472 2219 scriptam
1498 2175 1613 2209 fuisse
1638 2175 1708 2210 IV.

247 2223 344 2257 Non.
370 2223 481 2257 R'Iart.
508 2222 734 2266 intelligitur
758 2234 807 2257 ex
832 2223 940 2267 epist.
967 2224 1002 2258 h.
1028 2223 1086 2256 ed.
1112 2223 1212 2265 351.,
1245 2221 1310 2256 ubi
1335 2222 1438 2254 locus
1465 2232 1514 2255 ex
1538 2220 1605 2254 illa
1630 2221 1711 2266 epi-

247 2269 345 2304 stola
377 2268 586 2312 descriptus
620 2276 752 2303 exstat.
792 2270 996 2304 Praeterea
1020 2269 1052 2302 si
1075 2268 1194 2303 Nonis
1219 2267 1365 2302 Martiis
1390 2273 1569 2310 quartana
1592 2267 1710 2301 febris

247 2314 365 2349 Attici
391 2315 524 2348 iterum
548 2316 787 2358 recurrebat,
821 2322 860 2349 ut
885 2327 932 2349 ex
958 2314 1066 2349 initio
1083 2314 1274 2359 *epistolae
1301 2313 1514 2357 colligitur,
1556 2323 1710 2347 necesse

248 2368 304 2396 est
334 2372 402 2405 pro
427 2362 503 2394 ΙΙΙ.
531 2361 693 2404 legatur
711 2361 781 2396 IV.
808 2360 948 2396 Nonas.
1000 2362 1102 2395 Inter
1135 2360 1209 2393 duo
1243 2360 1339 2394 enim
1365 2359 1482 2393 febris
1507 2365 1710 2402 quartanae

247 2418 419 2442 accessus
451 2407 524 2440 duo
559 2407 639 2440 dies
671 2408 774 2441 febre
806 2415 976 2442 vacantes
1002 2406 1247 2440 intercedunt.
1284 2406 1393 2440 SCH.
1426 2425 1471 2430 —
1520 2405 1605 2440 ὑπὸ
1630 2403 1706 2448 τὴν

246 2456 407 2499 λῆψιν,
442 2453 509 2487 sub
535 2452 655 2498 ipsum
682 2464 869 2487 accessum
894 2453 1021 2487 febris.
1044 2472 1090 2478 —
1136 2453 1222 2496 quin
1247 2453 1407 2486 cederem
1432 2450 1512 2485 scil.
1539 2450 1661 2485 Italia.

340 2501 370 2533 l.
410 2499 460 2533 0!
497 2499 615 2533 Recte
641 2510 758 2532 novae
785 2501 869 2533 hinc
894 2500 965 2543 Ep.
991 2498 1136 2532 initium
1160 2498 1250 2532 fecit
1274 2498 1360 2533 Sch.
1389 2496 1584 2531 ORELLI.
1635 2496 1706 2530 Su-

275 2545 402 2579 eriore
434 2545 594 2589 epistola
629 2545 724 2588 (342)
760 2545 893 2579 Cicero
930 2544 1123 2588 respondit
1157 2544 1276 2578 Attici
1310 2542 1548 2577 brevioribus
1584 2541 1706 2576 literis

271 2591 315 2627 V.
341 2592 438 2626 Non.
464 2593 574 2625 Mart.
608 2591 770 2635 scriptis.
820 2592 898 2625 Hac
922 2598 1043 2624 autem
1069 2589 1248 2634 epistola,
1286 2601 1393 2633 quam
1420 2599 1486 2622 nos
1509 2589 1588 2623 343.
1614 2587 1706 2621 t‘eci-
1772 2598 1775 2628 ξ

249 2648 348 2681 mus,
375 2637 551 2672 rescribit
576 2637 691 2670 Attici
716 2637 897 2680 epistolae
921 2636 1105 2680 longiori,
1132 2647 1240 2680 quam
1265 2636 1331 2670 ille
1349 2636 1503 2669 dederat
1527 2633 1596 2667 111.
1607 2633 1702 2668 Non.
1774 2638 1776 2665 J

247 2684 378 2726 Mart„
423 2683 524 2727 quod
559 2683 784 2727 intelligitur
818 2694 866 2717 ex
899 2693 957 2727 ep.
977 2683 1066 2726 351,
1117 2683 1180 2716 ubi
1217 2683 1321 2716 locus
1355 2692 1403 2715 ex
1436 2680 1504 2714 illa
1544 2678 1705 2723 epistola
1774 2691 1775 2694 ¹

247 2730 411 2764 affertur.
457 2730 536 2763 Nec
567 2729 698 2763 desunt
732 2728 806 2762 alia
838 2729 1009 2773 exempla
1045 2728 1287 2772 epistolarum
1313 2725 1493 2762 eiusmodi
1520 2725 1704 2759 exclama-

249 2775 370 2818 tione,
408 2782 447 2810 ut
479 2775 558 2810 llic:
606 2776 633 2810 0
661 2786 738 2809 rem
769 2775 958 2818 difficilem
982 2780 1052 2809 etc.
1087 2773 1365 2817 inchoatarum,
1406 2779 1445 2807 ut
1468 2770 1515 2806 ad
1539 2771 1703 2806 Atticum
