1795 3043
9 157 13 210 ε

9 214 12 260 1

555 0 881 84 ‘EplsTOLA
916 36 1123 83 cxcm.
1513 43 1580 88 23

111 162 274 193 vennae
302 151 388 191 est:
419 151 462 191 et
490 162 641 203 magno
672 148 889 202 congiario
918 148 1095 190 donatus
1125 163 1150 189 a
1178 147 1359 189 Caesare
1380 160 1460 190 nec
1483 149 1579 190 bea-

113 211 176 250 tus
199 220 279 250 nec
300 208 408 249 bene
428 208 661 249 instructus
679 209 753 249 est.
793 207 875 247 Tui
903 207 1071 259 politici
1090 205 1191 248 libri
1210 206 1405 248 omnibus
1423 207 1578 261 vigent.

326 367 642 416 EPISTOLA
689 366 903 414 CXCIII.
952 367 1034 424 (ad
1068 369 1158 415 Att.
1196 367 1250 413 V.
1287 370 1358 429 8.)

242 456 325 492 Ser.
351 454 546 492 Brundisii
572 456 641 492 IV.
667 456 765 491 Non.
794 456 876 490 Iun.
901 456 944 490 A.
972 454 1018 489 U.
1046 455 1088 490 C.
1116 456 1195 491 703.
1230 457 1278 499 (a.
1305 455 1347 490 C.
1373 456 1449 498 51.)

108 525 232 570 Rogat
260 524 445 565 Atticum,
479 530 520 557 ut
553 524 805 570 suspicionem
839 523 999 559 iniuriae
1033 523 1170 560 Miloni
1203 524 1252 559 ob
1285 523 1464 567 quaedam
1497 523 1579 559 eius

243 572 343 607 bona
367 583 388 607 a
412 570 619 607 Philotimo
647 571 853 652 ngegxtsieaaet
875 571 1014 654 lilbegto
1048 577 1172 617 empta
1202 571 1323 606 factae
1346 582 1368 605 a
1399 581 1440 606 se

570 686 758 722 CICERO
784 687 980 723 ATTICO
1007 685 1047 722 S.

218 757 289 799 Me
326 760 368 799 et
409 757 676 799 incommoda
715 757 940 806 valetudo,
973 770 1058 810 qua
1086 758 1171 798 iam
1200 767 1478 803 emerseram,
1512 757 1575 796 ut-

103 816 204 867 pote
243 828 373 868 quum
402 817 494 870 sine
522 816 633 856 febri
662 815 943 864 laborassem,
974 817 1017 856 et
1048 814 1267 868 Pomptini
1296 814 1573 866 exspectatio,

103 873 155 912 de
186 885 268 924 quo
299 873 438 914 adhuc
462 885 516 913 ne
546 886 691 914 rumor
733 872 904 925 quidem
934 875 1134 921 venerat,
1173 871 1347 913 tenebat
1375 870 1572 911 duodeci-

102 943 216 970 mum
244 930 329 971 iam
359 930 473 971 diem
503 930 746 971 Brundisii:
780 930 853 970 sed
883 943 1054 971 cursum
1084 928 1446 982 exspectabamus.
1504 928 1571 968 Tu

101 988 139 1027 si
168 987 292 1027 modo
323 1000 367 1028 es
396 988 554 1028 Romae
565 1002 578 1037 3
618 1010 676 1017 -—
704 988 776 1030 vix
806 987 919 1028 enim
950 990 1071 1040 puto:
1102 1009 1159 1017 ·—-
1188 987 1253 1027 sin
1284 997 1353 1034 es,
1393 986 1476 1026 hoc
1505 997 1575 1025 ve-

102 1045 324 1085 hementer
369 1046 678 1086 animadvertas
729 1045 874 1087 velim.
945 1045 1077 1086 Roma
1116 1055 1367 1096 acceperam
1408 1043 1571 1090 literas,

101 1102 305 1142 Milonem
344 1114 485 1143 meum
527 1103 648 1154 queri
691 1115 771 1155 per
811 1104 960 1143 literas
1003 1103 1209 1143 iniuriam
1252 1113 1413 1148 meam,
1459 1100 1573 1151 quod

99 1159 358 1199 Philotimus
387 1160 525 1200 socius
557 1162 665 1200 esset
693 1160 738 1199 in
770 1159 894 1200 bonis
932 1160 1032 1203 suis.
1091 1160 1141 1200 Id
1172 1171 1249 1213 ego
1286 1159 1350 1198 ita
1378 1155 1472 1198 fieri
1503 1169 1574 1197 vo-

99 1217 162 1257 lui
182 1216 233 1256 de
257 1217 493 1257 C.Duronii
515 1218 747 1267 sentenfia3
779 1229 905 1269 quem
926 1218 968 1257 et
988 1217 1293 1258 amicissimum
1310 1215 1463 1256 Miloni
1478 1226 1572 1265 per-

100 1285 320 1325 spexeram
350 1276 392 1314 et
431 1276 560 1314 talem
590 1275 753 1322 virum,
798 1275 970 1326 qualem
1012 1277 1059 1315 tu
1095 1274 1279 1320 iudicas,
1329 1284 1570 1325 cognoram.

100 1331 204 1370 Eius
237 1333 376 1370 autem
408 1332 632 1371 consilium
663 1343 888 1382 meumque
913 1331 996 1371 hoc
1026 1332 1186 1371 fuerat:
1218 1330 1416 1382 primum,
1448 1330 1495 1368 ut
1524 1328 1570 1368 in

98 1389 307 1439 potestate
336 1389 483 1427 nostra
512 1392 622 1428 esset
649 1401 741 1436 res,
783 1400 838 1427 ue
869 1388 995 1427 illum
1032 1389 1167 1428 malus
1204 1387 1371 1439 emptor
1406 1387 1571 1427 alienus

96 1531 231 1565 brevit.
256 1531 323 1564 vit.
350 1532 383 1565 8.
411 1530 565 1566 Sueton.
593 1532 752 1576 Vespas.
780 1532 836 1566 18.
863 1533 919 1561 -ἱ
933 1541 997 1564 nec
1022 1530 1107 1564 hene
1131 1530 1253 1570 instr„
1285 1530 1383 1564 noch
1406 1530 1569 1565 reicher.

97 1598 139 1602 —
160 1578 310 1622 politici
335 1578 436 1618 libri,
464 1589 536 1611 von
562 1578 629 1612 der
654 1578 860 1622 Republik,
889 1576 950 1610 die
977 1588 1018 1610 er
1044 1576 1140 1610 kurz
1167 1587 1234 1610 vor
1258 1577 1384 1612 seiner
1407 1578 1570 1612 Abreise

96 1625 131 1658 in
159 1625 219 1658 die
244 1625 411 1658 Proxinz
436 1625 617 1669 publicirt
642 1625 756 1658 hatte.
807 1623 847 1658 S.
875 1634 934 1668 ep.
961 1622 1144 1663 CXLIX,
1171 1623 1205 1657 2.
1232 1634 1268 1658 u.
1294 1634 1323 1659 s.
1349 1624 1376 1659 f.
1402 1625 1570 1659 omnibus

93 1672 229 1713 vigent,
255 1671 410 1705 werden
434 1682 507 1704 von
532 1671 751 1705 Iedermann
776 1670 930 1714 gelesen
955 1670 1031 1704 und
1055 1669 1270 1715 gepriesen.

186 1731 218 1762 l.
269 1740 338 1772 qua
363 1729 455 1762 iam.
490 1729 605 1762 deren
641 1728 701 1762 ich
727 1727 815 1762 bald
840 1726 987 1761 wieder
1021 1727 1080 1761 los
1107 1727 1254 1762 warde.
1304 1727 1407 1762 Crat.
1433 1727 1565 1763 Lamb.

94 1787 112 1809 e
136 1786 206 1819 qua
230 1775 317 1809 iam.
368 1776 418 1809 Ut
444 1786 530 1814 nos,
564 1776 643 1809 Md.
670 1776 825 1809 Ascens.
853 1780 1024 1816 utraque.
1051 1772 1153 1809 Vict.
1180 1775 1214 1808 1.
1240 1774 1274 1809 2.
1302 1774 1445 1808 Manut.
1471 1775 1564 1808 Bos.

93 1822 208 1864 Seqq.
236 1820 312 1856 Sed
337 1822 447 1855 facile
473 1822 615 1856 excidit
641 1833 671 1856 e.
699 1822 937 1865 (quamquam
962 1820 1093 1853 emersi
1117 1820 1193 1854 iam
1230 1821 1260 1855 I.
1287 1821 1350 1856 Fr.
1379 1820 1565 1855 Gronovii

93 1869 211 1912 susp.)
247 1869 417 1902 Orelli.
453 1888 498 1894 —-
531 1869 674 1913 Pompt.
701 1879 732 1902 s.
760 1878 820 1911 ep.
855 1866 1140 1906 CLXXXVII,
1167 1867 1200 1900 2.
1227 1885 1272 1893 —
1297 1878 1437 1910 rumor,
1463 1868 1563 1901 nam-

92 1915 181 1954 lich,
209 1914 291 1947 dass
317 1926 358 1948 er
382 1915 430 1948 im
456 1915 612 1959 Anzuge
638 1913 702 1950 sei.
729 1933 774 1939 —
798 1923 946 1948 cursum
967 1925 1016 1949 ..τ
1038 1913 1240 1958 navigandi
1265 1914 1478 1948 facultatem
1505 1925 1562 1948 am

91 1961 198 1995 Ende
224 1961 289 1994 des
316 1963 394 1996 191.
419 1961 556 1996 Briefs.

183 2019 218 2052 2.
268 2018 344 2052 hoc.
371 2017 449 2064 vele.
476 2018 661 2052 animadv.
686 2017 816 2058 velim,
857 2027 900 2051 so
926 2015 1008 2051 bitt’
1033 2015 1094 2051 ich
1118 2015 1221 2051 Dich
1244 2015 1561 2061 angelegentlich‚

93 2066 201 2104 Dem,
228 2076 305 2098 was
332 2065 392 2098 ich
416 2065 490 2098 Dir
516 2065 607 2098 ietzt
632 2065 780 2098 melden
806 2064 901 2103 will,
926 2063 1051 2098 Deine
1077 2074 1195 2108 ganze
1218 2062 1562 2099 Ausmerksamkeit

92 2122 138 2145 zu
165 2111 364 2145 schenken.
391 2112 449 2144 sin
474 2122 510 2144 es
532 2124 580 2144 z
602 2111 748 2144 wosern
774 2111 837 2145 Du
862 2111 953 2145 aber
978 2111 1024 2144 da
1041 2110 1127 2154 bist,
1154 2110 1202 2143 im
1221 2110 1383 2154 Gegens.
1398 2121 1472 2143 von
1500 2109 1562 2143 vix

93 2158 189 2191 enim
209 2162 310 2201 pulo,
359 2158 470 2191 Denn
496 2158 648 2191 Attikus
672 2158 804 2192 wollte
828 2157 922 2191 nach
947 2156 1086 2202 Epirus
1113 2157 1249 2191 reisen.
1276 2176 1320 2181 -
1346 2157 1475 2191 literas
1500 2167 1561 2190 re-

93 2204 169 2247 gist
202 2205 256 2237 als
290 2203 519 2239 Substantiv.
555 2204 748 2238 nuntiandi
779 2204 851 2238 den
877 2203 968 2248 folg.
995 2205 1128 2238 Aecus.
1158 2214 1189 2237 c.
1217 2203 1336 2244 infin.‚
1377 2204 1562 2238 Milonem

92 2262 141 2284 m.
167 2251 282 2294 queri.
307 2270 351 2276 —
372 2262 440 2295 per
463 2251 591 2284 literas
614 2250 662 2284 de
692 2251 784 2284 Ern.
820 2261 920 2294 susp.
955 2250 1076 2284 deleV.
1108 2250 1261 2285 Schtitz.
1332 2251 1416 2288 „At
1452 2248 1562 2292 queri

94 2303 241 2341 poterat
265 2308 334 2341 per
358 2297 517 2340 aliquem
543 2297 804 2331 familiarem.“
850 2296 1000 2331 Bentiv.
1030 2297 1091 2330 Or.
1118 2316 1163 2321 —-
1188 2297 1283 2340 quod
1308 2295 1444 2330 Philot.
1472 2301 1559 2335 cet„

94 2344 179 2376 dass
211 2343 436 2377 Philotimus
480 2343 555 2387 (ein
593 2343 898 2388 Freigelassener
941 2343 1009 2377 der
1050 2343 1231 2377 Terentia
1270 2343 1346 2377 und
1393 2343 1560 2377 Cicero's

94 2391 219 2433 Agent
244 2390 281 2423 in
307 2390 596 2424 okonomischen
624 2390 863 2432 Geschasten)
895 2388 960 2423 mit
994 2389 1065 2423 den
1092 2390 1258 2424 Kaufern
1287 2389 1412 2423 seiner
1439 2388 1558 2422 Giiter

95 2435 131 2469 in
159 2436 409 2469 Gesellschaft
446 2437 563 2469 stehe.
590 2456 631 2461 —
659 2438 703 2471 de
729 2437 770 2470 C.
798 2436 960 2470 Duronii
983 2440 1085 2476 sent„
1112 2437 1176 2469 auf
1198 2436 1389 2471 Anrathen
1422 2435 1487 2468 des
1514 2435 1557 2469 C.

95 2482 301 2516 Duronius.
329 2502 373 2507 —-
421 2483 631 2521 consiliam,
663 2483 821 2518 Absicht
853 2482 975 2516 dabei.
1001 2502 1046 2507 —-
1094 2483 1213 2515 malus
1238 2486 1377 2526 emptor
1401 2481 1555 2520 alienus,

98 2529 157 2562 ein
204 2528 277 2562 ihm
325 2528 623 2563 iibelwollender
667 2529 759 2563 oder
811 2529 1069 2562 wildsremder
1115 2529 1269 2562 Kiiut‘er.
1332 2529 1421 2561 Cum
1462 2527 1556 2562 Cdd.

95 2575 225 2608 Lamb.
252 2574 352 2609 Vict.
379 2575 412 2608 2.
439 2575 528 2608 Bos.
555 2576 647 2609 Ern.
672 2576 855 2620 probante
882 2575 1046 2619 Spengel
1080 2575 1116 2608 in
1143 2574 1315 2608 Seebode
1340 2573 1389 2606 N.
1415 2573 1558 2607 Archiv

96 2622 130 2656 3.
157 2622 190 2654 4.
219 2633 253 2665 p.
283 2623 361 2655 105.
389 2625 528 2664 emptor
553 2626 584 2654 et
610 2623 752 2655 alienus
777 2622 844 2656 Cd.
871 2622 957 2655 Urs.
986 2624 1125 2664 (Oxon.
1142 2623 1189 2661 1.)
1216 2623 1303 2663 (non
1330 2620 1557 2659 decurtatus,

99 2672 138 2700 ut
168 2667 218 2700 ait
242 2668 408 2707 Bentiv.)
437 2669 572 2700 (irat-v.
600 2667 685 2702 Sch.
711 2668 806 2701 Lt‘m.
832 2667 981 2701 Bentiv.
1008 2671 1147 2710 emptor
1171 2667 1303 2699 alienis
1328 2666 1404 2699 Md.
1432 2667 1556 2699 Oxon.

98 2713 130 2747 2.
166 2715 251 2749 Asc.
283 2717 312 2747 l.
347 2714 447 2748 Crat.
476 2714 575 2750 Vict.
606 2716 636 2748 l.
666 2715 740 2749 ΟΒ.
778 2714 910 2750 meare
935 2713 1131 2749 Adiectixa
1156 2713 1279 2747 finden
1314 2711 1392 2747 sich
1419 2712 1479 2746 bei
1505 2711 1558 2746 ei-
