<?xml version="1.0" encoding="UTF-8"?>
<!DOCTYPE html PUBLIC "-//W3C//DTD XHTML 1.0 Transitional//EN"
    "http://www.w3.org/TR/xhtml1/DTD/xhtml1-transitional.dtd">
<html xmlns="http://www.w3.org/1999/xhtml" xml:lang="en" lang="en">
 <head>
  <title>
</title>
<meta http-equiv="Content-Type" content="text/html;charset=utf-8" />
  <meta name='ocr-system' content='tesseract 3.04.00' />
  <meta name='ocr-capabilities' content='ocr_page ocr_carea ocr_par ocr_line ocrx_word'/>
</head>
<body>
  <div class='ocr_page' id='page_1' title='image "./epistolaeadattic02ciceuoft_0376.png"; bbox 0 0 1795 3043; ppageno 0'>
   <div class='ocr_carea' id='block_1_1' title="bbox 226 65 1446 120">
    <p class='ocr_par' dir='ltr' id='par_1_1' title="bbox 226 65 1446 120">
     <span class='ocr_line' id='line_1_1' title="bbox 226 65 1446 120; baseline -0.002 0"><span class='ocrx_word' id='word_1_1' title='bbox 226 73 325 120; x_wconf 79' lang='lat'>366</span> <span class='ocrx_word' id='word_1_2' title='bbox 483 69 545 115; x_wconf 82' lang='lat' dir='ltr'>M.</span> <span class='ocrx_word' id='word_1_3' title='bbox 583 69 637 114; x_wconf 89' lang='grc' dir='ltr'>Τ.</span> <span class='ocrx_word' id='word_1_4' title='bbox 685 65 1028 115; x_wconf 87' lang='lat' dir='ltr'>CICERONIS</span> <span class='ocrx_word' id='word_1_5' title='bbox 1072 67 1446 117; x_wconf 81' lang='lat' dir='ltr'>EPISTOLAE.</span> 
     </span>
    </p>
   </div>
   <div class='ocr_carea' id='block_1_2' title="bbox 220 181 1691 978">
    <p class='ocr_par' dir='ltr' id='par_1_2' title="bbox 220 181 1691 978">
     <span class='ocr_line' id='line_1_2' title="bbox 225 181 1691 235; baseline 0.003 -13"><span class='ocrx_word' id='word_1_6' title='bbox 225 195 250 222; x_wconf 79' lang='lat' dir='ltr'>a</span> <span class='ocrx_word' id='word_1_7' title='bbox 281 181 470 223; x_wconf 57' lang='lat' dir='ltr'>Graecis</span> <span class='ocrx_word' id='word_1_8' title='bbox 529 181 593 222; x_wconf 88' lang='lat' dir='ltr'>Tu</span> <span class='ocrx_word' id='word_1_9' title='bbox 622 183 762 221; x_wconf 87' lang='lat' dir='ltr'>tamen</span> <span class='ocrx_word' id='word_1_10' title='bbox 790 181 977 235; x_wconf 84' lang='lat' dir='ltr'>videbis,</span> <span class='ocrx_word' id='word_1_11' title='bbox 1007 182 1044 223; x_wconf 85' lang='lat' dir='ltr'>si</span> <span class='ocrx_word' id='word_1_12' title='bbox 1075 183 1180 231; x_wconf 86' lang='lat' dir='ltr'>erit,</span> <span class='ocrx_word' id='word_1_13' title='bbox 1219 182 1332 235; x_wconf 86' lang='lat' dir='ltr'>quod</span> <span class='ocrx_word' id='word_1_14' title='bbox 1360 183 1514 232; x_wconf 87' lang='lat' dir='ltr'>nolim,</span> <span class='ocrx_word' id='word_1_15' title='bbox 1552 196 1691 226; x_wconf 76' lang='lat' dir='ltr'>arces·</span> 
     </span>
     <span class='ocr_line' id='line_1_3' title="bbox 224 238 1690 295; baseline 0.003 -16"><span class='ocrx_word' id='word_1_16' title='bbox 224 239 391 289; x_wconf 83' lang='lat' dir='ltr'>sendus,</span> <span class='ocrx_word' id='word_1_17' title='bbox 420 250 473 278; x_wconf 85' lang='lat' dir='ltr'>ue</span> <span class='ocrx_word' id='word_1_18' title='bbox 503 238 670 278; x_wconf 84' lang='lat' dir='ltr'>molesti</span> <span class='ocrx_word' id='word_1_19' title='bbox 700 239 825 280; x_wconf 88' lang='lat' dir='ltr'>simus</span> <span class='ocrx_word' id='word_1_20' title='bbox 852 240 1004 281; x_wconf 85' lang='lat' dir='ltr'>invito.</span> <span class='ocrx_word' id='word_1_21' title='bbox 1063 240 1242 287; x_wconf 78' lang='lat' dir='ltr'>Quintus</span> <span class='ocrx_word' id='word_1_22' title='bbox 1269 241 1406 281; x_wconf 86' lang='lat' dir='ltr'>frater</span> <span class='ocrx_word' id='word_1_23' title='bbox 1433 241 1612 295; x_wconf 82' lang='lat' dir='ltr'>laborat,</span> <span class='ocrx_word' id='word_1_24' title='bbox 1640 243 1690 282; x_wconf 85' lang='lat' dir='ltr'>ut</span> 
     </span>
     <span class='ocr_line' id='line_1_4' title="bbox 223 295 1688 350; baseline 0.002 -13"><span class='ocrx_word' id='word_1_25' title='bbox 223 297 324 348; x_wconf 86' lang='lat' dir='ltr'>tibi,</span> <span class='ocrx_word' id='word_1_26' title='bbox 353 295 464 348; x_wconf 89' lang='lat' dir='ltr'>quod</span> <span class='ocrx_word' id='word_1_27' title='bbox 494 295 643 344; x_wconf 83' lang='lat' dir='ltr'>debet,</span> <span class='ocrx_word' id='word_1_28' title='bbox 665 306 666 309; x_wconf 72' lang='grc'>’</span> <span class='ocrx_word' id='word_1_29' title='bbox 686 296 738 336; x_wconf 79' lang='lat' dir='ltr'>ab</span> <span class='ocrx_word' id='word_1_30' title='bbox 769 297 949 350; x_wconf 79' lang='lat' dir='ltr'>Egnatio</span> <span class='ocrx_word' id='word_1_31' title='bbox 979 298 1137 338; x_wconf 84' lang='lat' dir='ltr'>solvat:</span> <span class='ocrx_word' id='word_1_32' title='bbox 1175 310 1255 338; x_wconf 87' lang='lat' dir='ltr'>nee</span> <span class='ocrx_word' id='word_1_33' title='bbox 1284 298 1467 350; x_wconf 83' lang='lat' dir='ltr'>Egnatio</span> <span class='ocrx_word' id='word_1_34' title='bbox 1495 300 1688 340; x_wconf 89' lang='lat' dir='ltr'>voluntas</span> 
     </span>
     <span class='ocr_line' id='line_1_5' title="bbox 223 353 1687 408; baseline 0.001 -14"><span class='ocrx_word' id='word_1_35' title='bbox 223 353 340 394; x_wconf 80' lang='lat' dir='ltr'>deest</span> <span class='ocrx_word' id='word_1_36' title='bbox 378 365 459 393; x_wconf 85' lang='lat' dir='ltr'>nec</span> <span class='ocrx_word' id='word_1_37' title='bbox 493 365 642 404; x_wconf 87' lang='lat' dir='ltr'>parum</span> <span class='ocrx_word' id='word_1_38' title='bbox 680 354 874 406; x_wconf 86' lang='lat' dir='ltr'>locuples</span> <span class='ocrx_word' id='word_1_39' title='bbox 911 355 998 403; x_wconf 79' lang='lat' dir='ltr'>est3</span> <span class='ocrx_word' id='word_1_40' title='bbox 1038 354 1110 395; x_wconf 90' lang='lat' dir='ltr'>sed</span> <span class='ocrx_word' id='word_1_41' title='bbox 1146 367 1275 407; x_wconf 89' lang='lat' dir='ltr'>quum</span> <span class='ocrx_word' id='word_1_42' title='bbox 1313 356 1398 395; x_wconf 86' lang='lat' dir='ltr'>tale</span> <span class='ocrx_word' id='word_1_43' title='bbox 1427 357 1592 408; x_wconf 88' lang='lat' dir='ltr'>tempus</span> <span class='ocrx_word' id='word_1_44' title='bbox 1617 357 1687 404; x_wconf 83' lang='lat' dir='ltr'>sit,</span> 
     </span>
     <span class='ocr_line' id='line_1_6' title="bbox 222 410 1690 457; baseline 0.003 -6"><span class='ocrx_word' id='word_1_45' title='bbox 222 412 270 451; x_wconf 76' lang='lat' dir='ltr'>ut</span> <span class='ocrx_word' id='word_1_46' title='bbox 301 410 349 457; x_wconf 81' lang='lat' dir='ltr'>Q.</span> <span class='ocrx_word' id='word_1_47' title='bbox 381 410 566 450; x_wconf 83' lang='lat' dir='ltr'>Titinius</span> <span class='ocrx_word' id='word_1_48' title='bbox 594 433 652 440; x_wconf 85' lang='lat'><strong>—</strong></span> <span class='ocrx_word' id='word_1_49' title='bbox 681 413 860 452; x_wconf 90' lang='lat' dir='ltr'>multum</span> <span class='ocrx_word' id='word_1_50' title='bbox 901 412 1013 451; x_wconf 89' lang='lat' dir='ltr'>enim</span> <span class='ocrx_word' id='word_1_51' title='bbox 1054 414 1116 452; x_wconf 82' lang='lat' dir='ltr'>est</span> <span class='ocrx_word' id='word_1_52' title='bbox 1155 412 1375 453; x_wconf 86' lang='lat' dir='ltr'>nobiscum</span> <span class='ocrx_word' id='word_1_53' title='bbox 1404 435 1459 441; x_wconf 97' lang='lat'><strong>—</strong></span> <span class='ocrx_word' id='word_1_54' title='bbox 1489 413 1690 455; x_wconf 81' lang='lat' dir='ltr'>viaticum</span> 
     </span>
     <span class='ocr_line' id='line_1_7' title="bbox 223 466 1690 522; baseline 0.002 -15"><span class='ocrx_word' id='word_1_55' title='bbox 223 479 268 507; x_wconf 87' lang='lat' dir='ltr'>se</span> <span class='ocrx_word' id='word_1_56' title='bbox 297 469 421 519; x_wconf 79' lang='lat' dir='ltr'>neget</span> <span class='ocrx_word' id='word_1_57' title='bbox 450 466 609 508; x_wconf 81' lang='lat' dir='ltr'>habere</span> <span class='ocrx_word' id='word_1_58' title='bbox 655 469 853 520; x_wconf 83' lang='lat' dir='ltr'>idemque</span> <span class='ocrx_word' id='word_1_59' title='bbox 889 468 1150 510; x_wconf 68' lang='lat' dir='ltr'>debitoribus</span> <span class='ocrx_word' id='word_1_60' title='bbox 1193 470 1279 510; x_wconf 89' lang='lat' dir='ltr'>suis</span> <span class='ocrx_word' id='word_1_61' title='bbox 1318 469 1600 522; x_wconf 82' lang='lat' dir='ltr'>denuntiarit,</span> <span class='ocrx_word' id='word_1_62' title='bbox 1640 471 1690 510; x_wconf 81' lang='lat' dir='ltr'>ut</span> 
     </span>
     <span class='ocr_line' id='line_1_8' title="bbox 223 524 1688 580; baseline 0.003 -17"><span class='ocrx_word' id='word_1_63' title='bbox 223 524 370 564; x_wconf 88' lang='lat' dir='ltr'>eodem</span> <span class='ocrx_word' id='word_1_64' title='bbox 397 525 544 565; x_wconf 87' lang='lat' dir='ltr'>fenore</span> <span class='ocrx_word' id='word_1_65' title='bbox 580 527 826 575; x_wconf 71' lang='lat' dir='ltr'>uterentur,</span> <span class='ocrx_word' id='word_1_66' title='bbox 872 528 998 578; x_wconf 83' lang='lat' dir='ltr'>atque</span> <span class='ocrx_word' id='word_1_67' title='bbox 1033 527 1116 567; x_wconf 88' lang='lat' dir='ltr'>hoc</span> <span class='ocrx_word' id='word_1_68' title='bbox 1155 527 1268 568; x_wconf 89' lang='lat' dir='ltr'>idem</span> <span class='ocrx_word' id='word_1_69' title='bbox 1308 527 1437 567; x_wconf 84' lang='lat' dir='ltr'>etiam</span> <span class='ocrx_word' id='word_1_70' title='bbox 1479 527 1526 570; x_wconf 89' lang='lat' dir='ltr'>L.</span> <span class='ocrx_word' id='word_1_71' title='bbox 1558 527 1688 580; x_wconf 86' lang='lat' dir='ltr'>Ligus</span> 
     </span>
     <span class='ocr_line' id='line_1_9' title="bbox 222 581 1691 635; baseline 0.001 -14"><span class='ocrx_word' id='word_1_72' title='bbox 222 581 374 622; x_wconf 85' lang='lat' dir='ltr'>fecisse</span> <span class='ocrx_word' id='word_1_73' title='bbox 414 581 602 631; x_wconf 70' lang='lat' dir='ltr'>dicatur,</span> <span class='ocrx_word' id='word_1_74' title='bbox 649 596 729 623; x_wconf 88' lang='lat' dir='ltr'>nec</span> <span class='ocrx_word' id='word_1_75' title='bbox 767 584 849 623; x_wconf 86' lang='lat' dir='ltr'>hoc</span> <span class='ocrx_word' id='word_1_76' title='bbox 879 585 1071 635; x_wconf 88' lang='lat' dir='ltr'>tempore</span> <span class='ocrx_word' id='word_1_77' title='bbox 1100 585 1313 625; x_wconf 84' lang='lat' dir='ltr'>aut&#39;domi</span> <span class='ocrx_word' id='word_1_78' title='bbox 1341 597 1531 625; x_wconf 86' lang='lat' dir='ltr'>nummos</span> <span class='ocrx_word' id='word_1_79' title='bbox 1561 584 1691 632; x_wconf 78' lang='lat' dir='ltr'>Quin-</span> 
     </span>
     <span class='ocr_line' id='line_1_10' title="bbox 222 639 1691 693; baseline 0.002 -15"><span class='ocrx_word' id='word_1_80' title='bbox 222 641 290 679; x_wconf 85' lang='lat' dir='ltr'>tus</span> <span class='ocrx_word' id='word_1_81' title='bbox 318 639 473 680; x_wconf 84' lang='lat' dir='ltr'>habeat</span> <span class='ocrx_word' id='word_1_82' title='bbox 508 641 580 680; x_wconf 89' lang='lat' dir='ltr'>aut</span> <span class='ocrx_word' id='word_1_83' title='bbox 619 640 789 693; x_wconf 82' lang='lat' dir='ltr'>exigere</span> <span class='ocrx_word' id='word_1_84' title='bbox 835 639 888 680; x_wconf 87' lang='lat' dir='ltr'>ab</span> <span class='ocrx_word' id='word_1_85' title='bbox 926 640 1107 693; x_wconf 83' lang='lat' dir='ltr'>Egnatio</span> <span class='ocrx_word' id='word_1_86' title='bbox 1147 644 1219 682; x_wconf 84' lang='lat' dir='ltr'>aut</span> <span class='ocrx_word' id='word_1_87' title='bbox 1258 654 1475 683; x_wconf 85' lang='lat' dir='ltr'>versuram</span> <span class='ocrx_word' id='word_1_88' title='bbox 1515 653 1691 693; x_wconf 85' lang='lat' dir='ltr'>usquam</span> 
     </span>
     <span class='ocr_line' id='line_1_11' title="bbox 221 695 1690 751; baseline 0.001 -15"><span class='ocrx_word' id='word_1_89' title='bbox 221 698 364 737; x_wconf 82' lang='lat' dir='ltr'>facere</span> <span class='ocrx_word' id='word_1_90' title='bbox 393 695 537 748; x_wconf 81' lang='lat' dir='ltr'>possit,</span> <span class='ocrx_word' id='word_1_91' title='bbox 567 696 747 737; x_wconf 87' lang='lat' dir='ltr'>miratur</span> <span class='ocrx_word' id='word_1_92' title='bbox 776 697 818 736; x_wconf 83' lang='lat' dir='ltr'>te</span> <span class='ocrx_word' id='word_1_93' title='bbox 850 709 935 737; x_wconf 88' lang='lat' dir='ltr'>non</span> <span class='ocrx_word' id='word_1_94' title='bbox 965 697 1163 738; x_wconf 84' lang='lat' dir='ltr'>habuisse</span> <span class='ocrx_word' id='word_1_95' title='bbox 1201 700 1409 740; x_wconf 85' lang='lat' dir='ltr'>rationem</span> <span class='ocrx_word' id='word_1_96' title='bbox 1448 698 1575 738; x_wconf 86' lang='lat' dir='ltr'>huius</span> <span class='ocrx_word' id='word_1_97' title='bbox 1614 710 1690 751; x_wconf 90' lang='lat' dir='ltr'>pu—</span> 
     </span>
     <span class='ocr_line' id='line_1_12' title="bbox 221 753 1691 808; baseline 0 -15"><span class='ocrx_word' id='word_1_98' title='bbox 221 753 364 794; x_wconf 86' lang='lat' dir='ltr'>blicae</span> <span class='ocrx_word' id='word_1_99' title='bbox 394 753 670 794; x_wconf 85' lang='lat' dir='ltr'>difficultatis.</span> <span class='ocrx_word' id='word_1_100' title='bbox 727 754 819 806; x_wconf 77' lang='lat' dir='ltr'>Ego</span> <span class='ocrx_word' id='word_1_101' title='bbox 849 755 1013 802; x_wconf 82' lang='lat' dir='ltr'>autem,</span> <span class='ocrx_word' id='word_1_102' title='bbox 1051 755 1132 794; x_wconf 89' lang='lat' dir='ltr'>etsi</span> <span class='ocrx_word' id='word_1_103' title='bbox 1159 755 1269 797; x_wconf 92' lang='lat' dir='ltr'>illud</span> <span class='ocrx_word' id='word_1_104' title='bbox 1298 753 1606 808; x_wconf 77' lang='grc' dir='ltr'><em>ψευδησιόὸειον</em></span> <span class='ocrx_word' id='word_1_105' title='bbox 1631 776 1691 784; x_wconf 93' lang='lat'>—</span> 
     </span>
     <span class='ocr_line' id='line_1_13' title="bbox 221 810 1690 866; baseline 0.001 -15"><span class='ocrx_word' id='word_1_106' title='bbox 221 812 284 851; x_wconf 86' lang='lat' dir='ltr'>ita</span> <span class='ocrx_word' id='word_1_107' title='bbox 313 811 426 851; x_wconf 90' lang='lat' dir='ltr'>enim</span> <span class='ocrx_word' id='word_1_108' title='bbox 456 813 629 862; x_wconf 84' lang='lat' dir='ltr'>putatur</span> <span class='ocrx_word' id='word_1_109' title='bbox 655 832 712 841; x_wconf 92' lang='lat'><strong>—</strong></span> <span class='ocrx_word' id='word_1_110' title='bbox 741 810 944 859; x_wconf 86' lang='lat' dir='ltr'>observo,</span> <span class='ocrx_word' id='word_1_111' title='bbox 974 811 1077 860; x_wconf 79' lang='grc' dir='ltr'><em>μηδὲ</em></span> <span class='ocrx_word' id='word_1_112' title='bbox 1106 813 1244 862; x_wconf 80' lang='grc' dir='ltr'><em>δίκην,</em></span> <span class='ocrx_word' id='word_1_113' title='bbox 1277 814 1526 866; x_wconf 81' lang='lat' dir='ltr'>praesertim</span> <span class='ocrx_word' id='word_1_114' title='bbox 1556 813 1601 854; x_wconf 89' lang='lat' dir='ltr'>in</span> <span class='ocrx_word' id='word_1_115' title='bbox 1630 812 1690 862; x_wconf 81' lang='lat' dir='ltr'>te,</span> 
     </span>
     <span class='ocr_line' id='line_1_14' title="bbox 222 867 1690 921; baseline 0 -12"><span class='ocrx_word' id='word_1_116' title='bbox 222 882 248 909; x_wconf 85' lang='lat' dir='ltr'>a</span> <span class='ocrx_word' id='word_1_117' title='bbox 276 880 358 920; x_wconf 92' lang='lat' dir='ltr'>quo</span> <span class='ocrx_word' id='word_1_118' title='bbox 389 867 499 907; x_wconf 88' lang='lat' dir='ltr'>nihil</span> <span class='ocrx_word' id='word_1_119' title='bbox 538 881 726 919; x_wconf 86' lang='lat' dir='ltr'>unquam</span> <span class='ocrx_word' id='word_1_120' title='bbox 765 868 853 909; x_wconf 85' lang='lat' dir='ltr'>vidi</span> <span class='ocrx_word' id='word_1_121' title='bbox 892 869 1052 910; x_wconf 90' lang='lat' dir='ltr'>temere</span> <span class='ocrx_word' id='word_1_122' title='bbox 1092 868 1209 920; x_wconf 66' lang='lat' dir='ltr'>fieri,</span> <span class='ocrx_word' id='word_1_123' title='bbox 1248 871 1387 910; x_wconf 86' lang='lat' dir='ltr'>tamen</span> <span class='ocrx_word' id='word_1_124' title='bbox 1425 870 1545 911; x_wconf 88' lang='lat' dir='ltr'>illius</span> <span class='ocrx_word' id='word_1_125' title='bbox 1589 881 1690 921; x_wconf 84' lang='lat' dir='ltr'>que-</span> 
     </span>
     <span class='ocr_line' id='line_1_15' title="bbox 220 923 1470 978; baseline 0.002 -12"><span class='ocrx_word' id='word_1_126' title='bbox 220 927 312 966; x_wconf 81' lang='lat' dir='ltr'>rela</span> <span class='ocrx_word' id='word_1_127' title='bbox 341 923 553 965; x_wconf 83' lang='lat' dir='ltr'>movebar.</span> <span class='ocrx_word' id='word_1_128' title='bbox 612 926 728 978; x_wconf 89' lang='lat' dir='ltr'>Hoc,</span> <span class='ocrx_word' id='word_1_129' title='bbox 768 925 973 977; x_wconf 90' lang='lat' dir='ltr'>quidquid</span> <span class='ocrx_word' id='word_1_130' title='bbox 1003 928 1088 974; x_wconf 82' lang='lat' dir='ltr'>est,</span> <span class='ocrx_word' id='word_1_131' title='bbox 1128 928 1170 967; x_wconf 89' lang='lat' dir='ltr'>te</span> <span class='ocrx_word' id='word_1_132' title='bbox 1200 927 1309 967; x_wconf 85' lang='lat' dir='ltr'>scire</span> <span class='ocrx_word' id='word_1_133' title='bbox 1337 928 1470 970; x_wconf 87' lang='lat' dir='ltr'>volui.</span> 
     </span>
    </p>
   </div>
   <div class='ocr_carea' id='block_1_3' title="bbox 216 1026 1691 2783">
    <p class='ocr_par' dir='ltr' id='par_1_3' title="bbox 221 1026 1691 1534">
     <span class='ocr_line' id='line_1_16' title="bbox 222 1026 1690 1071; baseline -0.001 -10"><span class='ocrx_word' id='word_1_134' title='bbox 222 1038 258 1061; x_wconf 89' lang='lat' dir='ltr'>u.</span> <span class='ocrx_word' id='word_1_135' title='bbox 275 1037 303 1060; x_wconf 89' lang='lat' dir='ltr'>s.</span> <span class='ocrx_word' id='word_1_136' title='bbox 319 1027 400 1069; x_wconf 80' lang='lat' dir='ltr'>w.),</span> <span class='ocrx_word' id='word_1_137' title='bbox 427 1032 579 1069; x_wconf 83' lang='lat' dir='ltr'>rogatus</span> <span class='ocrx_word' id='word_1_138' title='bbox 605 1031 724 1060; x_wconf 85' lang='lat' dir='ltr'>erata</span> <span class='ocrx_word' id='word_1_139' title='bbox 742 1027 793 1060; x_wconf 83' lang='lat' dir='ltr'>M.</span> <span class='ocrx_word' id='word_1_140' title='bbox 811 1026 955 1064; x_wconf 80' lang='lat' dir='ltr'>Tullio,</span> <span class='ocrx_word' id='word_1_141' title='bbox 982 1032 1023 1060; x_wconf 90' lang='lat' dir='ltr'>ut</span> <span class='ocrx_word' id='word_1_142' title='bbox 1047 1037 1087 1061; x_wconf 87' lang='lat' dir='ltr'>se</span> <span class='ocrx_word' id='word_1_143' title='bbox 1119 1027 1165 1061; x_wconf 90' lang='lat' dir='ltr'>ab</span> <span class='ocrx_word' id='word_1_144' title='bbox 1201 1027 1294 1061; x_wconf 88' lang='lat' dir='ltr'>urbe</span> <span class='ocrx_word' id='word_1_145' title='bbox 1322 1026 1575 1061; x_wconf 85' lang='lat' dir='ltr'>discedentem</span> <span class='ocrx_word' id='word_1_146' title='bbox 1599 1036 1690 1071; x_wconf 91' lang='lat' dir='ltr'>pro-</span> 
     </span>
     <span class='ocr_line' id='line_1_17' title="bbox 222 1072 1690 1117; baseline -0.001 -10"><span class='ocrx_word' id='word_1_147' title='bbox 222 1079 448 1117; x_wconf 80' lang='lat' dir='ltr'>sequeretur</span> <span class='ocrx_word' id='word_1_148' title='bbox 480 1083 696 1116; x_wconf 83' lang='lat' dir='ltr'>puerosque</span> <span class='ocrx_word' id='word_1_149' title='bbox 730 1072 867 1106; x_wconf 89' lang='lat' dir='ltr'>docere</span> <span class='ocrx_word' id='word_1_150' title='bbox 891 1079 1080 1116; x_wconf 81' lang='lat' dir='ltr'>pergeret.</span> <span class='ocrx_word' id='word_1_151' title='bbox 1127 1073 1172 1107; x_wconf 92' lang='lat' dir='ltr'>Id</span> <span class='ocrx_word' id='word_1_152' title='bbox 1197 1073 1264 1107; x_wconf 88' lang='lat' dir='ltr'>ille</span> <span class='ocrx_word' id='word_1_153' title='bbox 1288 1078 1527 1108; x_wconf 81' lang='lat' dir='ltr'>recusaverat</span> <span class='ocrx_word' id='word_1_154' title='bbox 1551 1078 1588 1106; x_wconf 86' lang='lat' dir='ltr'>et</span> <span class='ocrx_word' id='word_1_155' title='bbox 1609 1073 1690 1107; x_wconf 90' lang='lat' dir='ltr'>Ro-</span> 
     </span>
     <span class='ocr_line' id='line_1_18' title="bbox 222 1118 1691 1162; baseline -0.001 -9"><span class='ocrx_word' id='word_1_156' title='bbox 222 1130 304 1153; x_wconf 88' lang='lat' dir='ltr'>mae</span> <span class='ocrx_word' id='word_1_157' title='bbox 335 1125 529 1152; x_wconf 80' lang='lat' dir='ltr'>manserat.</span> <span class='ocrx_word' id='word_1_158' title='bbox 566 1118 674 1152; x_wconf 87' lang='lat' dir='ltr'><strong>SCH.</strong></span> <span class='ocrx_word' id='word_1_159' title='bbox 717 1118 968 1162; x_wconf 84' lang='lat' dir='ltr'>Aposiopesis</span> <span class='ocrx_word' id='word_1_160' title='bbox 1005 1119 1143 1162; x_wconf 80' lang='lat' dir='ltr'>figura!</span> <span class='ocrx_word' id='word_1_161' title='bbox 1182 1120 1262 1153; x_wconf 85' lang='lat' dir='ltr'>sive</span> <span class='ocrx_word' id='word_1_162' title='bbox 1295 1119 1609 1159; x_wconf 63' lang='grc' dir='ltr'>α’ναινταπόόοτου,</span> <span class='ocrx_word' id='word_1_163' title='bbox 1648 1123 1691 1152; x_wconf 84' lang='lat' dir='ltr'>ut</span> 
     </span>
     <span class='ocr_line' id='line_1_19' title="bbox 223 1165 1688 1210; baseline -0.001 -10"><span class='ocrx_word' id='word_1_164' title='bbox 223 1165 348 1210; x_wconf 83' lang='lat' dir='ltr'>Supra</span> <span class='ocrx_word' id='word_1_165' title='bbox 364 1176 422 1209; x_wconf 86' lang='lat' dir='ltr'>ep.</span> <span class='ocrx_word' id='word_1_166' title='bbox 450 1165 637 1207; x_wconf 79' lang='lat' dir='ltr'>CCCXV,</span> <span class='ocrx_word' id='word_1_167' title='bbox 651 1166 686 1199; x_wconf 85' lang='lat'>3.</span> <span class='ocrx_word' id='word_1_168' title='bbox 714 1165 806 1200; x_wconf 83' lang='lat' dir='ltr'>Vid.</span> <span class='ocrx_word' id='word_1_169' title='bbox 822 1165 972 1198; x_wconf 86' lang='lat' dir='ltr'>Ramsh.</span> <span class='ocrx_word' id='word_1_170' title='bbox 998 1166 1026 1208; x_wconf 84' lang='lat'>§.</span> <span class='ocrx_word' id='word_1_171' title='bbox 1043 1165 1121 1206; x_wconf 87' lang='lat'>206,</span> <span class='ocrx_word' id='word_1_172' title='bbox 1139 1165 1185 1208; x_wconf 88' lang='lat' dir='ltr'>B,</span> <span class='ocrx_word' id='word_1_173' title='bbox 1204 1167 1238 1209; x_wconf 86' lang='lat'>6,</span> <span class='ocrx_word' id='word_1_174' title='bbox 1256 1177 1287 1199; x_wconf 90' lang='lat' dir='ltr'>c.</span> <span class='ocrx_word' id='word_1_175' title='bbox 1326 1165 1417 1200; x_wconf 88' lang='lat' dir='ltr'>Cdd.</span> <span class='ocrx_word' id='word_1_176' title='bbox 1433 1165 1688 1209; x_wconf 82' lang='lat' dir='ltr'>La11.1v1argo.</span> 
     </span>
     <span class='ocr_line' id='line_1_20' title="bbox 223 1210 1690 1256; baseline -0.001 -10"><span class='ocrx_word' id='word_1_177' title='bbox 223 1213 321 1246; x_wconf 88' lang='lat' dir='ltr'>Crat.</span> <span class='ocrx_word' id='word_1_178' title='bbox 355 1212 483 1245; x_wconf 77' lang='lat' dir='ltr'>Lamb‚</span> <span class='ocrx_word' id='word_1_179' title='bbox 517 1211 602 1244; x_wconf 85' lang='lat' dir='ltr'>Bos.</span> <span class='ocrx_word' id='word_1_180' title='bbox 630 1211 720 1244; x_wconf 87' lang='lat' dir='ltr'>Ern.</span> <span class='ocrx_word' id='word_1_181' title='bbox 760 1211 901 1244; x_wconf 88' lang='lat' dir='ltr'>addunt</span> <span class='ocrx_word' id='word_1_182' title='bbox 931 1211 1008 1244; x_wconf 77' lang='lat' dir='ltr'>scio</span> <span class='ocrx_word' id='word_1_183' title='bbox 1034 1219 1119 1256; x_wconf 89' lang='lat' dir='ltr'>post</span> <span class='ocrx_word' id='word_1_184' title='bbox 1143 1216 1243 1246; x_wconf 81' lang='lat' dir='ltr'>esset.</span> <span class='ocrx_word' id='word_1_185' title='bbox 1293 1212 1326 1245; x_wconf 92' lang='lat' dir='ltr'>E</span> <span class='ocrx_word' id='word_1_186' title='bbox 1352 1212 1585 1255; x_wconf 80' lang='lat' dir='ltr'>glossemate.</span> <span class='ocrx_word' id='word_1_187' title='bbox 1637 1210 1690 1245; x_wconf 85' lang='lat' dir='ltr'>Es</span> 
     </span>
     <span class='ocr_line' id='line_1_21' title="bbox 224 1257 1689 1302; baseline -0.001 -11"><span class='ocrx_word' id='word_1_188' title='bbox 224 1259 334 1292; x_wconf 79' lang='lat' dir='ltr'>fehlt:</span> <span class='ocrx_word' id='word_1_189' title='bbox 380 1258 454 1290; x_wconf 88' lang='lat' dir='ltr'>hat</span> <span class='ocrx_word' id='word_1_190' title='bbox 485 1267 532 1290; x_wconf 85' lang='lat' dir='ltr'>er</span> <span class='ocrx_word' id='word_1_191' title='bbox 562 1257 689 1290; x_wconf 89' lang='lat' dir='ltr'>nicht</span> <span class='ocrx_word' id='word_1_192' title='bbox 721 1258 918 1300; x_wconf 79' lang='lat' dir='ltr'>gethan,</span> <span class='ocrx_word' id='word_1_193' title='bbox 953 1257 1098 1300; x_wconf 87' lang='lat' dir='ltr'>omisit,</span> <span class='ocrx_word' id='word_1_194' title='bbox 1131 1258 1324 1302; x_wconf 79' lang='lat' dir='ltr'>neglexit,</span> <span class='ocrx_word' id='word_1_195' title='bbox 1356 1268 1429 1290; x_wconf 90' lang='lat' dir='ltr'>non</span> <span class='ocrx_word' id='word_1_196' title='bbox 1462 1257 1616 1291; x_wconf 86' lang='lat' dir='ltr'>curavit.</span> <span class='ocrx_word' id='word_1_197' title='bbox 1643 1275 1689 1282; x_wconf 92' lang='lat'>—-</span> 
     </span>
     <span class='ocr_line' id='line_1_22' title="bbox 223 1302 1688 1346; baseline -0.001 -8"><span class='ocrx_word' id='word_1_198' title='bbox 223 1305 295 1338; x_wconf 82' lang='lat' dir='ltr'>Sed</span> <span class='ocrx_word' id='word_1_199' title='bbox 319 1303 406 1336; x_wconf 77' lang='lat' dir='ltr'>haec</span> <span class='ocrx_word' id='word_1_200' title='bbox 431 1314 500 1336; x_wconf 77' lang='lat' dir='ltr'>non</span> <span class='ocrx_word' id='word_1_201' title='bbox 527 1310 597 1336; x_wconf 91' lang='lat' dir='ltr'>cet.</span> <span class='ocrx_word' id='word_1_202' title='bbox 653 1303 765 1336; x_wconf 88' lang='lat' dir='ltr'>Doch</span> <span class='ocrx_word' id='word_1_203' title='bbox 790 1303 827 1336; x_wconf 94' lang='lat' dir='ltr'>in</span> <span class='ocrx_word' id='word_1_204' title='bbox 853 1303 1007 1336; x_wconf 84' lang='lat' dir='ltr'>solchen</span> <span class='ocrx_word' id='word_1_205' title='bbox 1032 1303 1186 1346; x_wconf 82' lang='lat' dir='ltr'>Dingen</span> <span class='ocrx_word' id='word_1_206' title='bbox 1211 1304 1331 1337; x_wconf 87' lang='lat' dir='ltr'>nehm&#39;</span> <span class='ocrx_word' id='word_1_207' title='bbox 1356 1302 1447 1337; x_wconf 86' lang='lat' dir='ltr'>ich&#39;s</span> <span class='ocrx_word' id='word_1_208' title='bbox 1472 1304 1540 1336; x_wconf 85' lang='lat' dir='ltr'>mit</span> <span class='ocrx_word' id='word_1_209' title='bbox 1565 1303 1688 1337; x_wconf 89' lang='lat' dir='ltr'>einem</span> 
     </span>
     <span class='ocr_line' id='line_1_23' title="bbox 224 1348 1690 1392; baseline -0.001 -8"><span class='ocrx_word' id='word_1_210' title='bbox 224 1350 414 1385; x_wconf 89' lang='lat' dir='ltr'>Griechen</span> <span class='ocrx_word' id='word_1_211' title='bbox 439 1349 543 1382; x_wconf 89' lang='lat' dir='ltr'>nicht</span> <span class='ocrx_word' id='word_1_212' title='bbox 568 1359 615 1382; x_wconf 88' lang='lat' dir='ltr'>zu</span> <span class='ocrx_word' id='word_1_213' title='bbox 640 1359 771 1392; x_wconf 82' lang='lat' dir='ltr'>genau.</span> <span class='ocrx_word' id='word_1_214' title='bbox 799 1367 842 1374; x_wconf 90' lang='lat'>—</span> <span class='ocrx_word' id='word_1_215' title='bbox 868 1350 963 1392; x_wconf 80' lang='lat' dir='ltr'>quod</span> <span class='ocrx_word' id='word_1_216' title='bbox 988 1350 1113 1383; x_wconf 73' lang='lat' dir='ltr'>nolim.</span> <span class='ocrx_word' id='word_1_217' title='bbox 1162 1350 1274 1383; x_wconf 89' lang='lat' dir='ltr'>Denn</span> <span class='ocrx_word' id='word_1_218' title='bbox 1293 1348 1426 1384; x_wconf 89' lang='lat' dir='ltr'>Cicero</span> <span class='ocrx_word' id='word_1_219' title='bbox 1451 1350 1598 1383; x_wconf 74' lang='lat' dir='ltr'>mochte</span> <span class='ocrx_word' id='word_1_220' title='bbox 1617 1349 1690 1383; x_wconf 84' lang='lat' dir='ltr'>lie-</span> 
     </span>
     <span class='ocr_line' id='line_1_24' title="bbox 223 1395 1689 1442; baseline -0.001 -11"><span class='ocrx_word' id='word_1_221' title='bbox 223 1398 291 1431; x_wconf 88' lang='lat' dir='ltr'>ber</span> <span class='ocrx_word' id='word_1_222' title='bbox 316 1397 433 1430; x_wconf 84' lang='lat' dir='ltr'>selbst</span> <span class='ocrx_word' id='word_1_223' title='bbox 458 1396 552 1429; x_wconf 87' lang='lat' dir='ltr'>nach</span> <span class='ocrx_word' id='word_1_224' title='bbox 569 1396 666 1429; x_wconf 85' lang='lat' dir='ltr'>Rom</span> <span class='ocrx_word' id='word_1_225' title='bbox 681 1395 988 1438; x_wconf 75' lang='lat' dir='ltr'>zuruckkehren5</span> <span class='ocrx_word' id='word_1_226' title='bbox 1015 1395 1110 1428; x_wconf 88' lang='lat' dir='ltr'>dann</span> <span class='ocrx_word' id='word_1_227' title='bbox 1137 1396 1316 1429; x_wconf 85' lang='lat' dir='ltr'>brauchte</span> <span class='ocrx_word' id='word_1_228' title='bbox 1334 1406 1374 1429; x_wconf 87' lang='lat' dir='ltr'>er</span> <span class='ocrx_word' id='word_1_229' title='bbox 1391 1395 1463 1429; x_wconf 88' lang='lat' dir='ltr'>den</span> <span class='ocrx_word' id='word_1_230' title='bbox 1476 1395 1689 1442; x_wconf 85' lang='lat' dir='ltr'>Dionysius</span> 
     </span>
     <span class='ocr_line' id='line_1_25' title="bbox 222 1441 1687 1486; baseline -0.001 -9"><span class='ocrx_word' id='word_1_231' title='bbox 222 1444 325 1477; x_wconf 83' lang='lat' dir='ltr'>nicht</span> <span class='ocrx_word' id='word_1_232' title='bbox 341 1452 386 1476; x_wconf 90' lang='lat' dir='ltr'>zu</span> <span class='ocrx_word' id='word_1_233' title='bbox 402 1442 483 1475; x_wconf 81' lang='lat' dir='ltr'>sich</span> <span class='ocrx_word' id='word_1_234' title='bbox 498 1441 670 1476; x_wconf 85' lang='lat' dir='ltr'>kommen</span> <span class='ocrx_word' id='word_1_235' title='bbox 691 1450 736 1475; x_wconf 89' lang='lat' dir='ltr'>zu</span> <span class='ocrx_word' id='word_1_236' title='bbox 754 1442 889 1476; x_wconf 84' lang='lat' dir='ltr'>lassen.</span> <span class='ocrx_word' id='word_1_237' title='bbox 904 1461 949 1467; x_wconf 96' lang='lat'>—</span> <span class='ocrx_word' id='word_1_238' title='bbox 966 1453 1010 1475; x_wconf 73' lang='lat' dir='ltr'>ue</span> <span class='ocrx_word' id='word_1_239' title='bbox 1026 1442 1141 1486; x_wconf 60' lang='lat' dir='ltr'>hiingt</span> <span class='ocrx_word' id='word_1_240' title='bbox 1157 1453 1228 1476; x_wconf 88' lang='lat' dir='ltr'>von</span> <span class='ocrx_word' id='word_1_241' title='bbox 1248 1442 1385 1476; x_wconf 68' lang='lat' dir='ltr'>videbis</span> <span class='ocrx_word' id='word_1_242' title='bbox 1400 1442 1458 1476; x_wconf 86' lang='lat' dir='ltr'>ab.</span> <span class='ocrx_word' id='word_1_243' title='bbox 1486 1441 1525 1476; x_wconf 91' lang='lat' dir='ltr'>S.</span> <span class='ocrx_word' id='word_1_244' title='bbox 1538 1441 1687 1477; x_wconf 85' lang='lat' dir='ltr'>Ramsh.</span> 
     </span>
     <span class='ocr_line' id='line_1_26' title="bbox 221 1488 1585 1534; baseline -0.001 -10"><span class='ocrx_word' id='word_1_245' title='bbox 221 1491 251 1534; x_wconf 83' lang='lat'>§.</span> <span class='ocrx_word' id='word_1_246' title='bbox 279 1490 359 1533; x_wconf 83' lang='lat'>193,</span> <span class='ocrx_word' id='word_1_247' title='bbox 385 1491 418 1524; x_wconf 84' lang='lat'>3.</span> <span class='ocrx_word' id='word_1_248' title='bbox 444 1507 489 1513; x_wconf 91' lang='lat'>—</span> <span class='ocrx_word' id='word_1_249' title='bbox 513 1488 650 1531; x_wconf 70' lang='lat' dir='ltr'>invito,</span> <span class='ocrx_word' id='word_1_250' title='bbox 678 1489 765 1523; x_wconf 79' lang='lat' dir='ltr'>falls</span> <span class='ocrx_word' id='word_1_251' title='bbox 792 1500 833 1522; x_wconf 91' lang='lat' dir='ltr'>er</span> <span class='ocrx_word' id='word_1_252' title='bbox 857 1488 960 1521; x_wconf 85' lang='lat' dir='ltr'>nicht</span> <span class='ocrx_word' id='word_1_253' title='bbox 984 1499 1101 1532; x_wconf 80' lang='lat' dir='ltr'>gerne</span> <span class='ocrx_word' id='word_1_254' title='bbox 1126 1499 1173 1523; x_wconf 87' lang='lat' dir='ltr'>zu</span> <span class='ocrx_word' id='word_1_255' title='bbox 1198 1489 1270 1522; x_wconf 87' lang='lat' dir='ltr'>mir</span> <span class='ocrx_word' id='word_1_256' title='bbox 1293 1489 1467 1522; x_wconf 85' lang='lat' dir='ltr'>kommen</span> <span class='ocrx_word' id='word_1_257' title='bbox 1491 1488 1585 1522; x_wconf 85' lang='lat' dir='ltr'>will.</span> 
     </span>
    </p>

    <p class='ocr_par' dir='ltr' id='par_1_4' title="bbox 216 1533 1690 2783">
     <span class='ocr_line' id='line_1_27' title="bbox 311 1533 1690 1579; baseline -0.001 -10"><span class='ocrx_word' id='word_1_258' title='bbox 311 1537 345 1569; x_wconf 82' lang='lat'>4.</span> <span class='ocrx_word' id='word_1_259' title='bbox 379 1535 545 1574; x_wconf 78' lang='lat' dir='ltr'>laborat,</span> <span class='ocrx_word' id='word_1_260' title='bbox 571 1536 655 1568; x_wconf 86' lang='lat' dir='ltr'>thut</span> <span class='ocrx_word' id='word_1_261' title='bbox 679 1535 759 1568; x_wconf 88' lang='lat' dir='ltr'>sein</span> <span class='ocrx_word' id='word_1_262' title='bbox 785 1535 1046 1578; x_wconf 73' lang='lat' dir='ltr'>Moglichstes.</span> <span class='ocrx_word' id='word_1_263' title='bbox 1064 1554 1109 1559; x_wconf 83' lang='lat'>——</span> <span class='ocrx_word' id='word_1_264' title='bbox 1134 1536 1178 1569; x_wconf 85' lang='lat' dir='ltr'>ab</span> <span class='ocrx_word' id='word_1_265' title='bbox 1203 1536 1366 1577; x_wconf 77' lang='lat' dir='ltr'>Egnatio</span> <span class='ocrx_word' id='word_1_266' title='bbox 1392 1534 1587 1579; x_wconf 86' lang='lat' dir='ltr'>trapezita,</span> <span class='ocrx_word' id='word_1_267' title='bbox 1605 1533 1690 1568; x_wconf 91' lang='lat' dir='ltr'>dem</span> 
     </span>
     <span class='ocr_line' id='line_1_28' title="bbox 222 1580 1687 1625; baseline -0.003 -9"><span class='ocrx_word' id='word_1_268' title='bbox 222 1593 264 1616; x_wconf 89' lang='lat' dir='ltr'>er</span> <span class='ocrx_word' id='word_1_269' title='bbox 289 1582 354 1615; x_wconf 87' lang='lat' dir='ltr'>das</span> <span class='ocrx_word' id='word_1_270' title='bbox 379 1581 477 1616; x_wconf 89' lang='lat' dir='ltr'>Geld</span> <span class='ocrx_word' id='word_1_271' title='bbox 502 1581 677 1614; x_wconf 86' lang='lat' dir='ltr'>ableihen</span> <span class='ocrx_word' id='word_1_272' title='bbox 704 1580 803 1623; x_wconf 86' lang='lat' dir='ltr'>will,</span> <span class='ocrx_word' id='word_1_273' title='bbox 829 1591 907 1615; x_wconf 83' lang='lat' dir='ltr'>was</span> <span class='ocrx_word' id='word_1_274' title='bbox 933 1592 973 1614; x_wconf 89' lang='lat' dir='ltr'>er</span> <span class='ocrx_word' id='word_1_275' title='bbox 998 1581 1072 1614; x_wconf 88' lang='lat' dir='ltr'>Dir</span> <span class='ocrx_word' id='word_1_276' title='bbox 1095 1581 1269 1625; x_wconf 78' lang='lat' dir='ltr'>schuldig</span> <span class='ocrx_word' id='word_1_277' title='bbox 1294 1582 1351 1615; x_wconf 86' lang='lat' dir='ltr'>ist.</span> <span class='ocrx_word' id='word_1_278' title='bbox 1377 1599 1422 1605; x_wconf 83' lang='lat'>--</span> <span class='ocrx_word' id='word_1_279' title='bbox 1451 1581 1489 1616; x_wconf 84' lang='lat' dir='ltr'>Q.</span> <span class='ocrx_word' id='word_1_280' title='bbox 1511 1580 1687 1623; x_wconf 75' lang='lat' dir='ltr'>Titinius,</span> 
     </span>
     <span class='ocr_line' id='line_1_29' title="bbox 222 1626 1686 1671; baseline -0.001 -9"><span class='ocrx_word' id='word_1_281' title='bbox 222 1627 284 1662; x_wconf 89' lang='lat' dir='ltr'>ein</span> <span class='ocrx_word' id='word_1_282' title='bbox 302 1628 526 1662; x_wconf 71' lang='lat' dir='ltr'>Romischer</span> <span class='ocrx_word' id='word_1_283' title='bbox 543 1627 668 1661; x_wconf 82' lang='lat' dir='ltr'>Ritter</span> <span class='ocrx_word' id='word_1_284' title='bbox 683 1638 716 1660; x_wconf 86' lang='lat' dir='ltr'>u.</span> <span class='ocrx_word' id='word_1_285' title='bbox 736 1627 886 1660; x_wconf 85' lang='lat' dir='ltr'>reicher</span> <span class='ocrx_word' id='word_1_286' title='bbox 904 1626 1110 1670; x_wconf 81' lang='lat' dir='ltr'>Capitalist.</span> <span class='ocrx_word' id='word_1_287' title='bbox 1137 1627 1176 1662; x_wconf 85' lang='lat' dir='ltr'>S.</span> <span class='ocrx_word' id='word_1_288' title='bbox 1192 1628 1237 1661; x_wconf 88' lang='lat' dir='ltr'>ad</span> <span class='ocrx_word' id='word_1_289' title='bbox 1255 1628 1367 1661; x_wconf 81' lang='lat' dir='ltr'>Attic.</span> <span class='ocrx_word' id='word_1_290' title='bbox 1386 1627 1482 1671; x_wconf 78' lang='lat'>11,4.</span> <span class='ocrx_word' id='word_1_291' title='bbox 1501 1627 1686 1671; x_wconf 89' lang='lat' dir='ltr'>(XXIX).</span> 
     </span>
     <span class='ocr_line' id='line_1_30' title="bbox 222 1672 1686 1708; baseline -0.002 1"><span class='ocrx_word' id='word_1_292' title='bbox 222 1675 278 1708; x_wconf 90' lang='lat' dir='ltr'>Er</span> <span class='ocrx_word' id='word_1_293' title='bbox 297 1685 378 1708; x_wconf 83' lang='lat' dir='ltr'>war</span> <span class='ocrx_word' id='word_1_294' title='bbox 393 1674 462 1708; x_wconf 90' lang='lat' dir='ltr'>der</span> <span class='ocrx_word' id='word_1_295' title='bbox 488 1673 727 1707; x_wconf 83' lang='lat' dir='ltr'>Halbbruder</span> <span class='ocrx_word' id='word_1_296' title='bbox 754 1674 818 1707; x_wconf 88' lang='lat' dir='ltr'>des</span> <span class='ocrx_word' id='word_1_297' title='bbox 845 1673 886 1706; x_wconf 86' lang='lat' dir='ltr'>C.</span> <span class='ocrx_word' id='word_1_298' title='bbox 913 1672 1075 1706; x_wconf 89' lang='lat' dir='ltr'>Fannius</span> <span class='ocrx_word' id='word_1_299' title='bbox 1100 1673 1181 1707; x_wconf 90' lang='lat' dir='ltr'>d.h.</span> <span class='ocrx_word' id='word_1_300' title='bbox 1209 1673 1265 1707; x_wconf 85' lang='lat' dir='ltr'>sie</span> <span class='ocrx_word' id='word_1_301' title='bbox 1289 1674 1415 1707; x_wconf 88' lang='lat' dir='ltr'>hatten</span> <span class='ocrx_word' id='word_1_302' title='bbox 1435 1673 1519 1707; x_wconf 89' lang='lat' dir='ltr'>eine</span> <span class='ocrx_word' id='word_1_303' title='bbox 1536 1674 1686 1708; x_wconf 86' lang='lat' dir='ltr'>Mutter.</span> 
     </span>
     <span class='ocr_line' id='line_1_31' title="bbox 221 1719 1688 1763; baseline -0.002 -8"><span class='ocrx_word' id='word_1_304' title='bbox 221 1720 376 1756; x_wconf 89' lang='lat' dir='ltr'>Verrin.</span> <span class='ocrx_word' id='word_1_305' title='bbox 404 1722 445 1763; x_wconf 92' lang='lat' dir='ltr'>l,</span> <span class='ocrx_word' id='word_1_306' title='bbox 471 1720 528 1754; x_wconf 82' lang='lat'>49.</span> <span class='ocrx_word' id='word_1_307' title='bbox 564 1719 792 1763; x_wconf 81' lang='lat' dir='ltr'>VVesseling.</span> <span class='ocrx_word' id='word_1_308' title='bbox 820 1720 911 1754; x_wconf 86' lang='lat' dir='ltr'>Obs.</span> <span class='ocrx_word' id='word_1_309' title='bbox 938 1721 980 1762; x_wconf 89' lang='lat' dir='ltr'>l,</span> <span class='ocrx_word' id='word_1_310' title='bbox 1008 1721 1062 1753; x_wconf 84' lang='lat'>13.</span> <span class='ocrx_word' id='word_1_311' title='bbox 1100 1719 1146 1753; x_wconf 87' lang='lat' dir='ltr'>ad</span> <span class='ocrx_word' id='word_1_312' title='bbox 1172 1720 1283 1753; x_wconf 86' lang='lat' dir='ltr'>Attic.</span> <span class='ocrx_word' id='word_1_313' title='bbox 1311 1720 1360 1762; x_wconf 88' lang='lat' dir='ltr'>V,</span> <span class='ocrx_word' id='word_1_314' title='bbox 1385 1720 1441 1753; x_wconf 84' lang='lat'>21.</span> <span class='ocrx_word' id='word_1_315' title='bbox 1476 1720 1554 1762; x_wconf 91' lang='lat' dir='ltr'>IX,</span> <span class='ocrx_word' id='word_1_316' title='bbox 1581 1721 1614 1754; x_wconf 89' lang='lat'>6.</span> <span class='ocrx_word' id='word_1_317' title='bbox 1642 1737 1688 1743; x_wconf 89' lang='lat'><em>-</em></span> 
     </span>
     <span class='ocr_line' id='line_1_32' title="bbox 221 1764 1688 1810; baseline -0.001 -10"><span class='ocrx_word' id='word_1_318' title='bbox 221 1768 325 1810; x_wconf 62' lang='lat' dir='ltr'>viat„</span> <span class='ocrx_word' id='word_1_319' title='bbox 352 1767 556 1810; x_wconf 77' lang='lat' dir='ltr'>Reisegeld</span> <span class='ocrx_word' id='word_1_320' title='bbox 584 1768 641 1800; x_wconf 75' lang='lat' dir='ltr'>tur</span> <span class='ocrx_word' id='word_1_321' title='bbox 667 1766 738 1800; x_wconf 85' lang='lat' dir='ltr'>den</span> <span class='ocrx_word' id='word_1_322' title='bbox 763 1766 865 1809; x_wconf 86' lang='lat' dir='ltr'>Fall,</span> <span class='ocrx_word' id='word_1_323' title='bbox 891 1765 975 1799; x_wconf 81' lang='lat' dir='ltr'>dass</span> <span class='ocrx_word' id='word_1_324' title='bbox 1001 1764 1072 1798; x_wconf 83' lang='lat' dir='ltr'>wir</span> <span class='ocrx_word' id='word_1_325' title='bbox 1097 1766 1236 1800; x_wconf 87' lang='lat' dir='ltr'>fiiehen</span> <span class='ocrx_word' id='word_1_326' title='bbox 1262 1767 1499 1800; x_wconf 81' lang='lat' dir='ltr'>miissten.—</span> <span class='ocrx_word' id='word_1_327' title='bbox 1524 1766 1688 1808; x_wconf 75' lang='lat' dir='ltr'>idemque</span> 
     </span>
     <span class='ocr_line' id='line_1_33' title="bbox 222 1811 1689 1857; baseline -0.003 -9"><span class='ocrx_word' id='word_1_328' title='bbox 222 1816 267 1857; x_wconf 89' lang='lat' dir='ltr'>(s.</span> <span class='ocrx_word' id='word_1_329' title='bbox 295 1814 445 1848; x_wconf 85' lang='lat' dir='ltr'>Ramsh.</span> <span class='ocrx_word' id='word_1_330' title='bbox 473 1814 504 1856; x_wconf 63' lang='grc' dir='ltr'>ἕ.</span> <span class='ocrx_word' id='word_1_331' title='bbox 531 1814 612 1855; x_wconf 72' lang='grc'>158,</span> <span class='ocrx_word' id='word_1_332' title='bbox 639 1813 671 1852; x_wconf 86' lang='grc'>2,</span> <span class='ocrx_word' id='word_1_333' title='bbox 698 1813 749 1856; x_wconf 83' lang='lat' dir='ltr'>g.)</span> <span class='ocrx_word' id='word_1_334' title='bbox 777 1838 785 1845; x_wconf 91' lang='lat'>.</span> <span class='ocrx_word' id='word_1_335' title='bbox 813 1839 822 1846; x_wconf 91' lang='lat'><strong>.</strong></span> <span class='ocrx_word' id='word_1_336' title='bbox 850 1838 857 1846; x_wconf 92' lang='lat'>.</span> <span class='ocrx_word' id='word_1_337' title='bbox 885 1812 1130 1854; x_wconf 69' lang='lat' dir='ltr'>denuntiarit,</span> <span class='ocrx_word' id='word_1_338' title='bbox 1165 1823 1199 1845; x_wconf 89' lang='lat' dir='ltr'>u.</span> <span class='ocrx_word' id='word_1_339' title='bbox 1228 1812 1311 1845; x_wconf 84' lang='lat' dir='ltr'>dass</span> <span class='ocrx_word' id='word_1_340' title='bbox 1343 1823 1383 1844; x_wconf 85' lang='lat' dir='ltr'>er</span> <span class='ocrx_word' id='word_1_341' title='bbox 1414 1811 1524 1845; x_wconf 86' lang='lat' dir='ltr'>auch</span> <span class='ocrx_word' id='word_1_342' title='bbox 1557 1811 1689 1845; x_wconf 84' lang='lat' dir='ltr'>seinen</span> 
     </span>
     <span class='ocr_line' id='line_1_34' title="bbox 221 1857 1689 1903; baseline -0.001 -10"><span class='ocrx_word' id='word_1_343' title='bbox 221 1860 460 1896; x_wconf 81' lang='lat' dir='ltr'>Schuldnern</span> <span class='ocrx_word' id='word_1_344' title='bbox 485 1859 743 1903; x_wconf 68' lang='lat' dir='ltr'>angekiindigt</span> <span class='ocrx_word' id='word_1_345' title='bbox 768 1858 848 1901; x_wconf 90' lang='lat' dir='ltr'>hat,</span> <span class='ocrx_word' id='word_1_346' title='bbox 884 1858 937 1892; x_wconf 87' lang='lat' dir='ltr'>sie</span> <span class='ocrx_word' id='word_1_347' title='bbox 963 1858 1127 1891; x_wconf 76' lang='lat' dir='ltr'>konnten</span> <span class='ocrx_word' id='word_1_348' title='bbox 1154 1858 1215 1891; x_wconf 92' lang='lat' dir='ltr'>die</span> <span class='ocrx_word' id='word_1_349' title='bbox 1251 1858 1481 1891; x_wconf 81' lang='lat' dir='ltr'>vertallenen</span> <span class='ocrx_word' id='word_1_350' title='bbox 1516 1857 1689 1901; x_wconf 83' lang='lat' dir='ltr'>Capitale</span> 
     </span>
     <span class='ocr_line' id='line_1_35' title="bbox 221 1904 1688 1950; baseline -0.002 -11"><span class='ocrx_word' id='word_1_351' title='bbox 221 1917 343 1950; x_wconf 81' lang='lat' dir='ltr'>gegen</span> <span class='ocrx_word' id='word_1_352' title='bbox 369 1906 430 1939; x_wconf 91' lang='lat' dir='ltr'>die</span> <span class='ocrx_word' id='word_1_353' title='bbox 457 1905 673 1949; x_wconf 77' lang='lat' dir='ltr'>bisherigen</span> <span class='ocrx_word' id='word_1_354' title='bbox 700 1905 835 1938; x_wconf 81' lang='lat' dir='ltr'>Zinsen</span> <span class='ocrx_word' id='word_1_355' title='bbox 861 1904 898 1938; x_wconf 88' lang='grc'>111</span> <span class='ocrx_word' id='word_1_356' title='bbox 924 1905 1042 1938; x_wconf 73' lang='grc'>11110111</span> <span class='ocrx_word' id='word_1_357' title='bbox 1069 1905 1290 1938; x_wconf 86' lang='lat' dir='ltr'>Gebrauche</span> <span class='ocrx_word' id='word_1_358' title='bbox 1320 1904 1507 1938; x_wconf 85' lang='lat' dir='ltr'>behalten.</span> <span class='ocrx_word' id='word_1_359' title='bbox 1533 1922 1578 1928; x_wconf 89' lang='lat'>—-</span> <span class='ocrx_word' id='word_1_360' title='bbox 1609 1907 1688 1936; x_wconf 84' lang='lat' dir='ltr'>ute-</span> 
     </span>
     <span class='ocr_line' id='line_1_36' title="bbox 221 1949 1689 1995; baseline -0.003 -9"><span class='ocrx_word' id='word_1_361' title='bbox 221 1957 350 1986; x_wconf 75' lang='lat' dir='ltr'>rentur</span> <span class='ocrx_word' id='word_1_362' title='bbox 375 1953 399 1987; x_wconf 89' lang='lat' dir='ltr'>i.</span> <span class='ocrx_word' id='word_1_363' title='bbox 418 1964 451 1985; x_wconf 87' lang='lat' dir='ltr'>e.</span> <span class='ocrx_word' id='word_1_364' title='bbox 476 1963 522 1985; x_wconf 89' lang='lat' dir='ltr'>ne</span> <span class='ocrx_word' id='word_1_365' title='bbox 548 1952 670 1995; x_wconf 78' lang='lat' dir='ltr'>forte,</span> <span class='ocrx_word' id='word_1_366' title='bbox 697 1952 728 1984; x_wconf 83' lang='lat' dir='ltr'>si</span> <span class='ocrx_word' id='word_1_367' title='bbox 755 1951 915 1985; x_wconf 81' lang='lat' dir='ltr'>maiores</span> <span class='ocrx_word' id='word_1_368' title='bbox 943 1962 1072 1985; x_wconf 80' lang='lat' dir='ltr'>usuras</span> <span class='ocrx_word' id='word_1_369' title='bbox 1098 1951 1143 1984; x_wconf 80' lang='lat' dir='ltr'>ab</span> <span class='ocrx_word' id='word_1_370' title='bbox 1171 1951 1216 1984; x_wconf 86' lang='lat' dir='ltr'>iis</span> <span class='ocrx_word' id='word_1_371' title='bbox 1242 1950 1399 1994; x_wconf 81' lang='lat' dir='ltr'>exigere</span> <span class='ocrx_word' id='word_1_372' title='bbox 1417 1951 1547 1993; x_wconf 90' lang='lat' dir='ltr'>vellet,</span> <span class='ocrx_word' id='word_1_373' title='bbox 1566 1949 1604 1983; x_wconf 89' lang='lat' dir='ltr'>in</span> <span class='ocrx_word' id='word_1_374' title='bbox 1619 1949 1689 1982; x_wconf 87' lang='lat' dir='ltr'>hac</span> 
     </span>
     <span class='ocr_line' id='line_1_37' title="bbox 222 1996 1687 2043; baseline -0.002 -11"><span class='ocrx_word' id='word_1_375' title='bbox 222 2006 429 2043; x_wconf 85' lang='lat' dir='ltr'>temporum</span> <span class='ocrx_word' id='word_1_376' title='bbox 467 1997 604 2031; x_wconf 88' lang='lat' dir='ltr'>iniuria</span> <span class='ocrx_word' id='word_1_377' title='bbox 637 2003 775 2031; x_wconf 84' lang='lat' dir='ltr'>sortem</span> <span class='ocrx_word' id='word_1_378' title='bbox 810 2008 880 2031; x_wconf 87' lang='lat' dir='ltr'>una</span> <span class='ocrx_word' id='word_1_379' title='bbox 910 2008 991 2030; x_wconf 85' lang='lat' dir='ltr'>cum</span> <span class='ocrx_word' id='word_1_380' title='bbox 1025 1997 1148 2031; x_wconf 82' lang='lat' dir='ltr'>usuris</span> <span class='ocrx_word' id='word_1_381' title='bbox 1180 1997 1368 2042; x_wconf 80' lang='lat' dir='ltr'>perderet.</span> <span class='ocrx_word' id='word_1_382' title='bbox 1395 2016 1439 2021; x_wconf 97' lang='lat'><strong>—</strong></span> <span class='ocrx_word' id='word_1_383' title='bbox 1472 1996 1517 2030; x_wconf 88' lang='lat' dir='ltr'>L.</span> <span class='ocrx_word' id='word_1_384' title='bbox 1552 1996 1687 2038; x_wconf 73' lang='lat' dir='ltr'>Ligus,</span> 
     </span>
     <span class='ocr_line' id='line_1_38' title="bbox 221 2041 1690 2089; baseline -0.003 -10"><span class='ocrx_word' id='word_1_385' title='bbox 221 2045 434 2089; x_wconf 80' lang='lat' dir='ltr'>gleichfalls</span> <span class='ocrx_word' id='word_1_386' title='bbox 469 2044 528 2078; x_wconf 85' lang='grc'>0111</span> <span class='ocrx_word' id='word_1_387' title='bbox 565 2044 828 2078; x_wconf 80' lang='lat' dir='ltr'>ansehnlicher</span> <span class='ocrx_word' id='word_1_388' title='bbox 859 2043 1058 2088; x_wconf 85' lang='lat' dir='ltr'>Capitalist</span> <span class='ocrx_word' id='word_1_389' title='bbox 1090 2044 1163 2077; x_wconf 86' lang='lat' dir='ltr'>und</span> <span class='ocrx_word' id='word_1_390' title='bbox 1202 2042 1491 2077; x_wconf 85' lang='lat' dir='ltr'>Geldverleiher</span> <span class='ocrx_word' id='word_1_391' title='bbox 1523 2053 1589 2076; x_wconf 86' lang='lat' dir='ltr'>aus</span> <span class='ocrx_word' id='word_1_392' title='bbox 1620 2041 1690 2075; x_wconf 84' lang='lat' dir='ltr'>der</span> 
     </span>
     <span class='ocr_line' id='line_1_39' title="bbox 220 2089 1688 2125; baseline -0.002 -1"><span class='ocrx_word' id='word_1_393' title='bbox 220 2092 378 2125; x_wconf 84' lang='lat' dir='ltr'>Familie</span> <span class='ocrx_word' id='word_1_394' title='bbox 405 2091 472 2124; x_wconf 88' lang='lat' dir='ltr'>der</span> <span class='ocrx_word' id='word_1_395' title='bbox 497 2091 638 2125; x_wconf 90' lang='lat' dir='ltr'>Aelier.</span> <span class='ocrx_word' id='word_1_396' title='bbox 678 2090 716 2125; x_wconf 88' lang='lat' dir='ltr'>S.</span> <span class='ocrx_word' id='word_1_397' title='bbox 736 2096 828 2124; x_wconf 83' lang='lat' dir='ltr'>orat.</span> <span class='ocrx_word' id='word_1_398' title='bbox 855 2090 1001 2124; x_wconf 86' lang='lat' dir='ltr'>Cluent.</span> <span class='ocrx_word' id='word_1_399' title='bbox 1027 2101 1056 2124; x_wconf 92' lang='lat' dir='ltr'>c.</span> <span class='ocrx_word' id='word_1_400' title='bbox 1073 2091 1128 2125; x_wconf 86' lang='lat'>26.</span> <span class='ocrx_word' id='word_1_401' title='bbox 1166 2090 1235 2123; x_wconf 88' lang='lat' dir='ltr'>Bei</span> <span class='ocrx_word' id='word_1_402' title='bbox 1263 2089 1396 2123; x_wconf 87' lang='lat' dir='ltr'>Cicero</span> <span class='ocrx_word' id='word_1_403' title='bbox 1420 2089 1593 2122; x_wconf 81' lang='lat' dir='ltr'>kommen</span> <span class='ocrx_word' id='word_1_404' title='bbox 1618 2098 1688 2121; x_wconf 93' lang='lat' dir='ltr'>vor</span> 
     </span>
     <span class='ocr_line' id='line_1_40' title="bbox 221 2133 1688 2179; baseline -0.002 -8"><span class='ocrx_word' id='word_1_405' title='bbox 221 2138 264 2172; x_wconf 90' lang='lat' dir='ltr'>L.</span> <span class='ocrx_word' id='word_1_406' title='bbox 290 2138 411 2179; x_wconf 76' lang='lat' dir='ltr'>Ligus</span> <span class='ocrx_word' id='word_1_407' title='bbox 436 2137 587 2172; x_wconf 75' lang='lat' dir='ltr'>Vei-rin.</span> <span class='ocrx_word' id='word_1_408' title='bbox 615 2140 653 2177; x_wconf 85' lang='grc'>1,</span> <span class='ocrx_word' id='word_1_409' title='bbox 680 2138 735 2171; x_wconf 71' lang='lat'>48.</span> <span class='ocrx_word' id='word_1_410' title='bbox 770 2137 837 2170; x_wconf 89' lang='lat' dir='ltr'>der</span> <span class='ocrx_word' id='word_1_411' title='bbox 867 2136 1018 2170; x_wconf 87' lang='lat' dir='ltr'>Bruder</span> <span class='ocrx_word' id='word_1_412' title='bbox 1049 2136 1114 2170; x_wconf 87' lang='lat' dir='ltr'>des</span> <span class='ocrx_word' id='word_1_413' title='bbox 1147 2137 1199 2171; x_wconf 87' lang='lat' dir='ltr'>M.</span> <span class='ocrx_word' id='word_1_414' title='bbox 1228 2134 1404 2169; x_wconf 85' lang='lat' dir='ltr'>Octavius</span> <span class='ocrx_word' id='word_1_415' title='bbox 1433 2134 1576 2178; x_wconf 81' lang='lat' dir='ltr'>Ligus,</span> <span class='ocrx_word' id='word_1_416' title='bbox 1611 2133 1688 2168; x_wconf 90' lang='lat' dir='ltr'>und</span> 
     </span>
     <span class='ocr_line' id='line_1_41' title="bbox 221 2179 1688 2227; baseline -0.003 -9"><span class='ocrx_word' id='word_1_417' title='bbox 221 2184 351 2218; x_wconf 68' lang='lat' dir='ltr'>Sextus</span> <span class='ocrx_word' id='word_1_418' title='bbox 384 2183 522 2225; x_wconf 74' lang='lat' dir='ltr'>Ligus,</span> <span class='ocrx_word' id='word_1_419' title='bbox 557 2184 617 2217; x_wconf 84' lang='grc'>0111</span> <span class='ocrx_word' id='word_1_420' title='bbox 655 2183 905 2220; x_wconf 81' lang='lat' dir='ltr'>Volkstribun</span> <span class='ocrx_word' id='word_1_421' title='bbox 940 2194 1008 2227; x_wconf 84' lang='lat' dir='ltr'>pro</span> <span class='ocrx_word' id='word_1_422' title='bbox 1034 2183 1144 2216; x_wconf 67' lang='lat' dir='ltr'>Doni.</span> <span class='ocrx_word' id='word_1_423' title='bbox 1171 2194 1203 2215; x_wconf 90' lang='lat' dir='ltr'>c.</span> <span class='ocrx_word' id='word_1_424' title='bbox 1231 2183 1284 2216; x_wconf 83' lang='lat'>19.</span> <span class='ocrx_word' id='word_1_425' title='bbox 1313 2181 1418 2216; x_wconf 80' lang='lat' dir='ltr'>Sext.</span> <span class='ocrx_word' id='word_1_426' title='bbox 1447 2192 1478 2214; x_wconf 88' lang='lat' dir='ltr'>e.</span> <span class='ocrx_word' id='word_1_427' title='bbox 1505 2180 1562 2215; x_wconf 80' lang='lat'>32.</span> <span class='ocrx_word' id='word_1_428' title='bbox 1589 2179 1688 2213; x_wconf 84' lang='lat' dir='ltr'>dann</span> 
     </span>
     <span class='ocr_line' id='line_1_42' title="bbox 223 2226 1686 2273; baseline -0.003 -9"><span class='ocrx_word' id='word_1_429' title='bbox 223 2230 282 2264; x_wconf 86' lang='lat' dir='ltr'>ein</span> <span class='ocrx_word' id='word_1_430' title='bbox 308 2229 448 2272; x_wconf 74' lang='lat' dir='ltr'>Ligus,</span> <span class='ocrx_word' id='word_1_431' title='bbox 481 2230 657 2264; x_wconf 81' lang='lat' dir='ltr'>Gamalae</span> <span class='ocrx_word' id='word_1_432' title='bbox 692 2228 885 2264; x_wconf 76' lang='lat' dir='ltr'>cuiusdam</span> <span class='ocrx_word' id='word_1_433' title='bbox 916 2234 1043 2273; x_wconf 85' lang='lat' dir='ltr'>pater;</span> <span class='ocrx_word' id='word_1_434' title='bbox 1077 2229 1122 2262; x_wconf 88' lang='lat' dir='ltr'>ad</span> <span class='ocrx_word' id='word_1_435' title='bbox 1147 2227 1259 2262; x_wconf 81' lang='lat' dir='ltr'>Attic.</span> <span class='ocrx_word' id='word_1_436' title='bbox 1285 2228 1394 2267; x_wconf 86' lang='lat' dir='ltr'>XIV,</span> <span class='ocrx_word' id='word_1_437' title='bbox 1420 2227 1476 2262; x_wconf 77' lang='lat'>23.</span> <span class='ocrx_word' id='word_1_438' title='bbox 1505 2246 1546 2251; x_wconf 91' lang='lat'><strong>—</strong></span> <span class='ocrx_word' id='word_1_439' title='bbox 1572 2226 1686 2269; x_wconf 79' lang='lat' dir='ltr'>domi,</span> 
     </span>
     <span class='ocr_line' id='line_1_43' title="bbox 222 2274 1687 2319; baseline -0.003 -9"><span class='ocrx_word' id='word_1_440' title='bbox 222 2277 259 2310; x_wconf 91' lang='lat' dir='ltr'>in</span> <span class='ocrx_word' id='word_1_441' title='bbox 273 2277 398 2311; x_wconf 86' lang='lat' dir='ltr'>Casse.</span> <span class='ocrx_word' id='word_1_442' title='bbox 414 2295 458 2300; x_wconf 90' lang='lat'>—</span> <span class='ocrx_word' id='word_1_443' title='bbox 475 2277 623 2318; x_wconf 77' lang='lat' dir='ltr'>erigere</span> <span class='ocrx_word' id='word_1_444' title='bbox 638 2278 681 2310; x_wconf 78' lang='lat' dir='ltr'>ab</span> <span class='ocrx_word' id='word_1_445' title='bbox 693 2278 803 2319; x_wconf 52' lang='lat' dir='ltr'>Egra,</span> <span class='ocrx_word' id='word_1_446' title='bbox 815 2286 899 2309; x_wconf 86' lang='lat' dir='ltr'>vom</span> <span class='ocrx_word' id='word_1_447' title='bbox 913 2275 1006 2319; x_wconf 73' lang='lat' dir='ltr'>Egn.</span> <span class='ocrx_word' id='word_1_448' title='bbox 1021 2275 1116 2308; x_wconf 88' lang='lat' dir='ltr'>Geld</span> <span class='ocrx_word' id='word_1_449' title='bbox 1138 2274 1383 2308; x_wconf 83' lang='lat' dir='ltr'>beziehen.—</span> <span class='ocrx_word' id='word_1_450' title='bbox 1400 2284 1590 2307; x_wconf 73' lang='lat' dir='ltr'>versuram</span> <span class='ocrx_word' id='word_1_451' title='bbox 1599 2274 1687 2315; x_wconf 67' lang='lat' dir='ltr'>fac„</span> 
     </span>
     <span class='ocr_line' id='line_1_44' title="bbox 223 2320 1685 2366; baseline -0.003 -9"><span class='ocrx_word' id='word_1_452' title='bbox 223 2324 379 2366; x_wconf 78' lang='lat' dir='ltr'>bergen.</span> <span class='ocrx_word' id='word_1_453' title='bbox 415 2322 541 2356; x_wconf 87' lang='lat' dir='ltr'>Ueber</span> <span class='ocrx_word' id='word_1_454' title='bbox 560 2327 623 2355; x_wconf 78' lang='lat' dir='ltr'>aut</span> <span class='ocrx_word' id='word_1_455' title='bbox 642 2348 650 2356; x_wconf 87' lang='lat'><strong>.</strong></span> <span class='ocrx_word' id='word_1_456' title='bbox 674 2349 681 2356; x_wconf 95' lang='lat'>.</span> <span class='ocrx_word' id='word_1_457' title='bbox 707 2327 768 2356; x_wconf 77' lang='lat' dir='ltr'>aut</span> <span class='ocrx_word' id='word_1_458' title='bbox 787 2321 1122 2365; x_wconf 79' lang='lat' dir='ltr'>nachNegationen</span> <span class='ocrx_word' id='word_1_459' title='bbox 1142 2331 1171 2354; x_wconf 84' lang='grc'>5.</span> <span class='ocrx_word' id='word_1_460' title='bbox 1184 2321 1331 2354; x_wconf 82' lang='lat' dir='ltr'>Ramsh.</span> <span class='ocrx_word' id='word_1_461' title='bbox 1349 2321 1377 2363; x_wconf 84' lang='lat'>§.</span> <span class='ocrx_word' id='word_1_462' title='bbox 1399 2321 1477 2360; x_wconf 74' lang='lat'>180,</span> <span class='ocrx_word' id='word_1_463' title='bbox 1497 2320 1532 2362; x_wconf 84' lang='lat'>2,</span> <span class='ocrx_word' id='word_1_464' title='bbox 1548 2320 1635 2353; x_wconf 81' lang='lat' dir='ltr'>Not.</span> <span class='ocrx_word' id='word_1_465' title='bbox 1653 2320 1685 2353; x_wconf 92' lang='lat'>1.</span> 
     </span>
     <span class='ocr_line' id='line_1_45' title="bbox 222 2365 1687 2411; baseline -0.002 -9"><span class='ocrx_word' id='word_1_466' title='bbox 222 2389 264 2394; x_wconf 88' lang='lat'><strong>—</strong></span> <span class='ocrx_word' id='word_1_467' title='bbox 277 2370 438 2403; x_wconf 74' lang='lat' dir='ltr'>miratur</span> <span class='ocrx_word' id='word_1_468' title='bbox 454 2375 548 2402; x_wconf 87' lang='lat' dir='ltr'>setzt</span> <span class='ocrx_word' id='word_1_469' title='bbox 567 2369 628 2402; x_wconf 83' lang='lat' dir='ltr'>die</span> <span class='ocrx_word' id='word_1_470' title='bbox 644 2369 711 2402; x_wconf 86' lang='lat' dir='ltr'>mit</span> <span class='ocrx_word' id='word_1_471' title='bbox 730 2370 792 2402; x_wconf 83' lang='lat' dir='ltr'>sed</span> <span class='ocrx_word' id='word_1_472' title='bbox 809 2369 1064 2411; x_wconf 80' lang='lat' dir='ltr'>angefangene</span> <span class='ocrx_word' id='word_1_473' title='bbox 1081 2367 1224 2401; x_wconf 76' lang='lat' dir='ltr'>constr.</span> <span class='ocrx_word' id='word_1_474' title='bbox 1242 2367 1328 2400; x_wconf 79' lang='lat' dir='ltr'>sort.</span> <span class='ocrx_word' id='word_1_475' title='bbox 1349 2365 1440 2400; x_wconf 90' lang='lat' dir='ltr'>Scil.</span> <span class='ocrx_word' id='word_1_476' title='bbox 1457 2366 1628 2401; x_wconf 78' lang='lat' dir='ltr'>Quintus.</span> <span class='ocrx_word' id='word_1_477' title='bbox 1640 2381 1687 2391; x_wconf 88' lang='lat'>--·</span> 
     </span>
     <span class='ocr_line' id='line_1_46' title="bbox 216 2412 1685 2460; baseline -0.001 -14"><span class='ocrx_word' id='word_1_478' title='bbox 216 2416 319 2460; x_wconf 76' lang='lat' dir='ltr'>publ.</span> <span class='ocrx_word' id='word_1_479' title='bbox 345 2415 534 2458; x_wconf 63' lang='lat' dir='ltr'>difficulL,</span> <span class='ocrx_word' id='word_1_480' title='bbox 560 2415 806 2458; x_wconf 70' lang='lat' dir='ltr'>allgemeiner</span> <span class='ocrx_word' id='word_1_481' title='bbox 831 2413 1091 2456; x_wconf 82' lang='lat' dir='ltr'>Geldmangel.</span> <span class='ocrx_word' id='word_1_482' title='bbox 1108 2433 1149 2437; x_wconf 89' lang='lat'><em>-</em></span> <span class='ocrx_word' id='word_1_483' title='bbox 1177 2415 1344 2458; x_wconf 76' lang='grc' dir='ltr'><strong>ψευὸησ.,</strong></span> <span class='ocrx_word' id='word_1_484' title='bbox 1370 2412 1471 2457; x_wconf 87' lang='lat' dir='ltr'>quod</span> <span class='ocrx_word' id='word_1_485' title='bbox 1496 2412 1591 2446; x_wconf 82' lang='lat' dir='ltr'>falso</span> <span class='ocrx_word' id='word_1_486' title='bbox 1607 2413 1685 2446; x_wconf 89' lang='lat' dir='ltr'>He-</span> 
     </span>
     <span class='ocr_line' id='line_1_47' title="bbox 221 2459 1685 2505; baseline -0.003 -8"><span class='ocrx_word' id='word_1_487' title='bbox 221 2463 328 2497; x_wconf 83' lang='lat' dir='ltr'>siodo</span> <span class='ocrx_word' id='word_1_488' title='bbox 361 2462 524 2496; x_wconf 85' lang='lat' dir='ltr'>adscribi</span> <span class='ocrx_word' id='word_1_489' title='bbox 558 2467 718 2505; x_wconf 84' lang='lat' dir='ltr'>putatur.</span> <span class='ocrx_word' id='word_1_490' title='bbox 747 2480 789 2486; x_wconf 82' lang='lat'>—-</span> <span class='ocrx_word' id='word_1_491' title='bbox 816 2461 987 2502; x_wconf 77' lang='lat' dir='ltr'>observo,</span> <span class='ocrx_word' id='word_1_492' title='bbox 1021 2470 1087 2493; x_wconf 86' lang='lat' dir='ltr'>zur</span> <span class='ocrx_word' id='word_1_493' title='bbox 1121 2459 1285 2494; x_wconf 80' lang='lat' dir='ltr'>Maxime</span> <span class='ocrx_word' id='word_1_494' title='bbox 1309 2460 1481 2503; x_wconf 79' lang='lat' dir='ltr'>gemacht</span> <span class='ocrx_word' id='word_1_495' title='bbox 1507 2459 1613 2492; x_wconf 85' lang='lat' dir='ltr'>habe.</span> <span class='ocrx_word' id='word_1_496' title='bbox 1639 2478 1685 2484; x_wconf 94' lang='lat'>—</span> 
     </span>
     <span class='ocr_line' id='line_1_48' title="bbox 220 2502 1683 2552; baseline -0.003 -10"><span class='ocrx_word' id='word_1_497' title='bbox 220 2510 311 2551; x_wconf 78' lang='grc' dir='ltr'><em>μηδὲ</em></span> <span class='ocrx_word' id='word_1_498' title='bbox 337 2508 452 2551; x_wconf 41' lang='lat' dir='ltr'>&amp;imvm</span> <span class='ocrx_word' id='word_1_499' title='bbox 486 2508 639 2552; x_wconf 79' lang='lat' dir='ltr'>Integer</span> <span class='ocrx_word' id='word_1_500' title='bbox 665 2516 720 2540; x_wconf 80' lang='lat' dir='ltr'>est</span> <span class='ocrx_word' id='word_1_501' title='bbox 738 2507 974 2540; x_wconf 84' lang='lat' dir='ltr'>hexameter:</span> <span class='ocrx_word' id='word_1_502' title='bbox 999 2507 1116 2549; x_wconf 70' lang='grc' dir='ltr'>,,,ιιηὸὲ</span> <span class='ocrx_word' id='word_1_503' title='bbox 1137 2507 1236 2548; x_wconf 69' lang='grc' dir='ltr'>ὸίκηιι</span> <span class='ocrx_word' id='word_1_504' title='bbox 1255 2506 1421 2550; x_wconf 73' lang='grc' dir='ltr'>δικάσῃς,</span> <span class='ocrx_word' id='word_1_505' title='bbox 1446 2510 1528 2551; x_wconf 72' lang='grc' dir='ltr'>πρὶν</span> <span class='ocrx_word' id='word_1_506' title='bbox 1545 2502 1683 2549; x_wconf 38' lang='grc' dir='ltr'>α’ζαφοῒυ</span> 
     </span>
     <span class='ocr_line' id='line_1_49' title="bbox 221 2551 1685 2599; baseline -0.002 -11"><span class='ocrx_word' id='word_1_507' title='bbox 221 2559 348 2598; x_wconf 67' lang='grc' dir='ltr'><em>μῦθοι]</em></span> <span class='ocrx_word' id='word_1_508' title='bbox 376 2554 547 2599; x_wconf 75' lang='grc' dir='ltr'>ἀκούσῃς,</span> <span class='ocrx_word' id='word_1_509' title='bbox 574 2553 740 2596; x_wconf 83' lang='lat' dir='ltr'>„Richte</span> <span class='ocrx_word' id='word_1_510' title='bbox 765 2553 854 2586; x_wconf 81' lang='lat' dir='ltr'>kein</span> <span class='ocrx_word' id='word_1_511' title='bbox 877 2552 997 2595; x_wconf 79' lang='lat' dir='ltr'>Ding‚</span> <span class='ocrx_word' id='word_1_512' title='bbox 1025 2553 1140 2585; x_wconf 83' lang='lat' dir='ltr'>bevor</span> <span class='ocrx_word' id='word_1_513' title='bbox 1166 2552 1226 2585; x_wconf 90' lang='lat' dir='ltr'>Du</span> <span class='ocrx_word' id='word_1_514' title='bbox 1254 2552 1364 2586; x_wconf 91' lang='lat' dir='ltr'>beide</span> <span class='ocrx_word' id='word_1_515' title='bbox 1391 2551 1526 2585; x_wconf 88' lang='lat' dir='ltr'>Theile</span> <span class='ocrx_word' id='word_1_516' title='bbox 1550 2552 1685 2593; x_wconf 70' lang='lat' dir='ltr'>gehbrt</span> 
     </span>
     <span class='ocr_line' id='line_1_50' title="bbox 225 2596 1686 2634; baseline -0.002 -2"><span class='ocrx_word' id='word_1_517' title='bbox 225 2601 340 2634; x_wconf 80' lang='lat' dir='ltr'>hast.’&#39;</span> <span class='ocrx_word' id='word_1_518' title='bbox 374 2601 509 2634; x_wconf 86' lang='lat' dir='ltr'>Cicero</span> <span class='ocrx_word' id='word_1_519' title='bbox 542 2600 643 2633; x_wconf 78' lang='lat' dir='ltr'>stihrt</span> <span class='ocrx_word' id='word_1_520' title='bbox 676 2599 801 2633; x_wconf 79' lang='lat' dir='ltr'>seiner</span> <span class='ocrx_word' id='word_1_521' title='bbox 832 2597 1084 2632; x_wconf 80' lang='lat' dir='ltr'>Gewoiruheit</span> <span class='ocrx_word' id='word_1_522' title='bbox 1110 2598 1201 2632; x_wconf 87' lang='lat' dir='ltr'>nach</span> <span class='ocrx_word' id='word_1_523' title='bbox 1222 2598 1325 2631; x_wconf 78' lang='lat' dir='ltr'>bloss</span> <span class='ocrx_word' id='word_1_524' title='bbox 1351 2597 1414 2631; x_wconf 85' lang='lat' dir='ltr'>die</span> <span class='ocrx_word' id='word_1_525' title='bbox 1439 2596 1534 2630; x_wconf 79' lang='lat' dir='ltr'>zwei</span> <span class='ocrx_word' id='word_1_526' title='bbox 1561 2603 1686 2630; x_wconf 81' lang='lat' dir='ltr'>ersten</span> 
     </span>
     <span class='ocr_line' id='line_1_51' title="bbox 224 2642 1686 2689; baseline -0.001 -10"><span class='ocrx_word' id='word_1_527' title='bbox 224 2646 360 2680; x_wconf 84' lang='lat' dir='ltr'>VVorte</span> <span class='ocrx_word' id='word_1_528' title='bbox 386 2657 444 2689; x_wconf 84' lang='lat' dir='ltr'>an,</span> <span class='ocrx_word' id='word_1_529' title='bbox 462 2646 551 2680; x_wconf 78' lang='lat' dir='ltr'>weil</span> <span class='ocrx_word' id='word_1_530' title='bbox 577 2657 618 2680; x_wconf 88' lang='lat' dir='ltr'>er</span> <span class='ocrx_word' id='word_1_531' title='bbox 642 2657 686 2680; x_wconf 83' lang='lat' dir='ltr'>an</span> <span class='ocrx_word' id='word_1_532' title='bbox 713 2645 822 2678; x_wconf 85' lang='lat' dir='ltr'>einen</span> <span class='ocrx_word' id='word_1_533' title='bbox 847 2645 958 2678; x_wconf 77' lang='lat' dir='ltr'>Manu</span> <span class='ocrx_word' id='word_1_534' title='bbox 985 2643 1162 2687; x_wconf 80' lang='lat' dir='ltr'>schreibt,</span> <span class='ocrx_word' id='word_1_535' title='bbox 1179 2645 1248 2678; x_wconf 86' lang='lat' dir='ltr'>der</span> <span class='ocrx_word' id='word_1_536' title='bbox 1272 2644 1334 2678; x_wconf 89' lang='lat' dir='ltr'>die</span> <span class='ocrx_word' id='word_1_537' title='bbox 1359 2643 1510 2678; x_wconf 88' lang='lat' dir='ltr'>Griech.</span> <span class='ocrx_word' id='word_1_538' title='bbox 1526 2642 1686 2677; x_wconf 86' lang='lat' dir='ltr'>Dichter</span> 
     </span>
     <span class='ocr_line' id='line_1_52' title="bbox 223 2688 1685 2736; baseline -0.001 -11"><span class='ocrx_word' id='word_1_539' title='bbox 223 2692 385 2726; x_wconf 85' lang='lat' dir='ltr'>beinahe</span> <span class='ocrx_word' id='word_1_540' title='bbox 418 2693 635 2736; x_wconf 80' lang='lat' dir='ltr'>auswendig</span> <span class='ocrx_word' id='word_1_541' title='bbox 667 2697 816 2726; x_wconf 82' lang='lat' dir='ltr'>wusste.</span> <span class='ocrx_word' id='word_1_542' title='bbox 864 2690 1014 2723; x_wconf 83' lang='lat' dir='ltr'><em>WIEL.</em></span> <span class='ocrx_word' id='word_1_543' title='bbox 1056 2691 1129 2724; x_wconf 78' lang='lat' dir='ltr'>Em</span> <span class='ocrx_word' id='word_1_544' title='bbox 1161 2691 1243 2725; x_wconf 88' lang='lat' dir='ltr'>Fall</span> <span class='ocrx_word' id='word_1_545' title='bbox 1275 2691 1343 2724; x_wconf 85' lang='lat' dir='ltr'>der</span> <span class='ocrx_word' id='word_1_546' title='bbox 1367 2692 1440 2723; x_wconf 89' lang='lat' dir='ltr'>Art</span> <span class='ocrx_word' id='word_1_547' title='bbox 1463 2688 1580 2722; x_wconf 85' lang='lat' dir='ltr'>findet</span> <span class='ocrx_word' id='word_1_548' title='bbox 1603 2688 1685 2724; x_wconf 85' lang='lat' dir='ltr'>sich</span> 
     </span>
     <span class='ocr_line' id='line_1_53' title="bbox 225 2734 1605 2783; baseline -0.002 -11"><span class='ocrx_word' id='word_1_549' title='bbox 225 2749 282 2783; x_wconf 83' lang='lat' dir='ltr'>ep.</span> <span class='ocrx_word' id='word_1_550' title='bbox 310 2739 496 2782; x_wconf 85' lang='lat' dir='ltr'>CCCVII,</span> <span class='ocrx_word' id='word_1_551' title='bbox 522 2740 556 2773; x_wconf 76' lang='lat'>4.</span> <span class='ocrx_word' id='word_1_552' title='bbox 583 2739 726 2781; x_wconf 82' lang='lat' dir='ltr'>CCCV,</span> <span class='ocrx_word' id='word_1_553' title='bbox 751 2740 787 2773; x_wconf 81' lang='lat'>3.</span> <span class='ocrx_word' id='word_1_554' title='bbox 814 2737 927 2770; x_wconf 80' lang='lat' dir='ltr'>u.s.f.</span> <span class='ocrx_word' id='word_1_555' title='bbox 956 2755 999 2760; x_wconf 96' lang='lat'><strong>—</strong></span> <span class='ocrx_word' id='word_1_556' title='bbox 1024 2740 1174 2781; x_wconf 78' lang='lat' dir='ltr'>temere,</span> <span class='ocrx_word' id='word_1_557' title='bbox 1202 2737 1298 2771; x_wconf 90' lang='lat' dir='ltr'>ohne</span> <span class='ocrx_word' id='word_1_558' title='bbox 1322 2742 1437 2781; x_wconf 84' lang='lat' dir='ltr'>guten</span> <span class='ocrx_word' id='word_1_559' title='bbox 1463 2734 1605 2770; x_wconf 86' lang='lat' dir='ltr'>Grund.</span> 
     </span>
    </p>
   </div>
   <div class='ocr_carea' id='block_1_4' title="bbox 1775 95 1778 167">
    <p class='ocr_par' dir='ltr' id='par_1_5' title="bbox 1775 95 1778 167">
     <span class='ocr_line' id='line_1_54' title="bbox 1776 95 1778 116; baseline 0 0"><span class='ocrx_word' id='word_1_560' title='bbox 1776 95 1778 116; x_wconf 72' lang='grc'>1</span> 
     </span>
     <span class='ocr_line' id='line_1_55' title="bbox 1775 135 1777 167; baseline 0 0"><span class='ocrx_word' id='word_1_561' title='bbox 1775 135 1777 167; x_wconf 63' lang='lat' dir='ltr'><em>V</em></span> 
     </span>
    </p>
   </div>
   <div class='ocr_carea' id='block_1_5' title="bbox 1757 598 1795 3043">
    <p class='ocr_par' dir='ltr' id='par_1_6' title="bbox 1757 598 1795 3043">
     <span class='ocr_line' id='line_1_56' title="bbox 1757 598 1795 3043; baseline 0 0"><span class='ocrx_word' id='word_1_562' title='bbox 1757 598 1795 3043; x_wconf 95' lang='lat' dir='ltr'> </span> 
     </span>
    </p>
   </div>
  </div>
 </body>
</html>
