1795 3043
44 2623 48 2703 ἰ

514 118 827 166 EPISTOLA
863 117 1217 165 CCCXXXVII.
1494 126 1596 172 419

131 235 334 286 quantum
363 233 414 274 iis
443 230 784 274 committendum
813 230 893 278 sit,
925 230 999 282 qui
1028 230 1141 270 inter
1163 242 1207 270 se
1237 241 1291 270 ne
1313 231 1404 271 noti
1423 231 1593 283 quidem

130 294 252 339 sunt,
294 293 443 333 contra
469 292 690 331 veteranas
720 288 928 340 legiones,
966 300 1050 328 non
1081 289 1124 328 te
1154 288 1378 340 praeterit.

230 439 539 485 EPISTOLA
579 435 933 484 CCCXXXVII.
981 435 1063 494 (ad
1096 436 1188 481 Att.
1223 436 1358 482 VIII.
1395 439 1496 498 13.)

322 514 405 550 Ser.
432 512 589 548 formiis
614 512 697 547 Kal.
725 513 834 547 Mart.
861 513 904 546 A.
933 511 978 545 U.
1007 511 1046 545 c,
1074 512 1152 546 705.
1182 514 1227 554 (a.
1253 512 1295 546 c.
1320 514 1392 555 49.)

462 580 634 616 Caesaris
658 590 881 624 progressus
906 579 1109 625 praedicat.
1142 579 1257 616 1-2.

619 648 806 684 CICERO
836 649 1030 684 ATTICO
1061 648 1101 685 S.

244 707 527 762 Lippitudinis
565 720 684 748 meae
726 708 891 760 signum
930 707 1008 749 tibi
1049 709 1103 748 sit
1131 706 1299 748 librarii
1328 720 1506 760 manus,
1548 710 1592 749 et

129 765 276 806 eadem
307 778 434 806 causa
464 764 702 806 brevitatist
744 766 821 805 etsi
852 778 964 806 nunc
995 765 1184 817 quidem,
1217 765 1327 816 quod
1346 765 1590 814 scriberem,

129 823 242 863 nihil
272 824 377 864 erat.
436 822 579 862 Omnis
609 823 868 875 exspectatio
899 827 1040 863 nostra
1071 824 1162 862 erat
1191 822 1236 861 in
1268 822 1428 862 nuntiis
1456 823 1590 863 Brun-

129 879 288 920 disinis.
350 878 397 919 Si
435 880 585 919 nactus
625 880 694 919 hic
724 882 832 919 esset
863 879 1045 920 Cnaeum
1076 880 1290 929 nostrum,
1337 892 1431 931 spes
1461 879 1591 920 dubia

127 936 270 989 pacis:
322 936 386 977 sin
426 937 502 976 ille
532 937 630 976 ante
658 937 925 984 tramisisset,
971 936 1139 977 exitiosi
1169 935 1271 976 belli
1300 938 1446 978 metus,
1506 937 1589 977 Sed

130 993 327 1045 videsne,
373 993 415 1033 in
456 1005 582 1044 quem
621 994 830 1034 hominem
869 992 1070 1033 inciderit
1105 1005 1172 1032 res
1202 992 1406 1045 publica?
1464 1005 1588 1044 quam

128 1052 326 1101 acutum,
365 1063 490 1101 quam
520 1050 782 1103 vigilantem,
823 1062 946 1101 quam
975 1047 1202 1100 paratum?
1262 1050 1308 1089 Si
1348 1050 1590 1090 mehercule

128 1107 337 1147 neminem
365 1107 572 1146 occiderit
601 1119 679 1147 nec
709 1107 905 1157 cuiquam
934 1106 1160 1156 quidquam
1188 1104 1418 1153 ademerit,
1448 1106 1500 1146 ab
1521 1107 1587 1155 iis,

128 1164 201 1215 qui
240 1175 336 1203 eum
378 1163 557 1203 maxime
599 1164 850 1210 timuerant,
898 1163 1076 1202 maxime
1125 1161 1337 1215 diligetur.
1403 1163 1589 1203 Multum

129 1233 296 1261 mecum
332 1220 611 1272 municipales
646 1220 837 1260 homines
865 1221 1120 1270 loquuntur,
1160 1220 1343 1259 multum
1371 1221 1592 1261 rusticani.

129 1276 249 1318 Nihil
284 1289 457 1329 prorsus
497 1277 612 1317 aliud
650 1279 802 1316 curant
839 1276 920 1315 nisi
961 1289 1105 1328 agros,
1152 1276 1235 1316 nisi
1269 1277 1465 1329 villulas,
1510 1278 1593 1318 nisi

131 1335 370 1374 nummulos
406 1345 516 1373 suos,
576 1334 632 1372 Et
672 1333 790 1381 vide,
832 1345 959 1383 quam
989 1344 1190 1373 conversa
1218 1344 1286 1372 res
1317 1336 1391 1373 est.
1450 1335 1591 1384 Illum,

131 1402 215 1442 quo
246 1393 371 1431 antea
400 1388 692 1439 confidebant,
733 1390 948 1436 metuunt3
988 1390 1101 1428 hunc
1132 1392 1290 1439 amant,
1321 1402 1445 1440 quem
1474 1392 1595 1431 time-

130 1447 245 1488 bant.
305 1446 354 1486 Id
390 1446 558 1497 quantis
596 1445 751 1486 nostris
788 1446 976 1497 peccatis
1012 1446 1209 1497 vitiisque
1246 1447 1459 1498 evenerit,
1507 1460 1593 1488 non

130 1516 298 1556 possum
326 1503 416 1543 sine
445 1502 637 1543 molestia
667 1503 864 1555 cogitare.
924 1503 1040 1549 Quae
1071 1505 1209 1542 autem
1246 1503 1492 1554 impendere
1520 1517 1596 1556 pu·

136 1562 289 1611 tarem,
327 1561 578 1612 scripseram
607 1559 660 1600 ad
688 1561 754 1608 te3
805 1562 847 1599 et
876 1560 960 1599 iam
990 1555 1083 1598 tuas
1111 1560 1258 1599 literas
1287 1561 1594 1612 exspectabam.

131 1683 302 1716 committ.
328 1682 396 1723 sit,
434 1685 749 1719 anzuvertrauen,
793 1679 858 1713 mit
885 1679 995 1713 ihnen
1021 1689 1067 1713 zu
1093 1691 1224 1724 wagen
1251 1680 1318 1714 sei.
1353 1699 1394 1705 —
1444 1683 1507 1724 qui
1531 1706 1540 1714 .
1559 1707 1594 1717 ..

133 1739 175 1761 ne
200 1729 278 1760 noti
301 1738 332 1770 q.
359 1731 452 1760 sunt.
494 1725 557 1760 Sic
582 1726 687 1759 Rom.
722 1727 806 1761 Asc.
840 1737 895 1770 pr.
926 1726 1053 1759 Lamb.
1091 1726 1190 1761 Vict.
1231 1725 1343 1769 Seqq.
1383 1728 1478 1770 quod
1500 1727 1596 1761 inter

132 1784 169 1807 se
196 1776 272 1806 noti
294 1777 376 1805 sunt
402 1772 494 1815 (Md.
519 1783 539 1805 a
565 1783 621 1816 pr.
651 1772 715 1813 m.)
759 1772 862 1807 vict.
890 1774 921 1806 1.
946 1772 1052 1805 ornis.
1079 1773 1222 1815 quidem
1248 1774 1373 1806 Oxou.
1402 1774 1434 1808 l.
1461 1773 1493 1807 2.
1529 1783 1598 1807 nee

133 1819 282 1854 videtur
306 1819 446 1852 habere
473 1818 550 1852 Md.
577 1819 671 1862 quod
696 1821 790 1851 inter
813 1828 850 1851 se
876 1829 918 1850 oze
944 1821 1021 1850 noli
1043 1822 1138 1853 sarit,
1180 1818 1256 1852 Md.
1291 1829 1312 1852 a
1336 1828 1411 1853 sec,
1439 1830 1484 1854 m.
1510 1820 1596 1855 Asc.

135 1877 209 1900 sec.
237 1865 336 1898 Crat.
362 1866 504 1898 Manut.
533 1874 574 1896 ne
599 1864 740 1907 quidem
765 1867 841 1897 noti
864 1868 945 1897 sunt
973 1864 1060 1900 C2d.
1087 1864 1246 1909 Malasp.
1274 1864 1471 1899 ORELLI.
1505 1865 1597 1900 Scit.

137 1909 308 1946 Caesaris
326 1910 462 1943 milites
478 1909 646 1943 veterani
668 1909 868 1943 familiares
895 1910 992 1943 inter
1009 1920 1048 1943 se
1074 1917 1159 1944 sunt
1184 1917 1221 1944 et
1245 1910 1471 1953 amicissimi,
1498 1911 1598 1954 quod

137 1957 335 2001 plurimum
360 1956 515 2000 prodest
548 1955 591 1988 ad
619 1955 732 1988 robur
758 1956 964 1990 exercitus:
1013 1957 1130 1990 nostri
1156 1968 1246 1991 vero
1271 1967 1318 1990 ne
1343 1956 1422 1990 noti
1448 1957 1599 2000 quidem

136 2004 234 2037 inter
264 2013 304 2036 se
340 2009 442 2043 sun13
487 2012 559 2043 quo
595 2001 712 2034 minus
747 2008 802 2036 est
825 2002 901 2036 illis
927 2008 1057 2036 contra
1082 2010 1274 2036 veteranas
1302 2003 1472 2046 legiones
1498 2014 1600 2038 com-

135 2048 367 2083 mittendum.
398 2046 605 2082 MANUT.

227 2097 259 2128 1,
293 2094 429 2137 Lippit.
464 2092 502 2127 S.
528 2104 586 2136 ep.
605 2093 880 2129 CCCXXXVI
905 2092 952 2126 im
971 2093 1056 2127 Ans.
1084 2113 1128 2119 —·
1170 2094 1339 2138 librarii,
1364 2095 1504 2129 meinos
1530 2094 1598 2130 Se-

136 2140 300 2174 cretairs.
328 2159 372 2165 —
420 2139 594 2173 Brrmdis.
630 2138 653 2172 i.
680 2150 711 2172 e.
739 2150 831 2183 quos
857 2139 1098 2173 Brundisium
1124 2139 1307 2175 miseram.
1345 2159 1385 2165 —
1435 2142 1479 2175 Si
1503 2146 1596 2176 nact.

136 2187 195 2220 hic
220 2190 310 2219 esset
346 2186 370 2220 i.
397 2196 428 2219 e.
461 2184 493 2219 si
514 2187 650 2220 Caesar
671 2185 891 2228 Pompeium
925 2185 984 2219 hic
1009 2186 1259 2230 praestolatus
1292 2192 1410 2231 esset,
1454 2194 1493 2221 ut
1518 2194 1598 2221 cu'm

138 2244 183 2267 eo
215 2243 336 2265 coram
367 2242 479 2274 agere
511 2237 650 2276 posset.
689 2231 797 2265 SCH.
831 2250 873 2256 —
922 2234 1084 2270 tramis„
1121 2231 1156 2265 in
1184 2231 1388 2277 Graeciam.
1421 2251 1466 2258 —
1515 2245 1599 2267 acu·
1653 2226 1654 2230 ¹

138 2283 232 2320 tum,
257 2278 396 2311 schlau.
423 2296 467 2301 —
499 2281 645 2321 parat„
670 2278 732 2310 auf
748 2277 852 2312 Alles
867 2278 1017 2320 gefasst.
1042 2296 1087 2302 —
1126 2278 1170 2311 Se·
1191 2289 1240 2311 m.
1266 2281 1442 2312 neminem
1468 2279 1598 2321 occid„

139 2324 250 2358 sollte
277 2324 353 2357 Das
387 2323 490 2356 wahr
514 2323 617 2366 sein,
663 2323 746 2356 dass
782 2334 823 2357 er
847 2323 1005 2357 Keinem
1029 2323 1093 2357 das
1118 2324 1244 2358 Leben
1270 2336 1488 2368 genommen
1522 2325 1601 2368 (bei

141 2370 208 2403 der
233 2369 436 2402 Einnahme
462 2380 532 2402 von
555 2369 774 2411 Corfinium)
800 2381 836 2403 u.
865 2381 893 2403 s.
920 2380 967 2404 w.
994 2388 1037 2395 -
1078 2370 1122 2403 ab
1147 2371 1207 2405 iis.
1243 2370 1306 2405 Sic
1330 2372 1415 2405 Asc.
1441 2373 1470 2405 l.
1499 2371 1599 2405 Crat.

145 2414 245 2451 Vict.
271 2417 300 2450 l.
338 2415 435 2448 Man.
463 2416 587 2449 Lamb.
614 2414 671 2448 his
696 2416 791 2450 Cett.
821 2415 894 2450 0Ιέ.

231 2461 263 2494 2.
297 2461 449 2503 rustic„
480 2461 754 2495 Gutsbesitzer.
780 2480 825 2485 ——
869 2473 1000 2495 numm.
1026 2472 1128 2505 suos,
1162 2461 1222 2495 ihr
1246 2461 1427 2495 Bisschen
1445 2460 1599 2497 Baares.

141 2525 184 2531 -
220 2517 326 2550 quam
350 2517 450 2539 conv.
477 2517 535 2540 res
559 2511 610 2540 est
645 2509 707 2549 (sit
733 2508 860 2541 Lamb.
887 2508 953 2541 cfr.
979 2507 1113 2541 Milon.
1140 2508 1166 2550 ἕ.
1183 2510 1237 2542 47.
1273 2507 1380 2549 OR.),
1414 2507 1488 2542 wie
1515 2509 1599 2542 bald

141 2551 220 2585 sich
255 2551 318 2585 das
345 2552 445 2585 sslatt
475 2552 687 2596 gewandelt
712 2554 774 2587 hat
807 2554 842 2587 d.
870 2553 893 2586 i.
921 2553 1002 2587 ihre
1028 2553 1293 2596 Gesinnungen
1316 2552 1395 2586 sich
1420 2554 1601 2597 geiindert

141 2598 272 2631 haben.
308 2617 345 2622 —
396 2597 527 2640 Illum,
559 2599 798 2642 Pompeium3
848 2599 957 2642 hunc,
993 2600 1198 2633 Caesarem.
1235 2617 1278 2622 —
1326 2603 1482 2642 nostris,
1530 2611 1602 2635 von

144 2653 300 2677 unserer
326 2643 442 2677 Seite.
475 2661 519 2669 —
563 2645 739 2687 evenerit,
779 2655 820 2679 so
847 2646 1066 2688 gekommen
1093 2645 1161 2679 sei.
1197 2662 1241 2669 ·-
1289 2648 1536 2689 exspectabam
1559 2659 1605 2680 ..-..·

147 2696 340 2734 exspecto,

1214 2838 1300 2879 27*

1609 1172 1638 1212 b?
