1795 3043
174 133 177 137 ,
208 82 308 128 412
485 75 549 122 M.
585 75 639 120 Τ.
678 74 1018 120 CICERONIS
1053 74 1428 122 EPISTOLAE.

207 187 487 240 ingemiscens
526 197 617 226 sum
654 186 912 226 recordatus.
969 185 1107 233 Quare
1147 199 1258 227 nunc
1297 188 1447 227 saltem
1486 186 1538 226 ad
1567 186 1668 227 illos

209 247 398 286 calculos
437 243 721 290 revertamur,
770 255 874 294 quos
918 245 1006 283 tum
1043 242 1299 292 abiecimus,
1343 246 1390 283 ut
1420 255 1503 283 uon
1534 245 1667 283 solum

207 302 401 355 gloriosis
430 299 619 340 consiliis
647 300 837 351 utamur,
865 300 936 340 sed
957 300 1082 340 etiam
1111 301 1255 351 paullo
1271 300 1524 341 salubribus.
1585 300 1668 340 Sed

210 358 318 398 nihil
354 355 614 408 praescribo.
670 355 882 396 Accurate
921 357 1048 396 velim
1089 357 1328 408 perscribas
1368 357 1485 397 tuam
1521 355 1574 397 ad
1602 368 1669 396 me

158 423 188 461 6
211 413 473 455 sententiam.
531 412 637 452 Volo
676 414 802 454 etiam
832 414 1049 465 exquiras,
1093 426 1217 464 quam
1248 413 1566 465 diligentissime
1596 425 1670 464 po-

210 471 335 522 teris,
364 492 422 499 ——
478 468 653 510 habebis
682 471 843 518 autem,
885 483 962 522 per
991 481 1095 521 quos
1124 470 1284 522 possis,
1320 492 1377 498 -
1433 469 1535 521 quid
1563 469 1672 509 Len-

206 529 322 567 tulus
350 528 519 578 noster,
559 525 660 577 quid
688 525 898 566 Domitius
929 528 1051 579 agat,
1089 527 1191 578 quid
1219 529 1390 568 acturus
1419 528 1501 578 sit,
1530 538 1670 577 quem-

207 583 428 624 admodum
462 595 575 623 nunc
615 595 659 622 se
699 585 867 633 gerant,
915 596 1015 623 num
1045 596 1169 634 quem
1198 586 1423 631 accusent,
1467 595 1569 623 num
1598 582 1669 623 cui

206 641 482 681 succenseant
509 662 567 668 —
605 638 706 690 quid
735 638 856 686 dico,
887 651 986 679 num
1016 640 1114 680 cui?
1156 653 1257 680 num
1287 639 1517 692 Pompeio?
1575 639 1669 679 Om-

206 698 310 738 nino
339 699 509 750 culpam
538 707 705 735 omnem
734 695 957 746 Pompeius
985 696 1031 736 in
1062 696 1292 737 Domitium
1322 698 1508 737 confertt
1557 694 1670 747 quod

205 754 341 806 ipsius
370 754 506 794 literis
534 751 733 804 cognosci
761 753 921 803 potest,
951 765 1129 804 quarum
1147 754 1383 806 exemplum
1414 753 1465 794 ad
1484 756 1527 793 te
1555 752 1666 792 misi.

206 811 324 851 Haec
354 811 485 863 igitur
512 808 696 857 videbis3
737 810 803 856 et,
836 809 947 860 quod
976 810 1028 850 ad
1057 812 1098 849 te
1127 812 1225 851 ante
1252 811 1430 863 scripsi,
1460 808 1667 850 Demetrii

205 867 415 919 Magnetis
444 865 625 914 librum,
666 877 792 917 quem
831 865 885 907 ad
922 868 965 906 te
994 866 1134 920 misit,
1172 867 1224 907 de
1253 866 1502 918 concordia,
1540 866 1669 909 velim

206 924 312 964 mihi
342 924 494 965 mittas.

205 1069 411 1113 Sequuntur
440 1073 597 1114 quatuor
628 1068 867 1112 epistolarum
891 1068 1058 1113 Pompeii
1093 1070 1256 1114 exempla
1289 1080 1370 1104 cum
1393 1068 1451 1105 his
1474 1067 1597 1104 literis
1620 1068 1668 1103 ad

633 1115 800 1149 Atticum
824 1114 955 1158 missa,
989 1117 1038 1151 A.
1065 1116 1111 1150 Β.
1137 1116 1177 1150 C.
1205 1116 1253 1150 D.

903 1184 955 1225 A.

438 1251 518 1286 Ser.
545 1249 645 1284 circa
669 1251 724 1285 Id.
750 1250 862 1284 Febr.
890 1251 937 1284 A.
963 1250 1009 1284 U.
1035 1251 1076 1285 C.
1103 1251 1180 1285 705.
1209 1253 1257 1293 (a.
1283 1251 1324 1285 C.
1350 1251 1428 1294 49.)

274 1321 350 1354 CN.
381 1318 592 1354 MAGNUS
623 1318 917 1399 P'ROCOCSDSCS
944 1318 1241 1398 RgARISJELLO,
1278 1319 1323 1352 L.
1354 1317 1596 1352 LENTULO

319 1425 432 1478 Ego,
474 1423 587 1476 quod
616 1423 902 1465 existimabam
932 1423 1142 1476 dispersos
1169 1434 1246 1462 nos
1275 1433 1414 1473 neque
1442 1422 1506 1463 rei
1528 1423 1666 1475 publi·

205 1495 282 1523 cae
311 1483 437 1522 utiles
466 1493 603 1532 neque
640 1480 763 1522 nobis
791 1480 1001 1534 praesidio
1032 1492 1122 1519 esse
1151 1491 1294 1532 posse,
1341 1479 1504 1521 idcirco
1534 1480 1586 1521 ad
1616 1480 1663 1519 L.

206 1539 438 1580 Domitium
473 1539 621 1578 literas
656 1537 774 1590 misi,
818 1539 1001 1590 primum
1041 1537 1105 1577 uti
1142 1537 1234 1589 ipse
1273 1549 1370 1576 cum
1400 1537 1515 1578 omni
1543 1535 1665 1589 copia

205 1597 258 1636 ad
288 1608 364 1636 nos
387 1596 571 1636 veniret:
608 1595 644 1635 si
673 1595 725 1634 de
754 1607 799 1634 se
827 1594 1064 1646 dubitaret,
1099 1595 1147 1633 ut
1176 1594 1372 1633 cohortes
1400 1607 1516 1643 xlx„
1556 1605 1665 1645 quae

206 1667 258 1693 ex
289 1654 447 1692 Piceno
487 1652 538 1692 ad
578 1665 643 1691 me
685 1652 767 1691 iter
807 1651 1043 1701 habebant,
1095 1650 1147 1690 ad
1177 1663 1252 1689 nos
1283 1651 1483 1691 mitteret.
1543 1649 1663 1699 Quod

205 1711 365 1750 veritus
395 1722 511 1756 sum,
554 1710 710 1748 factum
740 1709 822 1759 est,
859 1710 907 1747 ut
935 1707 1144 1747 Domitius
1173 1707 1489 1758 implicaretur3
1527 1718 1664 1758 neque

204 1766 296 1817 ipse
334 1766 434 1806 satis
471 1765 616 1806 firmus
646 1766 753 1805 esset
783 1764 834 1804 ad
865 1766 1003 1805 castra
1029 1764 1240 1810 facienda,
1290 1764 1402 1814 quod
1430 1776 1544 1804 meas
1573 1776 1662 1806 x1X.

204 1826 247 1862 et
276 1837 370 1863 suas
399 1836 476 1863 ΧΠ.
508 1823 703 1863 cohortes
746 1821 881 1862 tribus
908 1823 951 1861 in
983 1820 1147 1874 oppidis
1188 1819 1431 1860 distributas
1460 1821 1660 1861 haberet:

204 1902 261 1908 —
318 1892 415 1919 nam
456 1879 609 1931 partim
645 1879 801 1931 Albae,
849 1878 1005 1930 partim
1052 1878 1251 1917 Sulmone
1303 1878 1554 1927 collocavit3
1605 1898 1662 1906 —-

204 2004 253 2036 ad
294 2002 381 2035 illos
418 2001 596 2044 calculos,
638 2011 684 2035 zu
722 2000 831 2034 ienen
863 2000 1178 2043 Berechnungen,
1223 1998 1424 2033 Maximen.
1463 2018 1508 2024 —
1559 1999 1660 2042 glor.

203 2049 332 2082 consil,
357 2052 426 2091 ut.,
460 2048 569 2081 einen
594 2047 836 2081 ehrenvollen
861 2047 954 2081 Plan
982 2046 1170 2088 betolgen.
1430 2082 1431 2085 Ἴ

295 2096 328 2129 6.
369 2094 543 2127 Lentulus
575 2092 763 2138 Spinther.
807 2092 846 2127 S.
881 2103 926 2126 zu
959 2104 1017 2137 ep.
1044 2092 1165 2126 XCII.
1199 2090 1338 2124 Domit.
1380 2090 1500 2124 Beide
1535 2101 1659 2125 waren

203 2151 249 2174 zu
275 2140 477 2174 Corfinium
503 2140 541 2174 in
567 2139 878 2184 Gesangenschast
903 2139 1096 2183 gerathen.
1120 2156 1164 2162 —
1212 2141 1359 2169 acturus
1381 2136 1451 2175 sit,
1484 2147 1506 2170 a
1530 2147 1586 2180 pr.
1610 2148 1656 2170 m.

206 2187 307 2222 vict.
326 2189 356 2221 1.
383 2190 445 2219 est.
472 2204 513 2211 --
555 2196 639 2219 num
663 2185 857 2230 Pompeio&
887 2196 1027 2219 warum
1052 2184 1154 2218 nicht
1178 2182 1248 2215 den
1272 2181 1472 2226 Pompeius
1496 2182 1658 2225 gradezu

204 2233 392 2277 genanntZ
431 2232 498 2265 der
524 2232 580 2265 sie
604 2233 793 2266 verlassen
819 2232 891 2265 hat.
923 2251 966 2257 -
1013 2231 1129 2276 ipsius
1154 2228 1293 2271 literis,
1328 2228 1456 2262 Lamb.
1491 2229 1584 2272 quod
1616 2239 1659 2261 esc

204 2280 321 2323 ipsius
351 2280 406 2312 lit.
442 2297 486 2302 ——
533 2277 619 2311 misi
647 2291 693 2312 =
725 2278 830 2312 mitto
864 2278 912 2312 im
936 2276 1139 2311 Briet'stile.
1186 2274 1238 2308 Es
1263 2274 1345 2309 sind
1371 2274 1433 2308 die
1459 2274 1659 2318 folgenden

204 2326 373 2369 Anlageil
397 2325 441 2358 A.
466 2325 512 2357 Β.
537 2324 577 2357 C.
602 2325 651 2359 D.
679 2324 853 2368 gemeint.
895 2323 958 2359 Sic
983 2323 1059 2357 Md.
1087 2333 1106 2354 a
1131 2331 1204 2354 see.
1230 2332 1274 2354 m.
1302 2320 1391 2354 cod.
1414 2320 1593 2355 Tornaes.
1619 2325 1660 2354 ut

204 2373 272 2416 Ep.
294 2373 349 2405 ll.
377 2371 405 2413 §.
422 2373 455 2405 6.
482 2371 586 2402 mitto
610 2371 704 2405 Cett.
733 2371 805 2404 ΟΕ.
832 2390 876 2395 -
922 2370 1023 2404 Haec
1047 2368 1167 2410 igitur
1189 2367 1346 2409 videbis,
1372 2366 1446 2400 lass
1470 2377 1541 2400 nur
1565 2367 1658 2401 iiber

203 2418 271 2452 das
295 2418 402 2451 Alles
428 2415 550 2451 Deine
577 2415 779 2450 Gedanken
805 2416 955 2451 walten.
982 2434 1024 2439 —-
1072 2414 1228 2447 Demetr.
1255 2424 1284 2447 s.
1312 2424 1370 2457 ep.
1388 2414 1476 2453 334,
1504 2415 1536 2447 7.

297 2463 425 2497 COSS.
466 2464 503 2496 C.
525 2462 701 2496 Claudius
732 2463 933 2496 Marcellus
962 2460 1040 2494 'und
1067 2460 1108 2494 L.
1132 2459 1328 2493 Cornelius
1356 2459 1539 2493 Lentulus
1562 2458 1658 2493 Crus

207 2521 330 2544 waren
359 2509 420 2542 die
445 2508 608 2542 Consuln
634 2508 700 2541 des
723 2508 828 2541 Iahrs
854 2510 931 2542 705.

295 2558 326 2589 1.
361 2556 554 2598 dispersos.
593 2553 776 2588 Zertheilt
801 2554 901 2588 hatte
925 2552 979 2586 sie
1004 2551 1206 2596 Pompeius
1232 2551 1361 2585 selbst.
1397 2569 1439 2576 —
1483 2550 1657 2595 primum,

205 2613 273 2634 xor
298 2602 396 2635 allen
422 2601 584 2643 Diogen.
613 2619 656 2625 —
703 2599 865 2633 cohortes
889 2599 999 2634 XIX.
1038 2609 1167 2641 nempe
1192 2597 1299 2632 XIV.
1325 2608 1346 2630 a
1373 2595 1566 2639 Vibullio,
1606 2597 1653 2631 V.

204 2648 250 2681 ab
267 2648 381 2681 Hirro
408 2648 592 2681 adductas:
628 2646 717 2682 Vid.
746 2657 803 2689 ep.
823 2646 932 2687 VIII,
958 2646 1013 2678 ll.
1041 2643 1332 2687 (CCCXXXIV.
1350 2644 1393 2677 Α.
1408 2648 1522 2677 nostr.
1545 2641 1656 2686 edit.)

205 2694 410 2727 MANUT.
437 2713 477 2718 —
520 2692 724 2736 mplicar„
750 2692 834 2725 dass
859 2717 866 2724 .
886 2717 893 2725 .
915 2717 922 2724 .
951 2690 1018 2724 in's
1043 2690 1241 2734 Gedrauge
1265 2690 1364 2723 kam.
1389 2709 1432 2714 —
1469 2689 1517 2722 ad
1534 2691 1657 2721 castra

206 2740 393 2784 facienda,
436 2741 515 2773 dem
541 2739 680 2774 Feinde
713 2738 750 2772 in
776 2737 894 2772 einem
919 2738 1039 2781 Lager
1065 2736 1177 2772 Stand
1204 2747 1249 2770 zu
1274 2735 1412 2770 hulten.
1445 2753 1488 2760 -
1539 2733 1656 2769 Albae
