1795 3043
515 46 831 94 EPISTOLA
865 43 1027 94 CXCI.
1173 121 1178 128 .
1501 52 1569 103 17

98 163 228 204 duum
258 173 354 203 cum
383 159 585 215 Pompeio
615 160 658 200 et
687 157 799 211 apud
827 157 1075 210 Pompeium
1102 156 1297 211 fuissem,
1326 157 1567 211 proficisce-

98 220 177 260 bar
215 218 489 260 Brundisium
530 231 565 257 a.
597 216 636 257 d.
677 229 778 258 x111.
818 215 999 256 Kalend.
1039 216 1197 256 Iunias.
1260 215 1405 257 Civem
1441 219 1566 258 illum

97 277 312 330 egregium
351 274 643 325 relinquebam
674 275 716 313 et
746 273 798 313 ad
828 274 960 325 haee,
1001 284 1111 324 quae
1141 274 1364 326 timentur,
1394 276 1567 327 propul-

96 334 230 374 sanda
278 333 602 386 paratissimum.
679 331 792 372 Tuas
829 330 976 371 literas
1015 328 1295 384 exspectabo,
1331 343 1465 383 quum
1503 334 1567 385 ut,

99 391 204 443 quid
235 403 348 444 agas,
376 392 468 430 tum
497 390 566 438 ut,
596 387 671 428 ubi
699 388 781 437 sis,
813 387 957 428 sciam.

272 527 277 532 ·
335 513 648 563 EPISTOLA
684 512 846 558 CXCI.
884 512 968 571 (ad
1002 513 1108 559 Div.
1142 509 1225 559 ΙΙῘ.
1262 516 1333 575 3.)

238 591 319 628 Ser.
344 591 541 627 Brundisii
567 591 636 625 lx.
663 588 749 624 Καὶ.
775 585 859 623 Iun.
884 589 930 624 A.
958 589 1003 624 υ.
1033 589 1074 624 c.
1103 591 1180 625 703.
1208 592 1256 633 (a.
1284 591 1324 625 C.
1351 592 1426 635 51.)

101 658 301 705 Significat
324 660 399 695 sibi
423 659 539 704 Appii
574 654 736 701 legatum
761 654 955 691 Brundisii
987 663 1139 702 praesto
1171 654 1287 692 fuisse
1313 665 1349 693 et
1375 671 1425 694 ex
1448 656 1566 706 Appii

59 717 63 720 ’
98 708 296 750 mandatis,
322 707 512 753 praesidio
539 705 707 738 firmiore
732 710 826 748 opus
852 714 934 737 esse
959 704 1005 737 ad
1029 701 1260 748 provinciam
1278 705 1461 749 Ciliciam,
1486 719 1567 741 mo-

99 754 237 788 nuisse.
266 756 296 788 l.
345 754 450 788 Petit
475 751 610 796 igitur,
653 761 700 784 ne
730 749 889 783 militum
915 759 1108 784 numerum
1135 751 1327 794 diminuat,
1353 764 1487 796 seque,
1515 754 1566 788 si-

99 801 176 836 mul
192 807 231 835 ut
244 800 467 847 Pomptinus
487 800 633 843 legatus
657 798 816 838 venerit,
843 795 964 877 pri12na
987 797 1187 841 navigandi
1210 798 1387 833 facultate
1413 806 1566 836 usurum

721 842 879 876 nuntiat.
932 865 940 877 .

427 909 617 949 CICERO
644 910 682 946 S.
710 911 760 946 D.
794 911 954 947 APPIO
979 912 1237 947 PULCHRO.

213 985 262 1026 A.
296 983 334 1026 d.
362 996 420 1026 xl.
452 982 666 1024 Kalendas
696 981 839 1023 Iunias
867 982 1141 1025 Brundisium
1177 993 1307 1036 quum
1335 985 1567 1038 venissem,

103 1044 151 1092 Q.
183 1042 354 1090 Fabius,
386 1044 547 1095 legatus
576 1043 686 1091 tuus,
716 1039 820 1079 mihi
850 1043 1019 1091 praesto
1034 1040 1119 1081 fuit
1148 1053 1282 1093 eaque
1304 1055 1371 1081 me
1399 1055 1451 1083 ex
1481 1044 1569 1098 tuis

100 1100 309 1142 mandatis
337 1095 514 1148 monuit,
545 1109 652 1150 quae
680 1108 765 1136 non
794 1097 913 1149 mihi,
943 1097 996 1138 ad
1024 1108 1149 1149 quem
1177 1099 1463 1152 pertinebant,
1493 1100 1568 1141 sed

104 1234 307 1265 cessurum,
333 1221 365 1256 si
384 1221 422 1255 in
448 1220 628 1255 iudicium
646 1227 882 1256 vocarentur.
932 1218 1060 1267 Vulgo
1085 1229 1142 1258 est
1165 1224 1387 1259 vacationes.
1437 1221 1571 1268 Itaque

104 1269 170 1303 alii
194 1269 392 1312 legendum
417 1269 618 1312 putabant:
651 1278 722 1300 non
755 1269 832 1301 vult
857 1270 1067 1303 vacationes
1092 1274 1124 1303 et
1155 1271 1397 1304 iudiciariam
1421 1283 1572 1317 capsam

106 1316 187 1350 scil.
216 1316 270 1349 eis
293 1315 446 1348 deferri.
484 1313 636 1348 Ernesti
652 1314 813 1347 malebat
830 1326 901 1348 ηοη
918 1326 1003 1348 vero
1024 1317 1231 1349 vacationes
1250 1324 1319 1351 etc.
1347 1312 1569 1352 SCHUTZ.

105 1362 233 1395 Ueber
258 1362 399 1404 quinos,
424 1371 502 1393 was
527 1360 681 1394 Ernesti
706 1359 1000 1405 einklammerte,
1027 1374 1054 1396 s.
1084 1363 1232 1396 Ramsh.
1260 1364 1288 1406 ξ.
1317 1365 1396 1407 157,
1421 1365 1454 1398 2.
1491 1366 1571 1399 An*

106 1408 223 1442 merk.
257 1408 292 1450 2,
318 1418 349 1440 c.
374 1406 518 1440 Grotef.
556 1407 583 1449 §.
609 1407 687 1440 300.
716 1407 942 1450 delaturum,
978 1419 1020 1441 er
1052 1409 1167 1442 wolle
1200 1409 1255 1442 sie
1286 1410 1383 1444 beim
1407 1411 1569 1445 Aerario

106 1455 289 1497 angeben,
316 1453 538 1497 empsehlen.
588 1452 732 1484 vacatio
757 1464 804 1485 =
828 1453 892 1486 das
918 1454 1100 1497 Freisein,
1126 1455 1333 1501 Befreiung
1357 1468 1429 1490 von
1448 1457 1571 1503 Dien-

107 1508 190 1534 sten
225 1499 395 1542 (militiae
421 1499 479 1532 od.
517 1509 537 1531 a
562 1498 706 1531 militia.
757 1497 796 1531 S.
823 1499 993 1544 Philipp.
1020 1501 1069 1543 V,
1096 1501 1150 1535 12.
1203 1502 1309 1536 Caes.
1346 1503 1390 1537 B.
1425 1504 1470 1538 G.
1498 1504 1570 1547 VI,

108 1549 163 1581 13.
212 1546 294 1579 Liv.
322 1546 436 1587 VIII,
462 1545 517 1578 20.
544 1544 712 1586 XXVII,
737 1545 811 1586 38.)
873 1546 991 1580 Diese
1016 1546 1098 1581 fimf
1120 1548 1310 1583 Praefecti
1335 1548 1473 1583 sollten
1499 1558 1571 1584 nur

108 1593 146 1626 in
172 1591 253 1625 dem
277 1592 383 1626 Falle
407 1602 479 1624 von
505 1590 839 1634 Kriegesdiensten
874 1592 944 1626 srei
969 1592 1069 1636 sein,
1105 1605 1215 1628 wenn
1241 1595 1297 1629 sie
1320 1607 1388 1630 vor
1414 1597 1572 1631 Gericht

107 1639 264 1673 berufen
290 1638 324 1671 d.
352 1637 376 1671 i.
404 1648 470 1671 zur
495 1637 785 1681 Untersuchung
810 1649 999 1685 gezogen,
1019 1640 1193 1684 verklagt
1217 1642 1385 1676 wurden.
1456 1644 1573 1678 Denn

112 1685 166 1719 oft
191 1684 322 1718 bekam
347 1683 498 1717 Iemand
523 1683 614 1716 ietzt
639 1683 756 1717 durch
781 1685 1013 1719 Missbrauch
1038 1687 1100 1720 bei
1126 1687 1193 1720 der
1206 1688 1343 1723 Armee
1368 1688 1439 1722 den
1465 1690 1572 1724 Titel

107 1730 182 1765 und
207 1731 268 1764 die
293 1731 552 1764 Emolumente
578 1730 680 1763 eines
705 1732 899 1775 praefecti,
926 1733 1022 1766 ohne
1046 1733 1207 1767 Dienste
1233 1744 1277 1768 zu
1304 1736 1405 1769 thun.
1456 1735 1494 1771 S.
1523 1734 1571 1770 ad

107 1777 195 1812 Div.
223 1777 317 1819 VII,
354 1778 386 1811 8.
423 1777 657 1820 (CXXXIX,
684 1778 703 1810 1
729 1788 785 1811 arn
816 1778 953 1820 Ende.)
979 1778 1025 1812 ad
1049 1779 1162 1815 Attic.
1198 1780 1249 1823 V,
1273 1781 1316 1815 21
1345 1782 1469 1826 (CCL,
1496 1785 1570 1826 10.)

107 1824 190 1866 Vl,
224 1825 243 1857 l
270 1823 442 1867 (CCLIL
476 1823 526 1865 2.)
576 1823 726 1858 cornel.
759 1824 855 1869 Nep.
887 1825 1002 1860 Attio.
1029 1837 1060 1860 e.
1088 1827 1121 1861 6.
1186 1827 1297 1861 Doch
1321 1828 1462 1863 kennte
1486 1840 1571 1864 man

109 1871 351 1904 iibersetzen:
378 1869 469 1912 „die
495 1869 805 1903 Gerichtssachen
835 1872 970 1905 sollten
1007 1871 1338 1917 derrGegenstand
1363 1875 1463 1917 sein,
1490 1887 1573 1910 wo-

110 1927 183 1950 von
208 1915 262 1949 sie
287 1915 358 1950 frei
380 1916 553 1958 waren;“
578 1915 702 1950 indem
727 1927 809 1950 man
830 1928 875 1951 zu
898 1919 1103 1952 vacationis
1118 1919 1196 1953 sich
1212 1931 1289 1954 rem
1307 1921 1572 1959 hinzudiichte.

111 1962 163 1997 So
190 1962 310 1997 Cicer.
337 1961 383 1995 de
408 1962 527 2005 Legg.
554 1965 587 2006 1,
612 1963 650 1996 4:
685 1962 798 1996 alicui
823 1964 912 1998 dare
938 1965 1166 1999 vacationem
1191 1977 1212 1999 a
1235 1968 1377 2010 causi53
1404 1969 1510 2003 Brut.
1537 1980 1570 2004 c.

110 2011 172 2043 ll:
199 2008 429 2042 vacationem
449 2019 621 2052 augures,
648 2020 722 2051 quo
742 2009 861 2044 minus
887 2010 1036 2045 indiciis
1062 2023 1212 2056 operam
1238 2013 1383 2057 darent,
1406 2026 1480 2048 non
1506 2016 1574 2049 ha-

109 2055 215 2090 bere.
241 2074 283 2079 —
308 2066 388 2088 cum
412 2067 456 2089 =
481 2055 519 2088 in
544 2055 669 2089 seiner
697 2056 968 2099 Gesellschaft,
995 2059 1092 2102 apud
1114 2070 1161 2092 =
1185 2059 1247 2093 bei
1272 2059 1347 2094 ihm
1372 2061 1421 2095 im
1445 2063 1572 2096 Hause

111 2103 166 2135 als
192 2101 300 2143 Gast3
324 2100 398 2135 wie
423 2112 482 2145 ep.
511 2102 763 2145 CLXXXIX,
789 2105 829 2136 l:
865 2114 985 2137 secum
1020 2108 1054 2137 et
1076 2105 1173 2148 apud
1197 2116 1246 2140 se.
1273 2125 1317 2133 —-·
1350 2118 1385 2141 α.
1412 2108 1447 2141 d.
1473 2119 1572 2143 xus.

111 2147 204 2182 Kal.
231 2148 335 2189 Ιαη.,
372 2147 443 2180 den
473 2147 530 2182 20.
563 2148 651 2182 Mai.
703 2148 767 2183 Sic
799 2150 899 2185 Man.
926 2150 1028 2186 Vict.
1059 2151 1093 2186 2.
1123 2151 1213 2186 Bos.
1250 2152 1386 2188 Graev.
1419 2154 1506 2190 Sch.
1533 2155 1572 2188 in

110 2192 184 2228 Ed.
209 2193 297 2228 min.
323 2193 432 2229 XIV.
453 2194 532 2230 Md.
560 2195 684 2229 Oxon.
711 2195 744 2229 1.
769 2195 803 2231 2.
829 2197 917 2232 Asc.
943 2199 976 2232 1.
1003 2196 1102 2231 Crat.
1121 2198 1223 2233 Vict.
1248 2198 1275 2234 i.
1300 2200 1395 2235 XII.
1420 2201 1467 2234 de
1491 2202 1573 2236 Ma·-

112 2240 207 2284 lasp.
234 2251 334 2284 susp.
360 2240 490 2274 Lamb.
515 2241 587 2276 XI.
620 2241 666 2274 de
692 2242 850 2276 Corradi
875 2253 974 2287 susp.
1003 2244 1127 2288 (prob.
1152 2244 1244 2280 Ern.
1270 2245 1384 2289 Lim.)
1420 2246 1507 2283 Sch.
1534 2248 1573 2281 in

113 2286 185 2321 Ed.
202 2285 286 2320 mai.
314 2286 539 2328 („Triduum
563 2288 689 2326 habes,
718 2288 750 2321 si
776 2289 896 2333 ipsum
921 2289 1023 2328 XV.,
1050 2301 1125 2332 quo
1151 2291 1353 2325 Tarentum
1390 2292 1434 2326 ad
1460 2294 1575 2328 Pom-

112 2331 238 2377 peium
256 2331 370 2375 venit,
394 2343 474 2366 cum
498 2332 647 2377 integro
666 2334 774 2369 XIV.
800 2341 838 2368 et
862 2342 967 2380 parte
991 2337 1102 2379 XIII,
1129 2348 1202 2379 quo
1220 2337 1461 2372 Brundisium
1485 2351 1577 2385 pro-

113 2378 363 2420 ficiscebatur,
389 2382 599 2413 numeresf}
646 2380 795 2416 Bentiv.
815 2382 934 2415 Recte
960 2388 997 2415 et
1022 2394 1070 2417 ex
1093 2394 1197 2417 more
1215 2384 1467 2419 Romanorum
1492 2386 1576 2420 dies

115 2424 360 2465 numerandi.)
389 2424 585 2460 ORELLI.
613 2427 681 2460 Am
703 2428 759 2462 22.
789 2426 866 2462 Mai
893 2429 1019 2472 langte
1045 2440 1086 2462 er
1110 2440 1156 2463 zu
1181 2430 1424 2465 Brundisium
1449 2443 1507 2468 an.
1534 2432 1576 2468 S.

115 2470 152 2505 d.
183 2470 274 2514 folg.
300 2470 365 2505 ΒΓ.
402 2470 450 2503 im
476 2472 561 2507 Ans.
589 2491 631 2498 —
663 2473 853 2508 Civem...
886 2474 1100 2518 egregium,
1139 2476 1208 2509 der
1242 2476 1304 2510 die
1334 2478 1464 2511 besten
1500 2479 1576 2513 Ge·-

114 2516 321 2560 sinnungen
346 2516 406 2549 fiir
430 2516 491 2550 die
514 2515 706 2563 Republik
730 2520 832 2564 hegt.
856 2541 902 2547 -—
926 2532 1016 2565 quae
1040 2522 1212 2555 timentur
1235 2523 1385 2557 bezieht
1410 2523 1490 2558 sich
1513 2523 1581 2560 auf

117 2563 249 2597 Casars
274 2562 405 2598 Plane.
441 2562 480 2598 S.
508 2575 566 2609 ep.
595 2565 827 2610 CLXXXV,
852 2569 884 2603 3.
911 2578 968 2602 am
991 2568 1111 2604 Ende.
1161 2568 1421 2614 CLXXXVI,
1447 2572 1481 2607 l.

389 2632 549 2666 APPIO
579 2633 835 2670 PULCHRO.
884 2635 924 2670 S.
948 2645 994 2670 zu
1021 2647 1080 2682 ep.
1107 2636 1301 2673 CLXXX.

207 2678 241 2712 1.
269 2677 309 2712 Q.
327 2678 475 2712 Fabius.
497 2679 574 2713 Md.
589 2679 688 2716 Vict.
702 2683 734 2716 1.
748 2683 787 2717 Q.
805 2683 1004 2717 Fabianus,
1028 2685 1127 2718 Puto
1148 2684 1346 2728 legendum
1363 2695 1444 2719 curn
1455 2684 1577 2730 Beng.

119 2722 161 2758 Q.
170 2722 306 2757 Fabius
330 2725 584 2766 Vergilianus,
606 2726 803 2763 ORELLI.
821 2730 1011 2775 s.ep.194.
1032 2748 1077 2755 -—
1094 2741 1165 2764 non
1184 2730 1278 2765 mihi
1294 2731 1356 2766 ich
1372 2731 1455 2768 will
1477 2732 1581 2767 nicht

178 2790 234 2815 Cic.
253 2791 346 2816 Briefe
363 2800 390 2817 v.
409 2793 569 2819 Billerbeek.
595 2795 630 2819 11.
1253 2791 1282 2832 2
