<?xml version="1.0" encoding="UTF-8"?>
<!DOCTYPE html PUBLIC "-//W3C//DTD XHTML 1.0 Transitional//EN"
    "http://www.w3.org/TR/xhtml1/DTD/xhtml1-transitional.dtd">
<html xmlns="http://www.w3.org/1999/xhtml" xml:lang="en" lang="en">
 <head>
  <title>
</title>
<meta http-equiv="Content-Type" content="text/html;charset=utf-8" />
  <meta name='ocr-system' content='tesseract 3.04.00' />
  <meta name='ocr-capabilities' content='ocr_page ocr_carea ocr_par ocr_line ocrx_word'/>
</head>
<body>
  <div class='ocr_page' id='page_1' title='image "./epistolaeadattic02ciceuoft_0514.png"; bbox 0 0 1795 3043; ppageno 0'>
   <div class='ocr_carea' id='block_1_1' title="bbox 252 45 1449 98">
    <p class='ocr_par' dir='ltr' id='par_1_1' title="bbox 252 45 1449 98">
     <span class='ocr_line' id='line_1_1' title="bbox 252 45 1449 98; baseline 0.001 -1"><span class='ocrx_word' id='word_1_1' title='bbox 252 50 354 98; x_wconf 78' lang='grc'>504</span> <span class='ocrx_word' id='word_1_2' title='bbox 520 46 586 94; x_wconf 88' lang='grc' dir='ltr'>Μ.</span> <span class='ocrx_word' id='word_1_3' title='bbox 621 46 677 90; x_wconf 87' lang='grc' dir='ltr'>Τ.</span> <span class='ocrx_word' id='word_1_4' title='bbox 714 45 1049 93; x_wconf 86' lang='lat' dir='ltr'>CICERONIS</span> <span class='ocrx_word' id='word_1_5' title='bbox 1081 47 1449 98; x_wconf 83' lang='lat' dir='ltr'>EPISTOLAE.</span> 
     </span>
    </p>
   </div>
   <div class='ocr_carea' id='block_1_2' title="bbox 177 157 1751 722">
    <p class='ocr_par' dir='ltr' id='par_1_2' title="bbox 253 157 1751 375">
     <span class='ocr_line' id='line_1_2' title="bbox 253 157 1751 216; baseline 0.005 -17"><span class='ocrx_word' id='word_1_6' title='bbox 253 157 380 211; x_wconf 83' lang='lat' dir='ltr'>cupio</span> <span class='ocrx_word' id='word_1_7' title='bbox 417 157 540 199; x_wconf 82' lang='lat' dir='ltr'>illum</span> <span class='ocrx_word' id='word_1_8' title='bbox 579 157 751 210; x_wconf 82' lang='lat' dir='ltr'>dignum</span> <span class='ocrx_word' id='word_1_9' title='bbox 789 170 877 200; x_wconf 88' lang='lat' dir='ltr'>esse</span> <span class='ocrx_word' id='word_1_10' title='bbox 913 157 1034 199; x_wconf 90' lang='lat' dir='ltr'>nobis</span> <span class='ocrx_word' id='word_1_11' title='bbox 1071 161 1114 200; x_wconf 84' lang='lat' dir='ltr'>et</span> <span class='ocrx_word' id='word_1_12' title='bbox 1149 173 1274 212; x_wconf 88' lang='lat' dir='ltr'>quam</span> <span class='ocrx_word' id='word_1_13' title='bbox 1314 161 1406 214; x_wconf 85' lang='lat' dir='ltr'>ipse</span> <span class='ocrx_word' id='word_1_14' title='bbox 1447 174 1515 203; x_wconf 91' lang='lat' dir='ltr'>me</span> <span class='ocrx_word' id='word_1_15' title='bbox 1553 163 1701 216; x_wconf 80' lang='lat' dir='ltr'>invito,</span> <span class='ocrx_word' id='word_1_16' title='bbox 1750 174 1751 177; x_wconf 73' lang='grc'>’</span> 
     </span>
     <span class='ocr_line' id='line_1_3' title="bbox 254 215 1703 271; baseline 0.006 -18"><span class='ocrx_word' id='word_1_17' title='bbox 254 215 287 267; x_wconf 54' lang='grc' dir='ltr'>ἦ·</span> <span class='ocrx_word' id='word_1_18' title='bbox 323 225 431 266; x_wconf 88' lang='lat' dir='ltr'>quae</span> <span class='ocrx_word' id='word_1_19' title='bbox 467 225 546 266; x_wconf 87' lang='lat' dir='ltr'>pro</span> <span class='ocrx_word' id='word_1_20' title='bbox 583 215 660 255; x_wconf 90' lang='lat' dir='ltr'>illo</span> <span class='ocrx_word' id='word_1_21' title='bbox 699 215 754 255; x_wconf 79' lang='lat' dir='ltr'>sit</span> <span class='ocrx_word' id='word_1_22' title='bbox 789 215 1102 268; x_wconf 83' lang='lat' dir='ltr'>suspicandum!</span> <span class='ocrx_word' id='word_1_23' title='bbox 1169 218 1251 258; x_wconf 85' lang='lat' dir='ltr'>Sed</span> <span class='ocrx_word' id='word_1_24' title='bbox 1288 230 1392 271; x_wconf 88' lang='lat' dir='ltr'>opus</span> <span class='ocrx_word' id='word_1_25' title='bbox 1438 219 1521 260; x_wconf 85' lang='lat' dir='ltr'>fuit</span> <span class='ocrx_word' id='word_1_26' title='bbox 1560 220 1703 262; x_wconf 87' lang='lat' dir='ltr'>Hirtio</span> 
     </span>
     <span class='ocr_line' id='line_1_4' title="bbox 253 271 1705 327; baseline 0.004 -15"><span class='ocrx_word' id='word_1_27' title='bbox 253 272 472 312; x_wconf 85' lang='lat' dir='ltr'>convento.</span> <span class='ocrx_word' id='word_1_28' title='bbox 530 271 607 311; x_wconf 84' lang='lat' dir='ltr'>Est</span> <span class='ocrx_word' id='word_1_29' title='bbox 643 272 833 324; x_wconf 83' lang='lat' dir='ltr'>profecto</span> <span class='ocrx_word' id='word_1_30' title='bbox 870 274 1013 313; x_wconf 87' lang='lat' dir='ltr'>neseio</span> <span class='ocrx_word' id='word_1_31' title='bbox 1051 273 1175 324; x_wconf 77' lang='lat' dir='ltr'>quidx</span> <span class='ocrx_word' id='word_1_32' title='bbox 1211 275 1285 315; x_wconf 85' lang='lat' dir='ltr'>sed</span> <span class='ocrx_word' id='word_1_33' title='bbox 1321 276 1447 316; x_wconf 87' lang='lat' dir='ltr'>velim</span> <span class='ocrx_word' id='word_1_34' title='bbox 1475 289 1602 327; x_wconf 85' lang='lat' dir='ltr'>quam</span> <span class='ocrx_word' id='word_1_35' title='bbox 1629 278 1705 319; x_wconf 90' lang='lat' dir='ltr'>mi-</span> 
     </span>
     <span class='ocr_line' id='line_1_5' title="bbox 255 327 1705 375; baseline 0.006 -8"><span class='ocrx_word' id='word_1_36' title='bbox 255 327 380 368; x_wconf 87' lang='lat' dir='ltr'>nimo.</span> <span class='ocrx_word' id='word_1_37' title='bbox 437 327 494 368; x_wconf 78' lang='lat' dir='ltr'>Et</span> <span class='ocrx_word' id='word_1_38' title='bbox 520 330 661 368; x_wconf 84' lang='lat' dir='ltr'>tamen</span> <span class='ocrx_word' id='word_1_39' title='bbox 691 340 787 368; x_wconf 92' lang='lat' dir='ltr'>eum</span> <span class='ocrx_word' id='word_1_40' title='bbox 815 330 997 370; x_wconf 89' lang='lat' dir='ltr'>nondum</span> <span class='ocrx_word' id='word_1_41' title='bbox 1025 330 1183 371; x_wconf 84' lang='lat' dir='ltr'><strong>redisse</strong></span> <span class='ocrx_word' id='word_1_42' title='bbox 1212 331 1421 373; x_wconf 85' lang='lat' dir='ltr'><strong>miramur.</strong></span> <span class='ocrx_word' id='word_1_43' title='bbox 1480 333 1563 374; x_wconf 86' lang='lat' dir='ltr'>Sed</span> <span class='ocrx_word' id='word_1_44' title='bbox 1599 333 1705 375; x_wconf 86' lang='lat' dir='ltr'>haee</span> 
     </span>
    </p>

    <p class='ocr_par' dir='ltr' id='par_1_3' title="bbox 177 383 1707 722">
     <span class='ocr_line' id='line_1_6' title="bbox 177 383 1706 438; baseline 0.002 -10"><span class='ocrx_word' id='word_1_45' title='bbox 177 385 235 428; x_wconf 82' lang='lat'>12</span> <span class='ocrx_word' id='word_1_46' title='bbox 257 383 504 426; x_wconf 88' lang='lat' dir='ltr'>videbimus.</span> <span class='ocrx_word' id='word_1_47' title='bbox 560 386 626 426; x_wconf 83' lang='lat' dir='ltr'>Tu</span> <span class='ocrx_word' id='word_1_48' title='bbox 664 385 821 438; x_wconf 83' lang='lat' dir='ltr'>Oppios</span> <span class='ocrx_word' id='word_1_49' title='bbox 859 387 1085 428; x_wconf 83' lang='lat' dir='ltr'>Terentiae</span> <span class='ocrx_word' id='word_1_50' title='bbox 1125 387 1256 431; x_wconf 82' lang='lat' dir='ltr'>dabis.</span> <span class='ocrx_word' id='word_1_51' title='bbox 1313 390 1402 430; x_wconf 91' lang='lat' dir='ltr'>Iam</span> <span class='ocrx_word' id='word_1_52' title='bbox 1441 389 1550 430; x_wconf 91' lang='lat' dir='ltr'>enim</span> <span class='ocrx_word' id='word_1_53' title='bbox 1587 389 1706 431; x_wconf 87' lang='lat' dir='ltr'>urbis</span> 
     </span>
     <span class='ocr_line' id='line_1_7' title="bbox 255 442 1705 500; baseline 0.006 -20"><span class='ocrx_word' id='word_1_54' title='bbox 255 453 386 482; x_wconf 87' lang='lat' dir='ltr'>unum</span> <span class='ocrx_word' id='word_1_55' title='bbox 414 442 651 493; x_wconf 84' lang='lat' dir='ltr'>periculum</span> <span class='ocrx_word' id='word_1_56' title='bbox 691 444 766 484; x_wconf 85' lang='lat' dir='ltr'>est.</span> <span class='ocrx_word' id='word_1_57' title='bbox 824 443 894 483; x_wconf 90' lang='lat' dir='ltr'>Me</span> <span class='ocrx_word' id='word_1_58' title='bbox 934 446 1072 484; x_wconf 80' lang='lat' dir='ltr'>tamen</span> <span class='ocrx_word' id='word_1_59' title='bbox 1102 446 1278 486; x_wconf 84' lang='lat' dir='ltr'>consilio</span> <span class='ocrx_word' id='word_1_60' title='bbox 1306 446 1427 498; x_wconf 86' lang='lat' dir='ltr'>iuva,</span> <span class='ocrx_word' id='word_1_61' title='bbox 1474 445 1705 500; x_wconf 89' lang='lat' dir='ltr'>pedibusue</span> 
     </span>
     <span class='ocr_line' id='line_1_8' title="bbox 255 498 1707 556; baseline 0.005 -18"><span class='ocrx_word' id='word_1_62' title='bbox 255 498 488 552; x_wconf 82' lang='lat' dir='ltr'>Rhegium,</span> <span class='ocrx_word' id='word_1_63' title='bbox 535 512 588 540; x_wconf 85' lang='lat' dir='ltr'>an</span> <span class='ocrx_word' id='word_1_64' title='bbox 618 499 718 540; x_wconf 86' lang='lat' dir='ltr'>hinc</span> <span class='ocrx_word' id='word_1_65' title='bbox 754 500 894 540; x_wconf 82' lang='lat' dir='ltr'>statim</span> <span class='ocrx_word' id='word_1_66' title='bbox 922 500 967 540; x_wconf 90' lang='lat' dir='ltr'>in</span> <span class='ocrx_word' id='word_1_67' title='bbox 993 513 1142 543; x_wconf 86' lang='lat' dir='ltr'>navem</span> <span class='ocrx_word' id='word_1_68' title='bbox 1173 502 1203 553; x_wconf 82' lang='lat'><em>†</em></span> <span class='ocrx_word' id='word_1_69' title='bbox 1234 504 1276 542; x_wconf 81' lang='lat' dir='ltr'>et</span> <span class='ocrx_word' id='word_1_70' title='bbox 1306 505 1470 555; x_wconf 82' lang='lat' dir='ltr'>cetera,</span> <span class='ocrx_word' id='word_1_71' title='bbox 1510 505 1707 556; x_wconf 84' lang='lat' dir='ltr'>quoniam</span> 
     </span>
     <span class='ocr_line' id='line_1_9' title="bbox 256 555 1706 611; baseline 0.005 -16"><span class='ocrx_word' id='word_1_72' title='bbox 256 567 506 598; x_wconf 83' lang='lat' dir='ltr'>commoror.</span> <span class='ocrx_word' id='word_1_73' title='bbox 563 557 652 609; x_wconf 81' lang='lat' dir='ltr'>Ego</span> <span class='ocrx_word' id='word_1_74' title='bbox 683 555 735 596; x_wconf 88' lang='lat' dir='ltr'>ad</span> <span class='ocrx_word' id='word_1_75' title='bbox 765 558 806 597; x_wconf 85' lang='lat' dir='ltr'>te</span> <span class='ocrx_word' id='word_1_76' title='bbox 836 557 975 598; x_wconf 86' lang='lat' dir='ltr'>statim</span> <span class='ocrx_word' id='word_1_77' title='bbox 1003 557 1166 599; x_wconf 83' lang='lat' dir='ltr'>habebo</span> <span class='ocrx_word' id='word_1_78' title='bbox 1195 559 1307 611; x_wconf 88' lang='lat' dir='ltr'>quod</span> <span class='ocrx_word' id='word_1_79' title='bbox 1334 559 1538 609; x_wconf 88' lang='lat' dir='ltr'>scribam,</span> <span class='ocrx_word' id='word_1_80' title='bbox 1582 561 1706 602; x_wconf 89' lang='lat' dir='ltr'>simul</span> 
     </span>
     <span class='ocr_line' id='line_1_10' title="bbox 254 612 1706 670; baseline 0.005 -18"><span class='ocrx_word' id='word_1_81' title='bbox 254 613 300 652; x_wconf 85' lang='lat' dir='ltr'>et</span> <span class='ocrx_word' id='word_1_82' title='bbox 326 612 472 654; x_wconf 83' lang='lat' dir='ltr'>videro</span> <span class='ocrx_word' id='word_1_83' title='bbox 502 612 742 654; x_wconf 88' lang='lat' dir='ltr'>Curionem.</span> <span class='ocrx_word' id='word_1_84' title='bbox 800 613 864 653; x_wconf 93' lang='lat' dir='ltr'>De</span> <span class='ocrx_word' id='word_1_85' title='bbox 894 614 1049 655; x_wconf 85' lang='lat' dir='ltr'>Tirone</span> <span class='ocrx_word' id='word_1_86' title='bbox 1079 627 1203 666; x_wconf 86' lang='lat' dir='ltr'>cura,</span> <span class='ocrx_word' id='word_1_87' title='bbox 1235 628 1418 670; x_wconf 84' lang='lat' dir='ltr'>quaeso,</span> <span class='ocrx_word' id='word_1_88' title='bbox 1448 617 1559 669; x_wconf 84' lang='lat' dir='ltr'>quod</span> <span class='ocrx_word' id='word_1_89' title='bbox 1584 618 1706 668; x_wconf 71' lang='lat' dir='ltr'>faciS,</span> 
     </span>
     <span class='ocr_line' id='line_1_11' title="bbox 255 669 834 722; baseline 0.002 -13"><span class='ocrx_word' id='word_1_90' title='bbox 255 670 305 709; x_wconf 83' lang='lat' dir='ltr'>ut</span> <span class='ocrx_word' id='word_1_91' title='bbox 332 670 486 721; x_wconf 89' lang='lat' dir='ltr'>seiam,</span> <span class='ocrx_word' id='word_1_92' title='bbox 527 669 629 720; x_wconf 87' lang='lat' dir='ltr'>quid</span> <span class='ocrx_word' id='word_1_93' title='bbox 658 670 695 710; x_wconf 90' lang='lat' dir='ltr'>is</span> <span class='ocrx_word' id='word_1_94' title='bbox 727 671 834 722; x_wconf 83' lang='lat' dir='ltr'>agat.</span> 
     </span>
    </p>
   </div>
   <div class='ocr_carea' id='block_1_3' title="bbox 253 791 1722 2498">
    <p class='ocr_par' dir='ltr' id='par_1_4' title="bbox 253 791 1722 2498">
     <span class='ocr_line' id='line_1_12' title="bbox 254 791 1708 837; baseline 0.001 -11"><span class='ocrx_word' id='word_1_95' title='bbox 254 792 391 826; x_wconf 81' lang='lat' dir='ltr'>afferre</span> <span class='ocrx_word' id='word_1_96' title='bbox 420 791 577 836; x_wconf 83' lang='lat' dir='ltr'>possint.</span> <span class='ocrx_word' id='word_1_97' title='bbox 614 791 720 826; x_wconf 86' lang='lat' dir='ltr'>SCH.</span> <span class='ocrx_word' id='word_1_98' title='bbox 760 809 805 816; x_wconf 88' lang='lat'>—</span> <span class='ocrx_word' id='word_1_99' title='bbox 853 792 971 827; x_wconf 79' lang='lat' dir='ltr'>Quam</span> <span class='ocrx_word' id='word_1_100' title='bbox 1001 793 1106 836; x_wconf 79' lang='lat' dir='ltr'>cupio</span> <span class='ocrx_word' id='word_1_101' title='bbox 1138 793 1260 837; x_wconf 77' lang='lat' dir='ltr'>illum,</span> <span class='ocrx_word' id='word_1_102' title='bbox 1304 795 1479 830; x_wconf 79' lang='lat' dir='ltr'>Quintum</span> <span class='ocrx_word' id='word_1_103' title='bbox 1510 794 1640 829; x_wconf 88' lang='lat' dir='ltr'>filium.</span> <span class='ocrx_word' id='word_1_104' title='bbox 1665 812 1708 819; x_wconf 91' lang='lat'>-·</span> 
     </span>
     <span class='ocr_line' id='line_1_13' title="bbox 253 838 1710 886; baseline 0.001 -14"><span class='ocrx_word' id='word_1_105' title='bbox 253 838 391 882; x_wconf 80' lang='lat' dir='ltr'>invito,</span> <span class='ocrx_word' id='word_1_106' title='bbox 416 839 440 880; x_wconf 88' lang='lat'><em>†</em></span> <span class='ocrx_word' id='word_1_107' title='bbox 465 849 555 883; x_wconf 82' lang='lat' dir='ltr'>quae</span> <span class='ocrx_word' id='word_1_108' title='bbox 575 849 645 882; x_wconf 82' lang='lat' dir='ltr'>pro</span> <span class='ocrx_word' id='word_1_109' title='bbox 671 838 738 870; x_wconf 80' lang='lat' dir='ltr'>illo</span> <span class='ocrx_word' id='word_1_110' title='bbox 762 840 812 871; x_wconf 79' lang='lat' dir='ltr'>sit</span> <span class='ocrx_word' id='word_1_111' title='bbox 833 839 1100 882; x_wconf 75' lang='lat' dir='ltr'>suspicandum.</span> <span class='ocrx_word' id='word_1_112' title='bbox 1131 839 1255 874; x_wconf 90' lang='lat' dir='ltr'>Locus</span> <span class='ocrx_word' id='word_1_113' title='bbox 1270 848 1481 886; x_wconf 84' lang='lat' dir='ltr'>corruptus.</span> <span class='ocrx_word' id='word_1_114' title='bbox 1508 841 1593 876; x_wconf 88' lang='lat' dir='ltr'>Sch.</span> <span class='ocrx_word' id='word_1_115' title='bbox 1611 840 1710 875; x_wconf 89' lang='lat' dir='ltr'>coni.</span> 
     </span>
     <span class='ocr_line' id='line_1_14' title="bbox 253 883 1712 931; baseline 0.001 -13"><span class='ocrx_word' id='word_1_116' title='bbox 253 883 348 918; x_wconf 81' lang='lat' dir='ltr'>Li&#39;m.</span> <span class='ocrx_word' id='word_1_117' title='bbox 381 884 459 928; x_wconf 82' lang='lat' dir='ltr'>ipse</span> <span class='ocrx_word' id='word_1_118' title='bbox 482 895 537 917; x_wconf 83' lang='lat' dir='ltr'>me</span> <span class='ocrx_word' id='word_1_119' title='bbox 563 884 677 917; x_wconf 79' lang='lat' dir='ltr'>invito</span> <span class='ocrx_word' id='word_1_120' title='bbox 710 883 750 926; x_wconf 84' lang='lat' dir='ltr'>(i.</span> <span class='ocrx_word' id='word_1_121' title='bbox 776 895 810 918; x_wconf 89' lang='lat' dir='ltr'>e.</span> <span class='ocrx_word' id='word_1_122' title='bbox 837 885 1060 928; x_wconf 88' lang='lat' dir='ltr'>exhortor),</span> <span class='ocrx_word' id='word_1_123' title='bbox 1098 896 1142 919; x_wconf 80' lang='lat' dir='ltr'>ne</span> <span class='ocrx_word' id='word_1_124' title='bbox 1172 887 1259 931; x_wconf 80' lang='lat' dir='ltr'>quid</span> <span class='ocrx_word' id='word_1_125' title='bbox 1278 891 1401 930; x_wconf 78' lang='lat' dir='ltr'>putem</span> <span class='ocrx_word' id='word_1_126' title='bbox 1436 889 1479 921; x_wconf 80' lang='lat' dir='ltr'>de</span> <span class='ocrx_word' id='word_1_127' title='bbox 1503 887 1569 920; x_wconf 84' lang='lat' dir='ltr'>illo</span> <span class='ocrx_word' id='word_1_128' title='bbox 1593 887 1712 930; x_wconf 82' lang='lat' dir='ltr'>suspi-</span> 
     </span>
     <span class='ocr_line' id='line_1_15' title="bbox 254 929 1712 977; baseline 0.001 -12"><span class='ocrx_word' id='word_1_129' title='bbox 254 930 408 965; x_wconf 78' lang='lat' dir='ltr'>eandum</span> <span class='ocrx_word' id='word_1_130' title='bbox 433 933 495 973; x_wconf 86' lang='lat' dir='ltr'>(ne</span> <span class='ocrx_word' id='word_1_131' title='bbox 520 930 609 974; x_wconf 90' lang='lat' dir='ltr'>quid</span> <span class='ocrx_word' id='word_1_132' title='bbox 635 930 740 964; x_wconf 88' lang='lat' dir='ltr'>illum</span> <span class='ocrx_word' id='word_1_133' title='bbox 764 929 876 975; x_wconf 86' lang='lat' dir='ltr'>impie</span> <span class='ocrx_word' id='word_1_134' title='bbox 900 930 1077 965; x_wconf 77' lang='lat' dir='ltr'>adversus</span> <span class='ocrx_word' id='word_1_135' title='bbox 1102 942 1159 965; x_wconf 92' lang='lat' dir='ltr'>me</span> <span class='ocrx_word' id='word_1_136' title='bbox 1184 932 1326 966; x_wconf 83' lang='lat' dir='ltr'>dixisse</span> <span class='ocrx_word' id='word_1_137' title='bbox 1350 939 1411 966; x_wconf 87' lang='lat' dir='ltr'>aut</span> <span class='ocrx_word' id='word_1_138' title='bbox 1434 932 1567 967; x_wconf 81' lang='lat' dir='ltr'>fecisse</span> <span class='ocrx_word' id='word_1_139' title='bbox 1591 933 1712 977; x_wconf 85' lang='lat' dir='ltr'>suspi-</span> 
     </span>
     <span class='ocr_line' id='line_1_16' title="bbox 254 976 1713 1023; baseline 0.001 -12"><span class='ocrx_word' id='word_1_140' title='bbox 254 976 410 1011; x_wconf 80' lang='lat' dir='ltr'>candum</span> <span class='ocrx_word' id='word_1_141' title='bbox 434 978 589 1020; x_wconf 88' lang='lat' dir='ltr'>putem).</span> <span class='ocrx_word' id='word_1_142' title='bbox 638 976 697 1010; x_wconf 85' lang='lat' dir='ltr'>Ad</span> <span class='ocrx_word' id='word_1_143' title='bbox 723 976 943 1011; x_wconf 86' lang='lat' dir='ltr'>sententiam</span> <span class='ocrx_word' id='word_1_144' title='bbox 965 987 1087 1020; x_wconf 81' lang='lat' dir='ltr'>recte;</span> <span class='ocrx_word' id='word_1_145' title='bbox 1120 978 1187 1012; x_wconf 88' lang='lat' dir='ltr'>sed</span> <span class='ocrx_word' id='word_1_146' title='bbox 1213 978 1310 1012; x_wconf 88' lang='lat' dir='ltr'>haud</span> <span class='ocrx_word' id='word_1_147' title='bbox 1334 978 1596 1023; x_wconf 83' lang='lat' dir='ltr'>probabiliter.</span> <span class='ocrx_word' id='word_1_148' title='bbox 1632 979 1713 1013; x_wconf 86' lang='lat' dir='ltr'>Ma-</span> 
     </span>
     <span class='ocr_line' id='line_1_17' title="bbox 273 1022 1712 1069; baseline 0.001 -13"><span class='ocrx_word' id='word_1_149' title='bbox 273 1022 344 1057; x_wconf 84' lang='lat' dir='ltr'>im:</span> <span class='ocrx_word' id='word_1_150' title='bbox 399 1022 476 1066; x_wconf 75' lang='lat' dir='ltr'>ipse</span> <span class='ocrx_word' id='word_1_151' title='bbox 517 1033 573 1056; x_wconf 83' lang='lat' dir='ltr'>me</span> <span class='ocrx_word' id='word_1_152' title='bbox 611 1022 727 1056; x_wconf 77' lang='lat' dir='ltr'>invito</span> <span class='ocrx_word' id='word_1_153' title='bbox 765 1024 813 1057; x_wconf 82' lang='lat' dir='ltr'>ad</span> <span class='ocrx_word' id='word_1_154' title='bbox 850 1024 923 1066; x_wconf 88' lang='lat' dir='ltr'>(ea)</span> <span class='ocrx_word' id='word_1_155' title='bbox 964 1034 1054 1067; x_wconf 77' lang='lat' dir='ltr'>quae</span> <span class='ocrx_word' id='word_1_156' title='bbox 1090 1035 1158 1068; x_wconf 85' lang='lat' dir='ltr'>pro</span> <span class='ocrx_word' id='word_1_157' title='bbox 1196 1025 1261 1058; x_wconf 80' lang='lat' dir='ltr'>illo</span> <span class='ocrx_word' id='word_1_158' title='bbox 1296 1026 1390 1069; x_wconf 73' lang='lat' dir='ltr'>sint,</span> <span class='ocrx_word' id='word_1_159' title='bbox 1443 1025 1712 1069; x_wconf 80' lang='lat' dir='ltr'>suspicandum.</span> 
     </span>
     <span class='ocr_line' id='line_1_18' title="bbox 257 1067 1713 1115; baseline 0.001 -13"><span class='ocrx_word' id='word_1_160' title='bbox 257 1067 457 1103; x_wconf 80' lang='lat' dir='ltr'>ORELLI.</span> <span class='ocrx_word' id='word_1_161' title='bbox 505 1067 544 1103; x_wconf 88' lang='lat' dir='ltr'>S.</span> <span class='ocrx_word' id='word_1_162' title='bbox 569 1069 721 1103; x_wconf 88' lang='lat' dir='ltr'>Ramsh.</span> <span class='ocrx_word' id='word_1_163' title='bbox 748 1069 779 1111; x_wconf 62' lang='grc' dir='ltr'>ἕ.</span> <span class='ocrx_word' id='word_1_164' title='bbox 797 1070 885 1112; x_wconf 86' lang='grc'><strong>159,</strong></span> <span class='ocrx_word' id='word_1_165' title='bbox 909 1071 954 1113; x_wconf 85' lang='grc'>3,</span> <span class='ocrx_word' id='word_1_166' title='bbox 983 1070 1027 1112; x_wconf 82' lang='lat' dir='ltr'>b,</span> <span class='ocrx_word' id='word_1_167' title='bbox 1054 1070 1139 1104; x_wconf 86' lang='lat' dir='ltr'>Not.</span> <span class='ocrx_word' id='word_1_168' title='bbox 1175 1090 1220 1096; x_wconf 92' lang='lat'><strong>—</strong></span> <span class='ocrx_word' id='word_1_169' title='bbox 1266 1071 1338 1105; x_wconf 85' lang='lat' dir='ltr'>Sed</span> <span class='ocrx_word' id='word_1_170' title='bbox 1362 1082 1460 1115; x_wconf 78' lang='lat' dir='ltr'>opus.</span> <span class='ocrx_word' id='word_1_171' title='bbox 1501 1071 1621 1106; x_wconf 86' lang='lat' dir='ltr'>delev.</span> <span class='ocrx_word' id='word_1_172' title='bbox 1651 1071 1713 1104; x_wconf 84' lang='lat' dir='ltr'>sed</span> 
     </span>
     <span class='ocr_line' id='line_1_19' title="bbox 255 1114 1714 1161; baseline 0.001 -12"><span class='ocrx_word' id='word_1_173' title='bbox 255 1114 344 1150; x_wconf 80' lang='lat' dir='ltr'>sch.</span> <span class='ocrx_word' id='word_1_174' title='bbox 382 1114 440 1148; x_wconf 90' lang='lat' dir='ltr'>ed.</span> <span class='ocrx_word' id='word_1_175' title='bbox 473 1114 560 1148; x_wconf 89' lang='lat' dir='ltr'>min.</span> <span class='ocrx_word' id='word_1_176' title='bbox 610 1114 782 1149; x_wconf 84' lang='lat' dir='ltr'>Mallem:</span> <span class='ocrx_word' id='word_1_177' title='bbox 828 1115 922 1159; x_wconf 82' lang='lat' dir='ltr'>Opus</span> <span class='ocrx_word' id='word_1_178' title='bbox 951 1116 1039 1159; x_wconf 78' lang='lat' dir='ltr'>quid</span> <span class='ocrx_word' id='word_1_179' title='bbox 1072 1117 1142 1158; x_wconf 79' lang='lat' dir='ltr'>suit</span> <span class='ocrx_word' id='word_1_180' title='bbox 1166 1117 1213 1150; x_wconf 88' lang='lat' dir='ltr'>H.</span> <span class='ocrx_word' id='word_1_181' title='bbox 1241 1118 1440 1151; x_wconf 73' lang='lat' dir='ltr'>convento?</span> <span class='ocrx_word' id='word_1_182' title='bbox 1486 1118 1573 1161; x_wconf 79' lang='lat' dir='ltr'>quid</span> <span class='ocrx_word' id='word_1_183' title='bbox 1602 1117 1714 1151; x_wconf 83' lang='lat' dir='ltr'>facile</span> 
     </span>
     <span class='ocr_line' id='line_1_20' title="bbox 255 1160 1713 1206; baseline 0.001 -11"><span class='ocrx_word' id='word_1_184' title='bbox 255 1160 437 1196; x_wconf 79' lang='lat' dir='ltr'>excidere</span> <span class='ocrx_word' id='word_1_185' title='bbox 462 1167 609 1206; x_wconf 84' lang='lat' dir='ltr'>poterat</span> <span class='ocrx_word' id='word_1_186' title='bbox 634 1167 717 1196; x_wconf 86' lang='lat' dir='ltr'>ante</span> <span class='ocrx_word' id='word_1_187' title='bbox 743 1160 866 1195; x_wconf 89' lang='lat' dir='ltr'>simile</span> <span class='ocrx_word' id='word_1_188' title='bbox 890 1173 924 1196; x_wconf 89' lang='lat' dir='ltr'>v.</span> <span class='ocrx_word' id='word_1_189' title='bbox 949 1162 1031 1203; x_wconf 81' lang='lat' dir='ltr'>fuit.</span> <span class='ocrx_word' id='word_1_190' title='bbox 1060 1162 1255 1196; x_wconf 86' lang='lat' dir='ltr'>ORELLI.</span> <span class='ocrx_word' id='word_1_191' title='bbox 1292 1164 1421 1206; x_wconf 84' lang='lat' dir='ltr'>„Aber</span> <span class='ocrx_word' id='word_1_192' title='bbox 1444 1173 1521 1197; x_wconf 79' lang='lat' dir='ltr'>was</span> <span class='ocrx_word' id='word_1_193' title='bbox 1547 1163 1647 1197; x_wconf 88' lang='lat' dir='ltr'>hatte</span> <span class='ocrx_word' id='word_1_194' title='bbox 1671 1174 1713 1196; x_wconf 90' lang='lat' dir='ltr'>er</span> 
     </span>
     <span class='ocr_line' id='line_1_21' title="bbox 254 1207 1713 1253; baseline 0.001 -12"><span class='ocrx_word' id='word_1_195' title='bbox 254 1207 389 1251; x_wconf 73' lang='lat' dir='ltr'>nothig</span> <span class='ocrx_word' id='word_1_196' title='bbox 419 1207 484 1241; x_wconf 91' lang='lat' dir='ltr'>mit</span> <span class='ocrx_word' id='word_1_197' title='bbox 510 1208 656 1243; x_wconf 83' lang='lat' dir='ltr'>Hirtius</span> <span class='ocrx_word' id='word_1_198' title='bbox 688 1217 898 1241; x_wconf 86' lang='lat' dir='ltr'>zusammen</span> <span class='ocrx_word' id='word_1_199' title='bbox 929 1218 975 1241; x_wconf 90' lang='lat' dir='ltr'>zu</span> <span class='ocrx_word' id='word_1_200' title='bbox 1007 1207 1226 1241; x_wconf 66' lang='lat' dir='ltr'>kommen3”</span> <span class='ocrx_word' id='word_1_201' title='bbox 1276 1207 1316 1242; x_wconf 91' lang='lat' dir='ltr'>S.</span> <span class='ocrx_word' id='word_1_202' title='bbox 1342 1209 1492 1242; x_wconf 89' lang='lat' dir='ltr'>Ramsh.</span> <span class='ocrx_word' id='word_1_203' title='bbox 1520 1210 1652 1253; x_wconf 80' lang='lat'>§.144‚</span> <span class='ocrx_word' id='word_1_204' title='bbox 1677 1209 1713 1252; x_wconf 83' lang='lat'>2,</span> 
     </span>
     <span class='ocr_line' id='line_1_22' title="bbox 253 1253 1714 1298; baseline 0.001 -11"><span class='ocrx_word' id='word_1_205' title='bbox 253 1253 343 1292; x_wconf 83' lang='lat' dir='ltr'>Not.</span> <span class='ocrx_word' id='word_1_206' title='bbox 368 1255 404 1289; x_wconf 80' lang='lat'>3.</span> <span class='ocrx_word' id='word_1_207' title='bbox 456 1253 600 1288; x_wconf 87' lang='lat' dir='ltr'>Grotef.</span> <span class='ocrx_word' id='word_1_208' title='bbox 627 1254 654 1296; x_wconf 81' lang='lat'>§.</span> <span class='ocrx_word' id='word_1_209' title='bbox 673 1254 762 1296; x_wconf 85' lang='lat'>257,</span> <span class='ocrx_word' id='word_1_210' title='bbox 796 1255 830 1288; x_wconf 87' lang='lat'>3.</span> <span class='ocrx_word' id='word_1_211' title='bbox 855 1272 899 1278; x_wconf 88' lang='lat'>—</span> <span class='ocrx_word' id='word_1_212' title='bbox 948 1253 1013 1287; x_wconf 80' lang='lat' dir='ltr'>Est</span> <span class='ocrx_word' id='word_1_213' title='bbox 1033 1255 1133 1297; x_wconf 81' lang='lat' dir='ltr'>prof.</span> <span class='ocrx_word' id='word_1_214' title='bbox 1163 1279 1190 1288; x_wconf 90' lang='lat'>..</span> <span class='ocrx_word' id='word_1_215' title='bbox 1215 1253 1302 1297; x_wconf 78' lang='lat' dir='ltr'>quid</span> <span class='ocrx_word' id='word_1_216' title='bbox 1327 1260 1421 1297; x_wconf 88' lang='lat' dir='ltr'>cet.,</span> <span class='ocrx_word' id='word_1_217' title='bbox 1457 1255 1603 1298; x_wconf 89' lang='lat' dir='ltr'>Etwas‚</span> <span class='ocrx_word' id='word_1_218' title='bbox 1634 1265 1714 1289; x_wconf 80' lang='lat' dir='ltr'>was</span> 
     </span>
     <span class='ocr_line' id='line_1_23' title="bbox 255 1299 1715 1344; baseline 0.001 -11"><span class='ocrx_word' id='word_1_219' title='bbox 255 1310 297 1334; x_wconf 87' lang='lat' dir='ltr'>es</span> <span class='ocrx_word' id='word_1_220' title='bbox 331 1299 425 1333; x_wconf 88' lang='lat' dir='ltr'>auch</span> <span class='ocrx_word' id='word_1_221' title='bbox 455 1299 530 1343; x_wconf 86' lang='lat' dir='ltr'>sei,</span> <span class='ocrx_word' id='word_1_222' title='bbox 570 1299 691 1333; x_wconf 88' lang='lat' dir='ltr'>steckt</span> <span class='ocrx_word' id='word_1_223' title='bbox 725 1299 917 1343; x_wconf 84' lang='lat' dir='ltr'>dahinter;</span> <span class='ocrx_word' id='word_1_224' title='bbox 951 1318 995 1323; x_wconf 92' lang='lat'>—</span> <span class='ocrx_word' id='word_1_225' title='bbox 1042 1310 1150 1344; x_wconf 80' lang='lat' dir='ltr'>quam</span> <span class='ocrx_word' id='word_1_226' title='bbox 1172 1300 1382 1343; x_wconf 80' lang='lat' dir='ltr'>minimum,</span> <span class='ocrx_word' id='word_1_227' title='bbox 1423 1301 1558 1334; x_wconf 76' lang='lat' dir='ltr'>mocht’</span> <span class='ocrx_word' id='word_1_228' title='bbox 1581 1312 1621 1335; x_wconf 90' lang='lat' dir='ltr'>es</span> <span class='ocrx_word' id='word_1_229' title='bbox 1644 1311 1715 1334; x_wconf 89' lang='lat' dir='ltr'>nur</span> 
     </span>
     <span class='ocr_line' id='line_1_24' title="bbox 253 1345 1715 1390; baseline 0 -10"><span class='ocrx_word' id='word_1_230' title='bbox 253 1345 385 1380; x_wconf 79' lang='lat' dir='ltr'>Etwas</span> <span class='ocrx_word' id='word_1_231' title='bbox 423 1355 517 1389; x_wconf 85' lang='lat' dir='ltr'>ganz</span> <span class='ocrx_word' id='word_1_232' title='bbox 559 1345 863 1380; x_wconf 86' lang='lat' dir='ltr'>unbedeutendes</span> <span class='ocrx_word' id='word_1_233' title='bbox 902 1345 995 1379; x_wconf 87' lang='lat' dir='ltr'>sein.</span> <span class='ocrx_word' id='word_1_234' title='bbox 1043 1356 1150 1390; x_wconf 80' lang='lat' dir='ltr'>quam</span> <span class='ocrx_word' id='word_1_235' title='bbox 1184 1345 1346 1378; x_wconf 82' lang='lat' dir='ltr'>minimo.</span> <span class='ocrx_word' id='word_1_236' title='bbox 1389 1345 1594 1390; x_wconf 87' lang='lat' dir='ltr'>Supplent:</span> <span class='ocrx_word' id='word_1_237' title='bbox 1632 1347 1715 1381; x_wconf 84' lang='lat' dir='ltr'>scil.</span> 
     </span>
     <span class='ocr_line' id='line_1_25' title="bbox 253 1391 1716 1436; baseline 0.001 -11"><span class='ocrx_word' id='word_1_238' title='bbox 253 1391 353 1425; x_wconf 85' lang='lat' dir='ltr'>malo</span> <span class='ocrx_word' id='word_1_239' title='bbox 379 1391 534 1436; x_wconf 82' lang='lat' dir='ltr'>defungi</span> <span class='ocrx_word' id='word_1_240' title='bbox 559 1392 746 1436; x_wconf 73' lang='lat' dir='ltr'>(mdchten</span> <span class='ocrx_word' id='word_1_241' title='bbox 761 1391 834 1425; x_wconf 87' lang='lat' dir='ltr'>wir</span> <span class='ocrx_word' id='word_1_242' title='bbox 858 1402 928 1425; x_wconf 90' lang='lat' dir='ltr'>nur</span> <span class='ocrx_word' id='word_1_243' title='bbox 942 1391 1141 1434; x_wconf 75' lang='lat' dir='ltr'>moglichst</span> <span class='ocrx_word' id='word_1_244' title='bbox 1154 1392 1323 1426; x_wconf 79' lang='lat' dir='ltr'>wohlfeil</span> <span class='ocrx_word' id='word_1_245' title='bbox 1349 1392 1415 1426; x_wconf 89' lang='lat' dir='ltr'>od.</span> <span class='ocrx_word' id='word_1_246' title='bbox 1434 1392 1530 1426; x_wconf 86' lang='lat' dir='ltr'>ohne</span> <span class='ocrx_word' id='word_1_247' title='bbox 1544 1392 1716 1427; x_wconf 87' lang='lat' dir='ltr'>Schaden</span> 
     </span>
     <span class='ocr_line' id='line_1_26' title="bbox 255 1436 1715 1482; baseline 0.002 -11"><span class='ocrx_word' id='word_1_248' title='bbox 255 1436 369 1475; x_wconf 84' lang='lat' dir='ltr'>dabei</span> <span class='ocrx_word' id='word_1_249' title='bbox 393 1438 684 1482; x_wconf 75' lang='lat' dir='ltr'>wegkommen),</span> <span class='ocrx_word' id='word_1_250' title='bbox 722 1438 912 1473; x_wconf 82' lang='lat' dir='ltr'>minimum</span> <span class='ocrx_word' id='word_1_251' title='bbox 936 1437 1065 1473; x_wconf 89' lang='lat' dir='ltr'>Lamb.</span> <span class='ocrx_word' id='word_1_252' title='bbox 1106 1438 1251 1472; x_wconf 84' lang='lat' dir='ltr'>Rursus</span> <span class='ocrx_word' id='word_1_253' title='bbox 1277 1437 1364 1473; x_wconf 85' lang='lat' dir='ltr'>Sch.</span> <span class='ocrx_word' id='word_1_254' title='bbox 1391 1438 1489 1473; x_wconf 88' lang='lat' dir='ltr'>coni.</span> <span class='ocrx_word' id='word_1_255' title='bbox 1512 1439 1605 1473; x_wconf 75' lang='lat' dir='ltr'>Lun.</span> <span class='ocrx_word' id='word_1_256' title='bbox 1640 1438 1715 1474; x_wconf 70' lang='grc' dir='ltr'>ΟΒ.</span> 
     </span>
     <span class='ocr_line' id='line_1_27' title="bbox 254 1484 1693 1524; baseline 0.006 -9"><span class='ocrx_word' id='word_1_257' title='bbox 254 1501 301 1515; x_wconf 69' lang='grc' dir='ltr'>ι-,,-</span> <span class='ocrx_word' id='word_1_258' title='bbox 336 1494 433 1521; x_wconf 76' lang='lat' dir='ltr'>eum,</span> <span class='ocrx_word' id='word_1_259' title='bbox 467 1484 596 1520; x_wconf 75' lang='lat' dir='ltr'>Quinti</span> <span class='ocrx_word' id='word_1_260' title='bbox 622 1484 753 1521; x_wconf 84' lang='lat' dir='ltr'>filium.</span> <span class='ocrx_word' id='word_1_261' title='bbox 1685 1513 1693 1524; x_wconf 44' lang='grc' dir='ltr'><em>Ι</em></span> 
     </span>
     <span class='ocr_line' id='line_1_28' title="bbox 346 1529 1719 1577; baseline 0.001 -14"><span class='ocrx_word' id='word_1_262' title='bbox 346 1530 403 1567; x_wconf 88' lang='grc'>12.</span> <span class='ocrx_word' id='word_1_263' title='bbox 438 1530 593 1577; x_wconf 72' lang='lat' dir='ltr'>Oppios,</span> <span class='ocrx_word' id='word_1_264' title='bbox 619 1531 666 1564; x_wconf 90' lang='lat' dir='ltr'>de</span> <span class='ocrx_word' id='word_1_265' title='bbox 693 1531 828 1574; x_wconf 85' lang='lat' dir='ltr'>quibus</span> <span class='ocrx_word' id='word_1_266' title='bbox 854 1541 909 1575; x_wconf 88' lang='lat' dir='ltr'>ep.</span> <span class='ocrx_word' id='word_1_267' title='bbox 928 1532 1015 1573; x_wconf 85' lang='lat'>330,</span> <span class='ocrx_word' id='word_1_268' title='bbox 1040 1533 1074 1573; x_wconf 87' lang='grc'>3,</span> <span class='ocrx_word' id='word_1_269' title='bbox 1097 1531 1298 1566; x_wconf 75' lang='lat' dir='ltr'>Terentiae</span> <span class='ocrx_word' id='word_1_270' title='bbox 1322 1529 1561 1574; x_wconf 83' lang='lat' dir='ltr'>conciliabis,</span> <span class='ocrx_word' id='word_1_271' title='bbox 1594 1536 1633 1566; x_wconf 87' lang='lat' dir='ltr'>ut</span> <span class='ocrx_word' id='word_1_272' title='bbox 1659 1530 1719 1566; x_wconf 90' lang='lat' dir='ltr'>illi</span> 
     </span>
     <span class='ocr_line' id='line_1_29' title="bbox 255 1576 1717 1622; baseline 0.001 -12"><span class='ocrx_word' id='word_1_273' title='bbox 255 1582 408 1622; x_wconf 81' lang='lat' dir='ltr'>praesto</span> <span class='ocrx_word' id='word_1_274' title='bbox 441 1576 537 1620; x_wconf 88' lang='lat' dir='ltr'>sint,</span> <span class='ocrx_word' id='word_1_275' title='bbox 582 1576 614 1611; x_wconf 90' lang='lat' dir='ltr'>si</span> <span class='ocrx_word' id='word_1_276' title='bbox 646 1576 737 1620; x_wconf 90' lang='lat' dir='ltr'>quid</span> <span class='ocrx_word' id='word_1_277' title='bbox 768 1577 804 1610; x_wconf 87' lang='lat' dir='ltr'>ei</span> <span class='ocrx_word' id='word_1_278' title='bbox 835 1587 929 1621; x_wconf 88' lang='lat' dir='ltr'>opus</span> <span class='ocrx_word' id='word_1_279' title='bbox 959 1577 1019 1610; x_wconf 85' lang='lat' dir='ltr'>sit.</span> <span class='ocrx_word' id='word_1_280' title='bbox 1057 1577 1164 1612; x_wconf 89' lang='lat' dir='ltr'>SCH.</span> <span class='ocrx_word' id='word_1_281' title='bbox 1213 1578 1316 1621; x_wconf 85' lang='lat' dir='ltr'>„Gib</span> <span class='ocrx_word' id='word_1_282' title='bbox 1344 1579 1410 1612; x_wconf 90' lang='lat' dir='ltr'>der</span> <span class='ocrx_word' id='word_1_283' title='bbox 1433 1577 1609 1612; x_wconf 83' lang='lat' dir='ltr'>Terentia</span> <span class='ocrx_word' id='word_1_284' title='bbox 1633 1577 1717 1612; x_wconf 89' lang='lat' dir='ltr'>eine</span> 
     </span>
     <span class='ocr_line' id='line_1_30' title="bbox 256 1621 1718 1668; baseline 0 -11"><span class='ocrx_word' id='word_1_285' title='bbox 256 1621 489 1667; x_wconf 81' lang='lat' dir='ltr'>‘Anweisung</span> <span class='ocrx_word' id='word_1_286' title='bbox 522 1623 588 1656; x_wconf 86' lang='lat' dir='ltr'>aus</span> <span class='ocrx_word' id='word_1_287' title='bbox 619 1623 687 1657; x_wconf 89' lang='lat' dir='ltr'>od.</span> <span class='ocrx_word' id='word_1_288' title='bbox 720 1634 765 1657; x_wconf 89' lang='lat' dir='ltr'>an</span> <span class='ocrx_word' id='word_1_289' title='bbox 797 1622 858 1656; x_wconf 88' lang='lat' dir='ltr'>die</span> <span class='ocrx_word' id='word_1_290' title='bbox 884 1622 1080 1656; x_wconf 84' lang='lat' dir='ltr'>Gebriider</span> <span class='ocrx_word' id='word_1_291' title='bbox 1107 1622 1255 1668; x_wconf 88' lang='lat' dir='ltr'>Oppius</span> <span class='ocrx_word' id='word_1_292' title='bbox 1292 1635 1338 1658; x_wconf 89' lang='lat' dir='ltr'>zu</span> <span class='ocrx_word' id='word_1_293' title='bbox 1363 1624 1511 1659; x_wconf 86' lang='lat' dir='ltr'>Velia.&#39;’</span> <span class='ocrx_word' id='word_1_294' title='bbox 1556 1624 1634 1657; x_wconf 86' lang='lat' dir='ltr'>Auf</span> <span class='ocrx_word' id='word_1_295' title='bbox 1655 1624 1718 1658; x_wconf 89' lang='lat' dir='ltr'>die</span> 
     </span>
     <span class='ocr_line' id='line_1_31' title="bbox 256 1668 1720 1713; baseline 0.001 -11"><span class='ocrx_word' id='word_1_296' title='bbox 256 1668 458 1706; x_wconf 79' lang='lat' dir='ltr'>Weehsler</span> <span class='ocrx_word' id='word_1_297' title='bbox 492 1678 538 1703; x_wconf 90' lang='lat' dir='ltr'>zu</span> <span class='ocrx_word' id='word_1_298' title='bbox 569 1669 665 1703; x_wconf 88' lang='lat' dir='ltr'>Rom</span> <span class='ocrx_word' id='word_1_299' title='bbox 697 1670 848 1713; x_wconf 84' lang='lat' dir='ltr'>glaubte</span> <span class='ocrx_word' id='word_1_300' title='bbox 873 1669 1006 1703; x_wconf 81' lang='lat' dir='ltr'>Cicero</span> <span class='ocrx_word' id='word_1_301' title='bbox 1040 1668 1078 1702; x_wconf 88' lang='lat' dir='ltr'>in</span> <span class='ocrx_word' id='word_1_302' title='bbox 1111 1669 1232 1703; x_wconf 88' lang='lat' dir='ltr'>einem</span> <span class='ocrx_word' id='word_1_303' title='bbox 1265 1680 1306 1703; x_wconf 83' lang='lat' dir='ltr'>so</span> <span class='ocrx_word' id='word_1_304' title='bbox 1332 1669 1588 1713; x_wconf 60' lang='lat' dir='ltr'>gefahrlichen</span> <span class='ocrx_word' id='word_1_305' title='bbox 1616 1669 1720 1703; x_wconf 71' lang='lat' dir='ltr'>Zeit-</span> 
     </span>
     <span class='ocr_line' id='line_1_32' title="bbox 256 1714 1722 1760; baseline 0.001 -12"><span class='ocrx_word' id='word_1_306' title='bbox 256 1720 396 1760; x_wconf 84' lang='lat' dir='ltr'>punete</span> <span class='ocrx_word' id='word_1_307' title='bbox 420 1714 523 1752; x_wconf 85' lang='lat' dir='ltr'>nicht</span> <span class='ocrx_word' id='word_1_308' title='bbox 546 1716 711 1749; x_wconf 87' lang='lat' dir='ltr'>rechnen</span> <span class='ocrx_word' id='word_1_309' title='bbox 737 1726 782 1749; x_wconf 94' lang='lat' dir='ltr'>zu</span> <span class='ocrx_word' id='word_1_310' title='bbox 808 1715 954 1749; x_wconf 82' lang='lat' dir='ltr'>diirfen.</span> <span class='ocrx_word' id='word_1_311' title='bbox 993 1714 1058 1749; x_wconf 87' lang='lat' dir='ltr'>Sic</span> <span class='ocrx_word' id='word_1_312' title='bbox 1084 1715 1185 1750; x_wconf 79' lang='lat' dir='ltr'>vict.</span> <span class='ocrx_word' id='word_1_313' title='bbox 1213 1716 1310 1750; x_wconf 90' lang='lat' dir='ltr'>coni.</span> <span class='ocrx_word' id='word_1_314' title='bbox 1336 1716 1428 1759; x_wconf 90' lang='lat' dir='ltr'>Sqq.</span> <span class='ocrx_word' id='word_1_315' title='bbox 1463 1716 1617 1759; x_wconf 82' lang='lat' dir='ltr'>optimos</span> <span class='ocrx_word' id='word_1_316' title='bbox 1638 1716 1722 1751; x_wconf 64' lang='lat' dir='ltr'>Md!</span> 
     </span>
     <span class='ocr_line' id='line_1_33' title="bbox 258 1761 1718 1806; baseline 0.001 -11"><span class='ocrx_word' id='word_1_317' title='bbox 258 1762 384 1799; x_wconf 81' lang='lat' dir='ltr'>Oxon,</span> <span class='ocrx_word' id='word_1_318' title='bbox 409 1763 440 1799; x_wconf 92' lang='lat'>1.</span> <span class='ocrx_word' id='word_1_319' title='bbox 474 1761 508 1799; x_wconf 83' lang='grc'>2.</span> <span class='ocrx_word' id='word_1_320' title='bbox 544 1762 634 1795; x_wconf 87' lang='lat' dir='ltr'>Asc.</span> <span class='ocrx_word' id='word_1_321' title='bbox 660 1763 693 1795; x_wconf 88' lang='lat'>1.</span> <span class='ocrx_word' id='word_1_322' title='bbox 731 1762 829 1796; x_wconf 84' lang='lat' dir='ltr'>Crat.</span> <span class='ocrx_word' id='word_1_323' title='bbox 879 1761 1002 1804; x_wconf 83' lang='lat' dir='ltr'>Magis</span> <span class='ocrx_word' id='word_1_324' title='bbox 1039 1761 1222 1805; x_wconf 77' lang='lat' dir='ltr'>placeret:</span> <span class='ocrx_word' id='word_1_325' title='bbox 1266 1762 1373 1806; x_wconf 80' lang='lat' dir='ltr'>Oppii</span> <span class='ocrx_word' id='word_1_326' title='bbox 1408 1772 1572 1794; x_wconf 80' lang='lat' dir='ltr'>nummos</span> <span class='ocrx_word' id='word_1_327' title='bbox 1610 1772 1718 1805; x_wconf 86' lang='lat' dir='ltr'>quam</span> 
     </span>
     <span class='ocr_line' id='line_1_34' title="bbox 260 1806 1716 1856; baseline 0.001 -15"><span class='ocrx_word' id='word_1_328' title='bbox 260 1807 394 1856; x_wconf 70' lang='lat' dir='ltr'>Oppio-3</span> <span class='ocrx_word' id='word_1_329' title='bbox 424 1807 528 1852; x_wconf 83' lang='lat' dir='ltr'>ipsos</span> <span class='ocrx_word' id='word_1_330' title='bbox 558 1807 748 1845; x_wconf 77' lang='lat' dir='ltr'>Terentiae</span> <span class='ocrx_word' id='word_1_331' title='bbox 783 1807 898 1841; x_wconf 84' lang='lat' dir='ltr'>dabis.</span> <span class='ocrx_word' id='word_1_332' title='bbox 949 1806 1048 1841; x_wconf 84' lang='lat' dir='ltr'>Mira</span> <span class='ocrx_word' id='word_1_333' title='bbox 1081 1807 1209 1841; x_wconf 85' lang='lat' dir='ltr'>saltem</span> <span class='ocrx_word' id='word_1_334' title='bbox 1235 1815 1290 1841; x_wconf 87' lang='lat' dir='ltr'>est</span> <span class='ocrx_word' id='word_1_335' title='bbox 1315 1808 1482 1842; x_wconf 69' lang='lat' dir='ltr'>formula.</span> <span class='ocrx_word' id='word_1_336' title='bbox 1519 1807 1716 1842; x_wconf 84' lang='lat' dir='ltr'>ORELLI.</span> 
     </span>
     <span class='ocr_line' id='line_1_35' title="bbox 257 1853 1719 1898; baseline 0.002 -14"><span class='ocrx_word' id='word_1_337' title='bbox 257 1872 302 1883; x_wconf 58' lang='lat'>,—</span> <span class='ocrx_word' id='word_1_338' title='bbox 334 1855 416 1891; x_wconf 75' lang='lat' dir='ltr'>Iam</span> <span class='ocrx_word' id='word_1_339' title='bbox 440 1854 536 1891; x_wconf 71' lang='lat' dir='ltr'>enim</span> <span class='ocrx_word' id='word_1_340' title='bbox 562 1879 571 1892; x_wconf 81' lang='grc'>,</span> <span class='ocrx_word' id='word_1_341' title='bbox 587 1880 596 1888; x_wconf 95' lang='grc'><strong>.</strong></span> <span class='ocrx_word' id='word_1_342' title='bbox 613 1879 622 1892; x_wconf 81' lang='grc'>,</span> <span class='ocrx_word' id='word_1_343' title='bbox 643 1865 724 1898; x_wconf 82' lang='lat' dir='ltr'>per.</span> <span class='ocrx_word' id='word_1_344' title='bbox 751 1857 814 1887; x_wconf 78' lang='lat' dir='ltr'>est.</span> <span class='ocrx_word' id='word_1_345' title='bbox 862 1855 953 1888; x_wconf 88' lang='lat' dir='ltr'>Nam</span> <span class='ocrx_word' id='word_1_346' title='bbox 980 1853 1182 1887; x_wconf 84' lang='lat' dir='ltr'>cavendum</span> <span class='ocrx_word' id='word_1_347' title='bbox 1208 1860 1264 1888; x_wconf 83' lang='lat' dir='ltr'>est</span> <span class='ocrx_word' id='word_1_348' title='bbox 1295 1853 1354 1888; x_wconf 91' lang='lat' dir='ltr'>illi</span> <span class='ocrx_word' id='word_1_349' title='bbox 1380 1860 1517 1887; x_wconf 84' lang='lat' dir='ltr'>tantum</span> <span class='ocrx_word' id='word_1_350' title='bbox 1543 1855 1588 1887; x_wconf 90' lang='lat' dir='ltr'>ab</span> <span class='ocrx_word' id='word_1_351' title='bbox 1613 1854 1719 1887; x_wconf 80' lang='lat' dir='ltr'>urbis</span> 
     </span>
     <span class='ocr_line' id='line_1_36' title="bbox 257 1898 1716 1951; baseline 0.001 -18"><span class='ocrx_word' id='word_1_352' title='bbox 257 1898 451 1951; x_wconf 80' lang='lat' dir='ltr'>periculo,</span> <span class='ocrx_word' id='word_1_353' title='bbox 496 1899 595 1942; x_wconf 91' lang='lat' dir='ltr'>quod</span> <span class='ocrx_word' id='word_1_354' title='bbox 637 1911 748 1934; x_wconf 89' lang='lat' dir='ltr'>unum</span> <span class='ocrx_word' id='word_1_355' title='bbox 779 1899 852 1934; x_wconf 90' lang='lat' dir='ltr'>iam</span> <span class='ocrx_word' id='word_1_356' title='bbox 883 1900 1032 1933; x_wconf 88' lang='lat' dir='ltr'>videtur</span> <span class='ocrx_word' id='word_1_357' title='bbox 1062 1899 1332 1933; x_wconf 86' lang='lat' dir='ltr'>incommodum</span> <span class='ocrx_word' id='word_1_358' title='bbox 1366 1910 1574 1945; x_wconf 85' lang='lat' dir='ltr'>superesse.</span> <span class='ocrx_word' id='word_1_359' title='bbox 1621 1900 1716 1934; x_wconf 81' lang='lat' dir='ltr'>Nam</span> 
     </span>
     <span class='ocr_line' id='line_1_37' title="bbox 257 1945 1717 1991; baseline 0 -12"><span class='ocrx_word' id='word_1_360' title='bbox 257 1945 354 1982; x_wconf 75' lang='lat' dir='ltr'>illud</span> <span class='ocrx_word' id='word_1_361' title='bbox 387 1945 433 1980; x_wconf 88' lang='lat' dir='ltr'>de</span> <span class='ocrx_word' id='word_1_362' title='bbox 465 1945 699 1991; x_wconf 86' lang='lat' dir='ltr'>turpitudine</span> <span class='ocrx_word' id='word_1_363' title='bbox 730 1945 831 1989; x_wconf 89' lang='lat' dir='ltr'>quod</span> <span class='ocrx_word' id='word_1_364' title='bbox 862 1957 919 1980; x_wconf 88' lang='lat' dir='ltr'>me</span> <span class='ocrx_word' id='word_1_365' title='bbox 952 1952 1058 1979; x_wconf 86' lang='lat' dir='ltr'>antea</span> <span class='ocrx_word' id='word_1_366' title='bbox 1092 1947 1284 1985; x_wconf 87' lang='lat' dir='ltr'>movebat,</span> <span class='ocrx_word' id='word_1_367' title='bbox 1322 1946 1353 1980; x_wconf 88' lang='lat' dir='ltr'>si</span> <span class='ocrx_word' id='word_1_368' title='bbox 1380 1958 1424 1980; x_wconf 91' lang='lat' dir='ltr'>eo</span> <span class='ocrx_word' id='word_1_369' title='bbox 1450 1947 1535 1980; x_wconf 92' lang='lat' dir='ltr'>loco</span> <span class='ocrx_word' id='word_1_370' title='bbox 1560 1946 1717 1980; x_wconf 84' lang='lat' dir='ltr'>feminae</span> 
     </span>
     <span class='ocr_line' id='line_1_38' title="bbox 257 1990 1720 2036; baseline -0.001 -9"><span class='ocrx_word' id='word_1_371' title='bbox 257 1990 400 2027; x_wconf 79' lang='lat' dir='ltr'>Romae</span> <span class='ocrx_word' id='word_1_372' title='bbox 425 1998 636 2035; x_wconf 85' lang='lat' dir='ltr'>manerent,</span> <span class='ocrx_word' id='word_1_373' title='bbox 673 1992 831 2035; x_wconf 88' lang='lat' dir='ltr'>reliquis</span> <span class='ocrx_word' id='word_1_374' title='bbox 856 1992 1096 2036; x_wconf 84' lang='lat' dir='ltr'>abeuntibus,</span> <span class='ocrx_word' id='word_1_375' title='bbox 1129 1992 1200 2026; x_wconf 87' lang='lat' dir='ltr'>iam</span> <span class='ocrx_word' id='word_1_376' title='bbox 1226 1992 1396 2035; x_wconf 78' lang='lat' dir='ltr'>facessit,</span> <span class='ocrx_word' id='word_1_377' title='bbox 1435 2003 1547 2036; x_wconf 82' lang='lat' dir='ltr'>quum</span> <span class='ocrx_word' id='word_1_378' title='bbox 1572 1992 1720 2026; x_wconf 77' lang='lat' dir='ltr'>nobiles</span> 
     </span>
     <span class='ocr_line' id='line_1_39' title="bbox 257 2038 1721 2080; baseline -0.001 -9"><span class='ocrx_word' id='word_1_379' title='bbox 257 2038 419 2075; x_wconf 73' lang='lat' dir='ltr'>feminae</span> <span class='ocrx_word' id='word_1_380' title='bbox 444 2038 480 2071; x_wconf 85' lang='lat' dir='ltr'>in</span> <span class='ocrx_word' id='word_1_381' title='bbox 507 2038 635 2072; x_wconf 87' lang='lat' dir='ltr'>urbem</span> <span class='ocrx_word' id='word_1_382' title='bbox 661 2049 788 2072; x_wconf 85' lang='lat' dir='ltr'>omnes</span> <span class='ocrx_word' id='word_1_383' title='bbox 813 2038 883 2071; x_wconf 84' lang='lat' dir='ltr'>iam</span> <span class='ocrx_word' id='word_1_384' title='bbox 910 2038 1103 2072; x_wconf 89' lang='lat' dir='ltr'>redierint.</span> <span class='ocrx_word' id='word_1_385' title='bbox 1135 2038 1340 2073; x_wconf 83' lang='lat' dir='ltr'>MANUT.</span> <span class='ocrx_word' id='word_1_386' title='bbox 1389 2050 1535 2080; x_wconf 74' lang='lat' dir='ltr'>vanum</span> <span class='ocrx_word' id='word_1_387' title='bbox 1554 2039 1614 2072; x_wconf 89' lang='lat' dir='ltr'>vel</span> <span class='ocrx_word' id='word_1_388' title='bbox 1639 2039 1721 2071; x_wconf 78' lang='lat' dir='ltr'>nul·</span> 
     </span>
     <span class='ocr_line' id='line_1_40' title="bbox 258 2083 1718 2128; baseline 0.001 -12"><span class='ocrx_word' id='word_1_389' title='bbox 258 2084 334 2120; x_wconf 76' lang='lat' dir='ltr'>tum</span> <span class='ocrx_word' id='word_1_390' title='bbox 366 2095 437 2128; x_wconf 81' lang='lat' dir='ltr'>pro</span> <span class='ocrx_word' id='word_1_391' title='bbox 469 2095 578 2120; x_wconf 75' lang='lat' dir='ltr'>unum</span> <span class='ocrx_word' id='word_1_392' title='bbox 614 2084 643 2118; x_wconf 88' lang='grc' dir='ltr'>Ι.</span> <span class='ocrx_word' id='word_1_393' title='bbox 671 2085 714 2118; x_wconf 86' lang='lat' dir='ltr'>F.</span> <span class='ocrx_word' id='word_1_394' title='bbox 739 2083 922 2118; x_wconf 85' lang='lat' dir='ltr'>Gronovii</span> <span class='ocrx_word' id='word_1_395' title='bbox 947 2085 1126 2128; x_wconf 81' lang='lat' dir='ltr'>suspicio,</span> <span class='ocrx_word' id='word_1_396' title='bbox 1174 2085 1304 2118; x_wconf 86' lang='lat' dir='ltr'>Placet</span> <span class='ocrx_word' id='word_1_397' title='bbox 1336 2085 1486 2118; x_wconf 70' lang='lat' dir='ltr'>nullum.</span> <span class='ocrx_word' id='word_1_398' title='bbox 1523 2084 1718 2118; x_wconf 86' lang='lat' dir='ltr'>ORELLI.</span> 
     </span>
     <span class='ocr_line' id='line_1_41' title="bbox 258 2129 1720 2175; baseline 0 -11"><span class='ocrx_word' id='word_1_399' title='bbox 258 2135 301 2164; x_wconf 87' lang='lat' dir='ltr'>ut</span> <span class='ocrx_word' id='word_1_400' title='bbox 325 2129 457 2163; x_wconf 87' lang='lat' dir='ltr'>Cicero</span> <span class='ocrx_word' id='word_1_401' title='bbox 491 2130 564 2164; x_wconf 87' lang='lat' dir='ltr'>hoe</span> <span class='ocrx_word' id='word_1_402' title='bbox 596 2130 711 2168; x_wconf 57' lang='lat' dir='ltr'>dicam</span> <span class='ocrx_word' id='word_1_403' title='bbox 747 2131 938 2165; x_wconf 86' lang='lat' dir='ltr'>Putabaut</span> <span class='ocrx_word' id='word_1_404' title='bbox 971 2131 1066 2164; x_wconf 87' lang='lat' dir='ltr'>enim</span> <span class='ocrx_word' id='word_1_405' title='bbox 1093 2131 1286 2165; x_wconf 86' lang='lat' dir='ltr'>Caesarem</span> <span class='ocrx_word' id='word_1_406' title='bbox 1319 2131 1445 2163; x_wconf 85' lang='lat' dir='ltr'>urbem</span> <span class='ocrx_word' id='word_1_407' title='bbox 1472 2130 1720 2175; x_wconf 87' lang='lat' dir='ltr'>diripiendam</span> 
     </span>
     <span class='ocr_line' id='line_1_42' title="bbox 257 2174 1721 2220; baseline 0 -10"><span class='ocrx_word' id='word_1_408' title='bbox 257 2174 441 2210; x_wconf 83' lang='lat' dir='ltr'>militibus</span> <span class='ocrx_word' id='word_1_409' title='bbox 473 2176 663 2220; x_wconf 88' lang='lat' dir='ltr'>daturum;</span> <span class='ocrx_word' id='word_1_410' title='bbox 707 2175 741 2211; x_wconf 84' lang='lat' dir='ltr'>is</span> <span class='ocrx_word' id='word_1_411' title='bbox 772 2182 890 2211; x_wconf 86' lang='lat' dir='ltr'>metus</span> <span class='ocrx_word' id='word_1_412' title='bbox 924 2187 1020 2210; x_wconf 85' lang='lat' dir='ltr'>nunc</span> <span class='ocrx_word' id='word_1_413' title='bbox 1053 2183 1184 2211; x_wconf 86' lang='lat' dir='ltr'>cessat.</span> <span class='ocrx_word' id='word_1_414' title='bbox 1234 2176 1363 2220; x_wconf 85' lang='lat' dir='ltr'>Itaque</span> <span class='ocrx_word' id='word_1_415' title='bbox 1389 2182 1468 2209; x_wconf 90' lang='lat' dir='ltr'>tuto</span> <span class='ocrx_word' id='word_1_416' title='bbox 1495 2176 1546 2209; x_wconf 92' lang='lat' dir='ltr'>ibi</span> <span class='ocrx_word' id='word_1_417' title='bbox 1573 2187 1721 2210; x_wconf 87' lang='lat' dir='ltr'>manere</span> 
     </span>
     <span class='ocr_line' id='line_1_43' title="bbox 258 2221 1715 2267; baseline 0 -11"><span class='ocrx_word' id='word_1_418' title='bbox 258 2221 475 2257; x_wconf 85' lang='lat' dir='ltr'>Terentiam</span> <span class='ocrx_word' id='word_1_419' title='bbox 502 2222 654 2267; x_wconf 83' lang='lat' dir='ltr'>putavi,</span> <span class='ocrx_word' id='word_1_420' title='bbox 680 2222 790 2257; x_wconf 91' lang='lat' dir='ltr'>modo</span> <span class='ocrx_word' id='word_1_421' title='bbox 816 2223 950 2258; x_wconf 88' lang='lat' dir='ltr'>habeat</span> <span class='ocrx_word' id='word_1_422' title='bbox 976 2223 1012 2256; x_wconf 84' lang='lat' dir='ltr'>in</span> <span class='ocrx_word' id='word_1_423' title='bbox 1039 2230 1232 2267; x_wconf 86' lang='lat' dir='ltr'>sumptum.</span> <span class='ocrx_word' id='word_1_424' title='bbox 1274 2222 1380 2256; x_wconf 86' lang='lat' dir='ltr'>SCH.</span> <span class='ocrx_word' id='word_1_425' title='bbox 1431 2222 1469 2257; x_wconf 82' lang='lat' dir='ltr'>S.</span> <span class='ocrx_word' id='word_1_426' title='bbox 1496 2234 1553 2266; x_wconf 87' lang='lat' dir='ltr'>ep.</span> <span class='ocrx_word' id='word_1_427' title='bbox 1569 2225 1655 2265; x_wconf 84' lang='lat'><strong>307,</strong></span> <span class='ocrx_word' id='word_1_428' title='bbox 1677 2225 1715 2258; x_wconf 89' lang='lat'>3.</span> 
     </span>
     <span class='ocr_line' id='line_1_44' title="bbox 256 2267 1720 2312; baseline -0.002 -8"><span class='ocrx_word' id='word_1_429' title='bbox 256 2268 340 2311; x_wconf 78' lang='lat'>3⁰8,</span> <span class='ocrx_word' id='word_1_430' title='bbox 366 2269 400 2302; x_wconf 89' lang='grc'>3.</span> <span class='ocrx_word' id='word_1_431' title='bbox 431 2268 511 2312; x_wconf 84' lang='grc'><strong>320,</strong></span> <span class='ocrx_word' id='word_1_432' title='bbox 536 2269 570 2306; x_wconf 62' lang='grc'>2.,</span> <span class='ocrx_word' id='word_1_433' title='bbox 598 2287 643 2293; x_wconf 91' lang='lat'><em>-</em></span> <span class='ocrx_word' id='word_1_434' title='bbox 675 2267 780 2312; x_wconf 76' lang='lat' dir='ltr'>hinc,</span> <span class='ocrx_word' id='word_1_435' title='bbox 816 2280 888 2304; x_wconf 88' lang='lat' dir='ltr'>von</span> <span class='ocrx_word' id='word_1_436' title='bbox 913 2268 1052 2303; x_wconf 85' lang='lat' dir='ltr'>seinem</span> <span class='ocrx_word' id='word_1_437' title='bbox 1081 2269 1178 2303; x_wconf 88' lang='lat' dir='ltr'>Gute</span> <span class='ocrx_word' id='word_1_438' title='bbox 1208 2278 1251 2301; x_wconf 89' lang='lat' dir='ltr'>zu</span> <span class='ocrx_word' id='word_1_439' title='bbox 1279 2269 1425 2302; x_wconf 88' lang='lat' dir='ltr'>Cumae.</span> <span class='ocrx_word' id='word_1_440' title='bbox 1452 2288 1496 2293; x_wconf 96' lang='lat'>—</span> <span class='ocrx_word' id='word_1_441' title='bbox 1529 2269 1567 2302; x_wconf 80' lang='lat' dir='ltr'>in</span> <span class='ocrx_word' id='word_1_442' title='bbox 1592 2279 1720 2302; x_wconf 79' lang='lat' dir='ltr'>navem</span> 
     </span>
     <span class='ocr_line' id='line_1_45' title="bbox 257 2315 1719 2360; baseline 0.001 -13"><span class='ocrx_word' id='word_1_443' title='bbox 257 2315 284 2356; x_wconf 51' lang='grc' dir='ltr'>ἦ·</span> <span class='ocrx_word' id='word_1_444' title='bbox 309 2317 342 2347; x_wconf 83' lang='lat' dir='ltr'>et</span> <span class='ocrx_word' id='word_1_445' title='bbox 357 2318 498 2358; x_wconf 79' lang='lat' dir='ltr'>cetera,</span> <span class='ocrx_word' id='word_1_446' title='bbox 522 2316 704 2358; x_wconf 69' lang='lat' dir='ltr'>quoniam.</span> <span class='ocrx_word' id='word_1_447' title='bbox 740 2315 806 2350; x_wconf 92' lang='lat' dir='ltr'>Sic</span> <span class='ocrx_word' id='word_1_448' title='bbox 831 2322 1007 2360; x_wconf 87' lang='lat' dir='ltr'>corrupte</span> <span class='ocrx_word' id='word_1_449' title='bbox 1033 2315 1108 2349; x_wconf 82' lang='lat' dir='ltr'>Md.</span> <span class='ocrx_word' id='word_1_450' title='bbox 1136 2316 1255 2349; x_wconf 78' lang='lat' dir='ltr'>Oxou.</span> <span class='ocrx_word' id='word_1_451' title='bbox 1271 2316 1301 2348; x_wconf 93' lang='lat'>1.</span> <span class='ocrx_word' id='word_1_452' title='bbox 1317 2315 1350 2348; x_wconf 85' lang='lat'>2.</span> <span class='ocrx_word' id='word_1_453' title='bbox 1375 2316 1459 2348; x_wconf 86' lang='lat' dir='ltr'>Asc.</span> <span class='ocrx_word' id='word_1_454' title='bbox 1478 2320 1593 2358; x_wconf 89' lang='lat' dir='ltr'>utraq.</span> <span class='ocrx_word' id='word_1_455' title='bbox 1620 2315 1719 2349; x_wconf 87' lang='lat' dir='ltr'>Crat.</span> 
     </span>
     <span class='ocr_line' id='line_1_46' title="bbox 257 2357 1722 2406; baseline -0.001 -11"><span class='ocrx_word' id='word_1_456' title='bbox 257 2357 476 2404; x_wconf 84' lang='lat' dir='ltr'>Legendum</span> <span class='ocrx_word' id='word_1_457' title='bbox 502 2366 612 2406; x_wconf 89' lang='lat' dir='ltr'>puto:</span> <span class='ocrx_word' id='word_1_458' title='bbox 639 2371 765 2394; x_wconf 78' lang='lat' dir='ltr'>navem</span> <span class='ocrx_word' id='word_1_459' title='bbox 789 2366 823 2395; x_wconf 84' lang='lat' dir='ltr'>et</span> <span class='ocrx_word' id='word_1_460' title='bbox 847 2361 959 2397; x_wconf 64' lang='lat' dir='ltr'>rectd.</span> <span class='ocrx_word' id='word_1_461' title='bbox 1011 2362 1085 2396; x_wconf 82' lang='lat' dir='ltr'>Quo</span> <span class='ocrx_word' id='word_1_462' title='bbox 1116 2361 1192 2394; x_wconf 80' lang='lat' dir='ltr'>iam</span> <span class='ocrx_word' id='word_1_463' title='bbox 1218 2361 1447 2394; x_wconf 77' lang='lat' dir='ltr'>commoror?</span> <span class='ocrx_word' id='word_1_464' title='bbox 1492 2361 1583 2394; x_wconf 85' lang='lat' dir='ltr'>Nam</span> <span class='ocrx_word' id='word_1_465' title='bbox 1608 2361 1722 2394; x_wconf 83' lang='lat' dir='ltr'>falsus</span> 
     </span>
     <span class='ocr_line' id='line_1_47' title="bbox 257 2406 1721 2452; baseline -0.001 -11"><span class='ocrx_word' id='word_1_466' title='bbox 257 2406 524 2441; x_wconf 63' lang='lat' dir='ltr'>sententiarum</span> <span class='ocrx_word' id='word_1_467' title='bbox 550 2417 669 2440; x_wconf 85' lang='lat' dir='ltr'>nexus</span> <span class='ocrx_word' id='word_1_468' title='bbox 694 2411 751 2440; x_wconf 90' lang='lat' dir='ltr'>est</span> <span class='ocrx_word' id='word_1_469' title='bbox 776 2408 814 2444; x_wconf 85' lang='lat' dir='ltr'>in</span> <span class='ocrx_word' id='word_1_470' title='bbox 845 2408 1008 2451; x_wconf 82' lang='lat' dir='ltr'>vulgata.</span> <span class='ocrx_word' id='word_1_471' title='bbox 1038 2407 1110 2440; x_wconf 72' lang='grc' dir='ltr'>ΟΕ,</span> <span class='ocrx_word' id='word_1_472' title='bbox 1137 2426 1177 2431; x_wconf 93' lang='grc'>-</span> <span class='ocrx_word' id='word_1_473' title='bbox 1211 2407 1321 2440; x_wconf 78' lang='lat' dir='ltr'>simul</span> <span class='ocrx_word' id='word_1_474' title='bbox 1346 2411 1389 2440; x_wconf 80' lang='lat' dir='ltr'>el.</span> <span class='ocrx_word' id='word_1_475' title='bbox 1430 2406 1493 2441; x_wconf 85' lang='lat' dir='ltr'>Sic</span> <span class='ocrx_word' id='word_1_476' title='bbox 1517 2407 1593 2442; x_wconf 84' lang='lat' dir='ltr'>Md.</span> <span class='ocrx_word' id='word_1_477' title='bbox 1619 2417 1640 2441; x_wconf 90' lang='lat' dir='ltr'>a</span> <span class='ocrx_word' id='word_1_478' title='bbox 1663 2416 1721 2452; x_wconf 81' lang='lat' dir='ltr'>pr.</span> 
     </span>
     <span class='ocr_line' id='line_1_48' title="bbox 259 2452 1722 2498; baseline 0 -11"><span class='ocrx_word' id='word_1_479' title='bbox 259 2463 308 2488; x_wconf 86' lang='lat' dir='ltr'>m.</span> <span class='ocrx_word' id='word_1_480' title='bbox 334 2458 371 2486; x_wconf 86' lang='lat' dir='ltr'>et</span> <span class='ocrx_word' id='word_1_481' title='bbox 396 2463 416 2486; x_wconf 90' lang='lat' dir='ltr'>e</span> <span class='ocrx_word' id='word_1_482' title='bbox 442 2452 559 2487; x_wconf 88' lang='lat' dir='ltr'>Codd.</span> <span class='ocrx_word' id='word_1_483' title='bbox 585 2452 663 2487; x_wconf 85' lang='lat' dir='ltr'>suis</span> <span class='ocrx_word' id='word_1_484' title='bbox 687 2453 796 2496; x_wconf 60' lang='lat' dir='ltr'>Bos„</span> <span class='ocrx_word' id='word_1_485' title='bbox 828 2459 869 2487; x_wconf 88' lang='lat' dir='ltr'>ut</span> <span class='ocrx_word' id='word_1_486' title='bbox 893 2460 950 2487; x_wconf 84' lang='lat' dir='ltr'>est</span> <span class='ocrx_word' id='word_1_487' title='bbox 975 2464 1086 2498; x_wconf 81' lang='lat' dir='ltr'>saepe</span> <span class='ocrx_word' id='word_1_488' title='bbox 1113 2452 1150 2486; x_wconf 87' lang='lat' dir='ltr'>in</span> <span class='ocrx_word' id='word_1_489' title='bbox 1175 2453 1266 2487; x_wconf 89' lang='lat' dir='ltr'>Cdd.</span> <span class='ocrx_word' id='word_1_490' title='bbox 1295 2459 1331 2486; x_wconf 86' lang='lat' dir='ltr'>et</span> <span class='ocrx_word' id='word_1_491' title='bbox 1355 2453 1451 2487; x_wconf 91' lang='lat' dir='ltr'>Edd.</span> <span class='ocrx_word' id='word_1_492' title='bbox 1477 2464 1559 2487; x_wconf 82' lang='lat' dir='ltr'>v.c.</span> <span class='ocrx_word' id='word_1_493' title='bbox 1586 2453 1722 2498; x_wconf 82' lang='lat' dir='ltr'>Ep.16.</span> 
     </span>
    </p>
   </div>
   <div class='ocr_carea' id='block_1_4' title="bbox 259 2499 1781 2537">
    <p class='ocr_par' dir='ltr' id='par_1_5' title="bbox 259 2499 1781 2537">
     <span class='ocr_line' id='line_1_49' title="bbox 259 2499 1781 2537; baseline 0.001 -5"><span class='ocrx_word' id='word_1_494' title='bbox 259 2499 372 2532; x_wconf 70' lang='lat' dir='ltr'>simul</span> <span class='ocrx_word' id='word_1_495' title='bbox 396 2502 429 2532; x_wconf 72' lang='lat' dir='ltr'>et</span> <span class='ocrx_word' id='word_1_496' title='bbox 453 2499 494 2536; x_wconf 79' lang='lat' dir='ltr'>in</span> <span class='ocrx_word' id='word_1_497' title='bbox 521 2499 561 2534; x_wconf 85' lang='lat' dir='ltr'>G.</span> <span class='ocrx_word' id='word_1_498' title='bbox 588 2501 678 2533; x_wconf 75' lang='lat' dir='ltr'>veni.</span> <span class='ocrx_word' id='word_1_499' title='bbox 729 2500 806 2533; x_wconf 85' lang='lat' dir='ltr'>Md.</span> <span class='ocrx_word' id='word_1_500' title='bbox 834 2511 856 2533; x_wconf 91' lang='lat' dir='ltr'>a</span> <span class='ocrx_word' id='word_1_501' title='bbox 879 2510 953 2534; x_wconf 88' lang='lat' dir='ltr'>see.</span> <span class='ocrx_word' id='word_1_502' title='bbox 979 2510 1028 2535; x_wconf 84' lang='lat' dir='ltr'>m.</span> <span class='ocrx_word' id='word_1_503' title='bbox 1054 2499 1150 2532; x_wconf 88' lang='lat' dir='ltr'>Edd.</span> <span class='ocrx_word' id='word_1_504' title='bbox 1178 2505 1264 2537; x_wconf 74' lang='lat' dir='ltr'>cett.</span> <span class='ocrx_word' id='word_1_505' title='bbox 1298 2500 1409 2532; x_wconf 81' lang='lat' dir='ltr'>simul</span> <span class='ocrx_word' id='word_1_506' title='bbox 1434 2503 1482 2533; x_wconf 82' lang='lat' dir='ltr'>ul.</span> <span class='ocrx_word' id='word_1_507' title='bbox 1517 2499 1591 2533; x_wconf 89' lang='lat' dir='ltr'>del.</span> <span class='ocrx_word' id='word_1_508' title='bbox 1615 2503 1655 2532; x_wconf 83' lang='lat' dir='ltr'>ut</span> <span class='ocrx_word' id='word_1_509' title='bbox 1684 2499 1720 2533; x_wconf 91' lang='lat' dir='ltr'>d.</span> <span class='ocrx_word' id='word_1_510' title='bbox 1780 2522 1781 2527; x_wconf 26' lang='grc' dir='ltr'>η</span> 
     </span>
    </p>
   </div>
   <div class='ocr_carea' id='block_1_5' title="bbox 1773 1851 1787 2581">
    <p class='ocr_par' dir='ltr' id='par_1_6' title="bbox 1773 1851 1787 2581">
     <span class='ocr_line' id='line_1_50' title="bbox 1773 1851 1787 2581; baseline 0 0"><span class='ocrx_word' id='word_1_511' title='bbox 1773 1851 1787 2581; x_wconf 95' lang='lat' dir='ltr'> </span> 
     </span>
    </p>
   </div>
   <div class='ocr_carea' id='block_1_6' title="bbox 260 2545 1781 2587">
    <p class='ocr_par' dir='ltr' id='par_1_7' title="bbox 260 2545 1781 2587">
     <span class='ocr_line' id='line_1_51' title="bbox 260 2545 1781 2587; baseline -0.002 -8"><span class='ocrx_word' id='word_1_512' title='bbox 260 2546 292 2579; x_wconf 83' lang='lat'>1.</span> <span class='ocrx_word' id='word_1_513' title='bbox 305 2545 345 2583; x_wconf 74' lang='lat' dir='ltr'>F.</span> <span class='ocrx_word' id='word_1_514' title='bbox 362 2545 547 2580; x_wconf 85' lang='lat' dir='ltr'>Gronovii</span> <span class='ocrx_word' id='word_1_515' title='bbox 572 2545 758 2581; x_wconf 78' lang='lat' dir='ltr'>sententia</span> <span class='ocrx_word' id='word_1_516' title='bbox 781 2545 889 2587; x_wconf 64' lang='lat' dir='ltr'>Scin,</span> <span class='ocrx_word' id='word_1_517' title='bbox 915 2545 995 2579; x_wconf 87' lang='lat' dir='ltr'>sine</span> <span class='ocrx_word' id='word_1_518' title='bbox 1021 2545 1097 2578; x_wconf 85' lang='lat' dir='ltr'>ulla</span> <span class='ocrx_word' id='word_1_519' title='bbox 1123 2552 1241 2579; x_wconf 86' lang='lat' dir='ltr'>tamen</span> <span class='ocrx_word' id='word_1_520' title='bbox 1267 2545 1500 2580; x_wconf 85' lang='lat' dir='ltr'>necessitate.</span> <span class='ocrx_word' id='word_1_521' title='bbox 1528 2545 1722 2580; x_wconf 82' lang='lat' dir='ltr'>ORELLI.</span> <span class='ocrx_word' id='word_1_522' title='bbox 1780 2563 1781 2576; x_wconf 38' lang='lat' dir='ltr'>i</span> 
     </span>
    </p>
   </div>
   <div class='ocr_carea' id='block_1_7' title="bbox 259 2591 1723 2730">
    <p class='ocr_par' dir='ltr' id='par_1_8' title="bbox 259 2591 1723 2730">
     <span class='ocr_line' id='line_1_52' title="bbox 259 2591 1721 2636; baseline 0.001 -11"><span class='ocrx_word' id='word_1_523' title='bbox 259 2591 390 2626; x_wconf 84' lang='lat' dir='ltr'>Ueber</span> <span class='ocrx_word' id='word_1_524' title='bbox 413 2591 582 2627; x_wconf 73' lang='lat' dir='ltr'>simulet</span> <span class='ocrx_word' id='word_1_525' title='bbox 614 2603 642 2625; x_wconf 88' lang='lat' dir='ltr'>s.</span> <span class='ocrx_word' id='word_1_526' title='bbox 682 2592 832 2627; x_wconf 86' lang='lat' dir='ltr'>Ramsh.</span> <span class='ocrx_word' id='word_1_527' title='bbox 864 2593 893 2636; x_wconf 64' lang='grc' dir='ltr'>ξ.</span> <span class='ocrx_word' id='word_1_528' title='bbox 918 2593 1005 2634; x_wconf 86' lang='grc'><strong>179,</strong></span> <span class='ocrx_word' id='word_1_529' title='bbox 1038 2592 1089 2634; x_wconf 83' lang='grc' dir='ltr'>Β,</span> <span class='ocrx_word' id='word_1_530' title='bbox 1122 2602 1162 2635; x_wconf 88' lang='lat' dir='ltr'>a,</span> <span class='ocrx_word' id='word_1_531' title='bbox 1194 2593 1228 2626; x_wconf 73' lang='lat'>4.</span> <span class='ocrx_word' id='word_1_532' title='bbox 1268 2592 1313 2625; x_wconf 88' lang='lat' dir='ltr'>N.</span> <span class='ocrx_word' id='word_1_533' title='bbox 1333 2591 1365 2625; x_wconf 85' lang='lat'>2.</span> <span class='ocrx_word' id='word_1_534' title='bbox 1418 2591 1562 2626; x_wconf 82' lang='lat' dir='ltr'>Grotef.</span> <span class='ocrx_word' id='word_1_535' title='bbox 1594 2592 1721 2634; x_wconf 79' lang='lat'>§.42:3.</span> 
     </span>
     <span class='ocr_line' id='line_1_53' title="bbox 262 2636 1723 2683; baseline 0.001 -12"><span class='ocrx_word' id='word_1_536' title='bbox 262 2638 370 2672; x_wconf 80' lang='lat' dir='ltr'>Anm.</span> <span class='ocrx_word' id='word_1_537' title='bbox 396 2637 428 2672; x_wconf 62' lang='lat'>2.</span> <span class='ocrx_word' id='word_1_538' title='bbox 473 2656 516 2663; x_wconf 85' lang='lat'>—-</span> <span class='ocrx_word' id='word_1_539' title='bbox 563 2638 618 2672; x_wconf 87' lang='lat' dir='ltr'>De</span> <span class='ocrx_word' id='word_1_540' title='bbox 648 2639 794 2672; x_wconf 80' lang='lat' dir='ltr'>Tirone.</span> <span class='ocrx_word' id='word_1_541' title='bbox 841 2636 879 2671; x_wconf 90' lang='lat' dir='ltr'>S.</span> <span class='ocrx_word' id='word_1_542' title='bbox 907 2648 966 2683; x_wconf 89' lang='lat' dir='ltr'>ep.</span> <span class='ocrx_word' id='word_1_543' title='bbox 987 2637 1055 2672; x_wconf 79' lang='lat'>358</span> <span class='ocrx_word' id='word_1_544' title='bbox 1072 2663 1081 2680; x_wconf 91' lang='lat'><strong><em>‚</em></strong></span> <span class='ocrx_word' id='word_1_545' title='bbox 1106 2638 1138 2671; x_wconf 87' lang='lat'>2.</span> <span class='ocrx_word' id='word_1_546' title='bbox 1178 2657 1221 2663; x_wconf 90' lang='lat'>—</span> <span class='ocrx_word' id='word_1_547' title='bbox 1268 2638 1362 2682; x_wconf 81' lang='lat' dir='ltr'>quod</span> <span class='ocrx_word' id='word_1_548' title='bbox 1385 2638 1499 2681; x_wconf 62' lang='lat' dir='ltr'>facia,</span> <span class='ocrx_word' id='word_1_549' title='bbox 1533 2637 1616 2674; x_wconf 86' lang='lat' dir='ltr'>eine</span> <span class='ocrx_word' id='word_1_550' title='bbox 1640 2637 1723 2675; x_wconf 83' lang='lat' dir='ltr'>dem</span> 
     </span>
     <span class='ocr_line' id='line_1_54' title="bbox 264 2681 1374 2730; baseline 0 -12"><span class='ocrx_word' id='word_1_551' title='bbox 264 2681 399 2724; x_wconf 70' lang='lat' dir='ltr'>Cicero</span> <span class='ocrx_word' id='word_1_552' title='bbox 425 2684 512 2722; x_wconf 82' lang='lat' dir='ltr'>sehr</span> <span class='ocrx_word' id='word_1_553' title='bbox 537 2684 724 2730; x_wconf 71' lang='lat' dir='ltr'>geliiufige</span> <span class='ocrx_word' id='word_1_554' title='bbox 747 2683 948 2719; x_wconf 69' lang='lat' dir='ltr'>Romische</span> <span class='ocrx_word' id='word_1_555' title='bbox 972 2684 1374 2719; x_wconf 75' lang='lat' dir='ltr'>Hostichkeitsformel.</span> 
     </span>
    </p>
   </div>
   <div class='ocr_carea' id='block_1_8' title="bbox 853 2749 925 2756">
    <p class='ocr_par' dir='ltr' id='par_1_9' title="bbox 853 2749 925 2756">
     <span class='ocr_line' id='line_1_55' title="bbox 853 2749 925 2756; baseline -0.014 0"><span class='ocrx_word' id='word_1_556' title='bbox 853 2749 925 2756; x_wconf 57' lang='lat' dir='ltr'>..u-</span> 
     </span>
    </p>
   </div>
   <div class='ocr_carea' id='block_1_9' title="bbox 926 2750 1153 2758">
    <p class='ocr_par' dir='ltr' id='par_1_10' title="bbox 926 2750 1153 2758">
     <span class='ocr_line' id='line_1_56' title="bbox 926 2750 1153 2758; baseline 0 285"><span class='ocrx_word' id='word_1_557' title='bbox 926 2750 1153 2758; x_wconf 95' lang='lat' dir='ltr'> </span> 
     </span>
    </p>
   </div>
  </div>
 </body>
</html>
