1795 3043
226 75 328 122 342
483 68 550 116 Μ.
584 68 642 116 Τ.
681 65 1023 114 CICERONIS
1057 66 1430 118 EPISTOLAE.

404 181 723 230 EPISTOLA
766 180 964 228 ccclv.
1019 181 1102 239 (aa
1138 182 1230 229 Att.
1265 182 1370 229 vn.
1409 186 1511 244 11.)

461 258 542 293 Ser.
570 258 662 292 XII.
695 257 782 294 Kal.
815 258 928 294 Febr.
952 259 997 293 Α.
1025 258 1068 293 U.
1095 258 1135 294 C.
1163 259 1240 294 705.
1269 261 1316 303 (a.
1345 259 1386 294 C.
1413 260 1488 303 49.)

228 325 422 362 Invehitur
446 325 484 360 in
508 327 716 362 Caesarem.
764 327 882 362 1—2.
906 326 1080 372 Pompeii
1110 327 1306 362 consilium
1341 327 1607 373 relinquendae
1632 338 1694 364 ur-

231 373 289 407 bis
315 372 566 418 reprehendit.
613 374 731 409 3—4.
757 384 798 408 se
834 373 1059 419 Campaniae
1090 380 1129 408 et
1157 384 1247 408 orae
1278 374 1483 410 maritimae
1517 386 1693 421 praeesse

557 420 702 455 nuntiat
730 426 768 454 et
798 418 928 455 literas
952 419 1070 455 Attici
1095 425 1301 466 exspectat.
1334 421 1369 456 5.

716 489 906 525 CICERO
937 488 1132 524 ATTICO
1169 487 1209 524 S.

345 544 529 596 Quaeso,
559 547 662 600 quid
690 547 773 588 hoc
804 549 896 590 est?
926 550 999 589 aut
1029 547 1131 601 quid
1159 546 1332 602 agitur?
1359 545 1468 588 Mihi
1498 546 1609 588 enim
1637 548 1697 588 te-

231 600 388 642 nebrae
431 606 544 647 sunt.
613 605 856 658 Cingulum,
903 606 1063 658 inquis,
1106 617 1184 646 nos
1223 607 1435 646 tenemust
1482 604 1698 646 Anconem

234 659 460 700 amisimus.
519 661 732 701 Labienus
760 662 951 703 discessit
979 663 1031 703 ab
1063 663 1255 704 Caesare.
1315 662 1467 702 Utrum
1493 661 1545 701 de
1568 661 1699 713 impe·

232 717 374 757 ratore
404 718 551 769 populi
581 718 784 770 Romani,
825 732 877 759 an
909 718 960 759 de
989 719 1230 760 Hannibale
1260 718 1504 770 loquimur?
1562 718 1595 758 O
1626 718 1700 758 ho-

231 773 387 814 minem
427 776 632 814 amentem
671 777 712 815 et
750 775 970 828 miserum,
1011 777 1084 827 qui
1123 788 1176 816 ne
1207 776 1399 818 umbram
1428 775 1598 827 quidem
1625 787 1700 815 un-

231 842 356 881 quam
383 831 458 868 τοῦ
487 831 614 869 καλοῦ
643 831 821 874 viderit!
853 834 979 884 atque
1008 834 1128 885 haec,
1170 833 1250 885 ait,
1289 832 1430 873 omnia
1467 832 1611 872 facere
1653 844 1699 872 se

232 886 450 939 dignitatis
480 900 626 930 causat
659 889 732 930 ubi
762 890 825 930 est
854 892 993 931 autem
1022 889 1223 943 dignitas,
1255 889 1339 929 nisi
1369 889 1444 931 ubi
1473 887 1700 930 honestas?

229 942 341 984 Num
371 945 596 985 honestum
624 946 756 999 igitur
784 946 943 987 habere
979 947 1211 988 exercitum
1250 947 1369 986 nullo
1398 946 1574 997 publico
1604 957 1703 987 con·

231 999 358 1042 silio?
390 1013 601 1055 occupare
629 1003 756 1044 urbes
787 1003 957 1056 civium,
986 1017 1070 1056 quo
1098 1003 1269 1044 facilior
1298 1004 1353 1043 sit
1381 1002 1519 1044 aditus
1548 1002 1703 1054 ad‘pa-

231 1057 387 1099 triam?
425 1060 557 1107 χρεῶν
597 1055 829 1111 ἀποκοπάς,
871 1058 1071 1111 φυγάδων
1109 1057 1339 1113 καθόδους,
1381 1061 1580 1101 sexcenta
1615 1058 1702 1101 alia

232 1115 395 1156 scelera
424 1116 587 1169 moliri,

347 1180 422 1232 τήν
450 1184 563 1222 θεῶν
585 1184 781 1233 μεγίστην
805 1182 896 1224 ὥστ’
926 1186 1032 1234 ἔχειν
1058 1185 1312 1235 τυραννίδαὲ

233 1249 327 1292 Sibi
355 1251 511 1293 habeat
539 1265 656 1292 suam
685 1253 914 1296 fortunam.
972 1255 1110 1295 Unam
1139 1254 1385 1295 mehercule
1423 1255 1563 1294 tecum
1592 1251 1705 1305 aprl-

233 1307 444 1348 cationem
481 1309 526 1349 in
568 1309 645 1350 illo
675 1309 904 1350 Lucretino
944 1312 1018 1352 tuo
1055 1312 1143 1352 sole
1181 1311 1347 1359 malim,
1398 1322 1525 1362 quam
1565 1309 1706 1350 omnia

233 1363 469 1405 istiusmodi
497 1377 649 1419 regna3
679 1368 749 1407 vel
778 1367 920 1419 potius
949 1367 1057 1408 mori
1093 1367 1275 1416 millies,
1308 1379 1432 1419 quam
1462 1368 1591 1407 semel
1619 1367 1709 1408 isti·

233 1421 400 1462 usmodi
453 1422 684 1475 quidquam
724 1423 927 1477 cogitare.
999 1424 1142 1478 „Quid
1180 1423 1217 1465 si
1254 1425 1300 1465 tu
1339 1422 1490 1466 velis3”
1550 1422 1705 1476 inquis.

326 1544 360 1578 1.
393 1543 497 1580 Mihi
589 1545 721 1581 tenebr.
747 1557 798 1590 3.,
824 1545 896 1580 mir
921 1546 970 1580 ist
995 1547 1103 1582 Alles
1122 1546 1373 1580 stockfinster.
1399 1565 1445 1572 -—-
1495 1545 1707 1589 Cingulum,

235 1587 296 1624 ein
321 1590 620 1635 Bergstiidtchen
646 1592 682 1625 in
717 1592 917 1632 Picenum,
953 1592 1072 1627 durch
1102 1593 1217 1627 Ciisar
1246 1592 1294 1626 im
1326 1592 1611 1636 Burgerkriege
1644 1592 1709 1626 be-

235 1635 387 1681 festigt3
412 1638 507 1671 eben
532 1637 699 1672 daselbst
721 1641 897 1680 Ancona,
921 1638 1083 1685 Ἀγκώυ,
1109 1640 1240 1672 Ancon
1265 1637 1331 1672 mit
1356 1639 1451 1672 Rom
1481 1639 1600 1673 durch
1624 1638 1710 1673 eine

237 1681 385 1717 Strasse
423 1684 664 1717 unmittelbar
695 1684 732 1718 in
773 1684 1026 1729 Verbindung
1065 1690 1224 1728 gesetzt.
1272 1684 1391 1728 inquit
1420 1695 1466 1719 =
1498 1690 1581 1728 sagt
1612 1694 1708 1729 man,

238 1727 356 1763 heisst
381 1741 434 1764 es.
483 1729 522 1764 S.
548 1730 700 1764 Ramsh.
726 1730 755 1773 §.
772 1731 858 1773 162,
885 1730 971 1764 Not.
991 1733 1022 1764 1.
1050 1731 1197 1765 Grotef.
1224 1731 1251 1774 §.
1274 1732 1351 1765 187.
1377 1731 1485 1765 Anm.
1533 1730 1598 1765 Sic
1630 1730 1708 1765 Md.

239 1776 326 1810 Asc.
344 1777 376 1809 l.
409 1775 508 1810 Crat.
544 1776 647 1812 Vict.
670 1778 703 1811 1.
728 1777 761 1810 2.
796 1776 918 1821 inquis
947 1777 1036 1812 C2d.
1062 1777 1220 1822 Malasp.
1246 1776 1374 1810 Lamb.
1401 1777 1489 1811 Bos.
1524 1776 1640 1820 Seqq.
1666 1795 1710 1801 —

236 1820 283 1855 Τ.
311 1821 437 1856 Attius
462 1822 664 1862 Labienus,
690 1823 861 1857 Caesaris
886 1823 1050 1867 legatus,
1084 1823 1130 1857 ad
1154 1823 1407 1867 Pompeianos
1433 1822 1593 1857 transiit.
1621 1821 1710 1859 Vid.

238 1867 401 1902 Diodor.
429 1869 533 1902 XLI.
558 1880 595 1914 p.
615 1869 694 1903 154.
720 1869 767 1903 ad
792 1868 908 1903 Attic.
928 1870 1040 1912 VIII,
1058 1870 1091 1904 2.
1120 1870 1166 1903 ad
1179 1869 1328 1904 Divers.
1356 1869 1450 1912 VII,
1469 1870 1500 1904 7.
1527 1868 1560 1902 Ε
1584 1879 1712 1914 pugna

238 1913 457 1949 Pharsalica
479 1915 588 1958 fugit,
613 1915 660 1949 ad
684 1915 799 1950 Attic.
826 1915 963 1954 V11‚7.
991 1915 1071 1951 eius
1097 1915 1265 1958 divitiae,
1292 1914 1355 1959 qui
1381 1914 1492 1949 etiam
1507 1925 1573 1949 sua
1595 1926 1711 1960 pecu-

241 1959 302 1994 nia
311 1960 509 2004 Cingulum
526 1961 704 2006 oppidum
724 1961 905 2004 condidit,
921 1973 1073 1996 memor.
1090 1963 1198 1997 Caes.
1210 1962 1344 1996 B.Civ.
1364 1963 1395 1996 1.
1429 1962 1490 1996 De
1506 1960 1586 1995 eius
1603 1961 1710 1995 exitu

240 2017 275 2040 v.
303 2006 445 2042 Vellei.
471 2007 530 2050 II,
557 2009 609 2042 78.
651 2008 726 2042 Dio
749 2009 933 2043 XLVIII.
958 2019 994 2053 p.
1014 2010 1095 2043 381.
1133 2008 1316 2043 Cicerone
1347 2008 1500 2042 consule
1538 2006 1710 2043 tribunus

241 2052 365 2097 plebis
398 2053 539 2094 fuerat3
580 2053 627 2088 ad
653 2054 768 2089 Attic.
790 2055 889 2097 VII,
918 2056 973 2089 11.
1011 2055 1056 2088 ad
1087 2055 1220 2090 Famil.
1238 2054 1359 2096 XVI,
1385 2054 1441 2087 12.
1478 2064 1537 2098 pr.
1573 2053 1707 2088 Rabir.

241 2098 349 2134 Post.
369 2099 403 2132 2.
428 2099 545 2134 ERN.
572 2119 617 2125 —
663 2102 744 2136 τοῦ
775 2103 932 2145 καλοῦ,
957 2101 1117 2144 honesti,
1144 2100 1211 2134 des
1226 2098 1555 2134 Sittlichschonen.
1603 2099 1710 2134 Nach

243 2144 312 2178 der
338 2143 749 2181 Sokratischstoischen
767 2146 919 2181 Schule.
969 2146 1009 2182 S.
1035 2147 1081 2181 de
1096 2146 1205 2182 Offic.
1233 2165 1275 2170 —
1323 2149 1427 2189 atque
1449 2157 1497 2178 =
1520 2144 1594 2179 und
1612 2146 1710 2180 noch

244 2190 463 2225 obendrein.
512 2191 552 2226 S.
578 2193 727 2227 Ramsh.
754 2193 781 2235 §.
801 2194 880 2237 179,
906 2193 958 2237 Β,
983 2195 1018 2229 3.
1043 2212 1089 2220 -
1134 2193 1236 2226 nullo
1251 2191 1352 2236 publ.
1367 2202 1486 2235 com„
1513 2191 1611 2225 ohne
1635 2203 1709 2226 von

244 2236 313 2271 der
338 2237 517 2271 hochsten
555 2238 847 2273 Staatsbehorde
881 2240 975 2274 dazu
1008 2239 1217 2282 berechtigt
1253 2248 1299 2272 zu
1331 2238 1423 2272 sein.
1486 2236 1524 2273 S.
1558 2237 1709 2273 Ramsh.

245 2281 381 2327 2171,
408 2283 485 2326 111,
510 2285 551 2327 2,
578 2285 620 2328 d,
647 2285 681 2318 2.
707 2304 752 2310 -
794 2287 843 2320 ad
863 2287 1046 2330 patriam,
1078 2296 1145 2320 zur
1170 2284 1400 2321 Vaterstadt.
1427 2303 1471 2309 -
1517 2286 1706 2331 χρεῶν..

245 2328 504 2372 καθόδους,
537 2331 680 2365 tabulas
706 2343 820 2367 novas
847 2332 960 2375 (aeris
986 2331 1098 2365 alieni
1130 2330 1424 2372 diminutiones),
1451 2331 1622 2364 exsulum
1646 2341 1707 2365 re-

246 2374 347 2409 ditus
378 2386 425 2409 =
457 2375 519 2410 die
554 2376 941 2422 Zuriickberusungen
974 2377 1042 2411 der
1072 2376 1338 2422 gesetzmassig
1372 2376 1625 2411 Verbannten.
1664 2395 1709 2402 -

246 2420 324 2464 τήν
345 2423 631 2469 ...τυραυιιι’ὂα,
674 2430 712 2457 ut
743 2435 882 2458 summo
916 2425 1068 2458 deorum
1105 2423 1264 2468 imperio
1296 2422 1474 2467 potiatur.
1530 2421 1709 2458 Senarius

247 2466 443 2512 Euripidis
468 2470 505 2502 in
538 2468 757 2504 Phoenissis
789 2482 821 2504 v.
840 2471 917 2505 516.
966 2470 1073 2504 SCH.
1099 2469 1173 2504 del.
1199 2469 1271 2512 τήιι
1296 2469 1424 2502 Lamb.
1460 2469 1532 2502 ΟΒ.
1581 2468 1708 2502 Allein

246 2516 364 2549 θεῶν
390 2513 487 2548 wird
512 2524 557 2548 zu
584 2514 689 2548 einer
721 2515 839 2561 Sylbe
864 2517 959 2550 oster
983 2526 1191 2550 zusammen
1216 2525 1398 2559 gezogen.
1423 2533 1467 2540 -
1513 2514 1595 2549 Sibi
1624 2513 1706 2548 hab.

245 2569 276 2592 s.
309 2559 361 2601 ἢ,
404 2559 505 2593 wohl
538 2561 719 2595 bekomm‘
744 2562 818 2596 ihm
856 2562 936 2596 sein
963 2562 1101 2596 Gliick!
1127 2582 1171 2589 --
1216 2562 1393 2606 apricat„
1432 2559 1492 2593 ein
1529 2559 1708 2603 sonniger

247 2603 492 2649 Spazirgang.
528 2607 574 2640 de
609 2607 756 2642 Senect.
791 2620 824 2643 c.
845 2610 897 2643 16.
931 2608 975 2642 ad
1009 2608 1121 2642 Attic.
1138 2607 1237 2650 XII,
1263 2609 1300 2642 6:
1337 2617 1439 2640 assus
1472 2606 1546 2648 sol,
1581 2609 1708 2639 unctus

245 2652 312 2684 sol.
353 2669 394 2675 —
442 2653 611 2696 Lucret„
656 2659 792 2696 „unter
828 2654 910 2687 dem
949 2655 1112 2688 schonen
1150 2653 1309 2687 Himmel
1342 2651 1482 2686 Deines
1514 2651 1707 2694 Landguts

245 2695 527 2741 Lucretinum,”
552 2699 692 2733 unweit
727 2699 792 2733 des
816 2711 889 2733 von
915 2701 1040 2734 Horaz
1073 2701 1313 2742 besungenen
1337 2699 1481 2741 Berges
1505 2697 1708 2733 Lucretilis

247 2741 294 2776 im
320 2742 603 2781 Sabinerlande.
651 2745 703 2781 za
728 2746 784 2780 sol
807 2746 882 2791 vgl.
908 2746 1038 2781 Horat.
1058 2746 1093 2790 1,
1121 2748 1164 2789 1,
1189 2746 1251 2783 25:
1284 2746 1353 2780 sub
1378 2745 1469 2779 Iove
1495 2742 1646 2788 frigido.
1687 2768 1690 2769 γ
