1795 3043
239 110 341 158 564
507 105 572 152 M.
608 108 664 152 Τ.
702 105 1041 154 CICERONIS
1075 107 1448 156 EPISTOLAE.

238 231 312 259 ero
341 231 426 259 una
455 231 552 260 cum
584 231 654 269 eo,
696 220 770 272 qui
801 221 1016 274 negotium
1045 222 1155 275 gerit
1184 225 1332 274 estque
1361 221 1406 262 in
1435 234 1511 275 spe
1537 236 1702 277 magna.

236 276 394 318 Brutus
429 277 588 318 amicus
626 278 671 317 in
713 290 840 319 causa
881 280 1073 320 versatur
1111 279 1280 320 acriter.
1349 280 1568 322 Hactenus
1605 282 1703 331 fuit,

235 334 349 384 quod
378 336 502 375 caute
533 349 557 375 a
586 348 652 374 me
683 335 814 376 scribi
845 339 1001 388 posset.
1059 338 1178 380 Vale.
1236 337 1302 378 De
1320 338 1524 390 pensione
1554 340 1704 390 altera,

234 394 392 445 orote,
421 394 536 433 omni
566 406 669 434 cura
700 393 943 442 considera,
976 394 1079 447 quid
1108 395 1347 436 faciendum
1377 396 1452 445 sit,
1484 399 1531 436 ut
1549 397 1702 452 scripsi

231 448 285 491 iis
313 451 474 504 literis,
502 463 607 503 quas
638 450 788 491 Pollex
816 452 927 494 tulit.

342 601 663 649 EPISTOLA
695 582 988 649 cccxcm.
1038 603 1119 658 (aa
1154 603 1258 645 mv.
1296 603 1420 646 xiv,
1456 604 1564 660 21.)

227 679 312 715 Ser.
344 679 504 713 fortasse
536 687 664 712 mense
699 675 857 711 Quintil.
892 676 938 710 A.
964 674 1008 710 U.
1035 675 1077 709 C.
1105 676 1181 711 706.
1219 686 1268 709 ex
1299 676 1442 711 castris.
1483 678 1531 720 (a.
1557 677 1599 712 C.
1623 678 1697 720 48.)
1764 691 1766 711 l

315 748 441 793 Petit,
479 752 519 781 ut
543 757 603 780 res
629 744 837 788 diligenter
861 744 1096 778 administret
1121 751 1156 779 et
1182 755 1294 790 saepe
1317 745 1449 781 literas
1474 745 1607 781 mittat.

523 813 745 850 TULLIUS
778 814 1080 849 TERENTIAE
1113 813 1244 849 SUAE
1276 813 1314 849 S.
1347 815 1398 850 D.

337 878 381 919 S.
420 876 468 916 V.
511 876 562 918 Β.
600 876 650 916 Ε.
693 875 741 914 V.
802 875 866 915 Da
906 887 1100 926 operam,
1145 875 1193 913 ut
1233 875 1517 915 convalescas.
1577 873 1698 921 Quod
1764 907 1765 931 3

219 947 328 987 opus
357 934 463 986 erit,
501 934 548 974 ut
584 945 653 973 res
683 934 931 984 tempusque
959 932 1172 984 postulat,
1214 931 1438 983 provideas
1468 933 1596 983 atque
1626 931 1699 972 ad·
1764 974 1765 980 ¹

217 992 452 1034 ministres:
491 992 535 1031 et
564 990 699 1031 adme
728 989 781 1030 de
801 989 996 1030 omnibus
1027 988 1154 1029 rebus
1183 1000 1311 1040 quam
1341 988 1583 1042 saepissime
1603 989 1698 1030 lite-

216 1062 285 1091 ras
307 1050 462 1090 mittas.
521 1048 642 1091 vale.

364 1186 681 1235 EPISTOLA
719 1185 1004 1230 CCCXClV.
1053 1181 1135 1243 (ad
1171 1183 1275 1228 Div.
1313 1183 1437 1229 x1v.
1475 1185 1546 1244 6.)

269 1274 353 1314 scr.
380 1275 420 1310 in
444 1273 579 1309 castris
605 1271 781 1317 Pompeii
807 1272 862 1306 Id.
890 1271 1049 1308 Quintil.
1074 1272 1121 1306 A.
1147 1270 1194 1302 ιι
1221 1270 1265 1305 e.
1291 1271 1375 1305 706.
1413 1272 1460 1315 (a.
1486 1271 1525 1306 0.
1552 1271 1630 1315 48.)

210 1344 380 1381 Excusat
410 1340 701 1388 infrequentiam
735 1339 953 1383 literarum3
1000 1338 1205 1373 Terentiae
1236 1338 1364 1374 officia
1400 1349 1492 1384 erga
1524 1338 1691 1375 Tulliam
1765 1362 1766 1365 =

567 1387 714 1431 laudat3
747 1386 934 1421 Pollicem
960 1396 1110 1420 servum
1131 1391 1335 1430 exspectat.

819 1454 932 1490 SUIS
965 1452 1004 1488 S.
1032 1454 1082 1489 D.

322 1519 414 1561 Nec
453 1530 581 1571 saepe
621 1518 707 1569 est,
747 1517 819 1557 cui
848 1515 999 1555 literas
1033 1513 1205 1555 demus:
1255 1526 1336 1554 nec
1365 1526 1456 1554 rem
1486 1514 1690 1556 habemus

209 1578 365 1629 ullam,
413 1589 540 1629 quam
570 1575 758 1615 scribere
787 1573 983 1614 velimus.
1042 1572 1109 1611 Ex
1138 1571 1223 1611 tuis
1252 1571 1413 1623 literis,
1459 1584 1564 1624 quas
1593 1585 1688 1625 pro-

205 1636 320 1677 xime
359 1634 534 1685 accepi‚
595 1631 775 1684 cognovi
813 1629 1037 1681 praedium
1077 1629 1244 1668 nullum
1293 1629 1441 1670 venire
1485 1630 1686 1681 potuisse.

207 1693 350 1741 Quare
379 1690 561 1732 videatis
590 1689 741 1740 velim,
781 1685 989 1738 quomodo
1031 1685 1209 1725 satisfiat
1239 1686 1301 1734 ei,
1352 1687 1423 1726 cui
1459 1687 1578 1726 scitis
1619 1699 1688 1727 me

201 1816 260 1852 sie
292 1816 466 1860 gehoben
500 1813 562 1849 ist.
598 1832 640 1839 —
690 1811 879 1855 negotium
902 1811 1026 1854 gerit,
1067 1809 1136 1843 der
1160 1819 1204 1842 an
1232 1809 1299 1844 der
1325 1808 1457 1854 Spitze
1483 1810 1550 1844 der
1576 1811 1686 1856 Opti-

200 1870 324 1899 maten
351 1863 469 1904 steht,
503 1858 724 1904 Pompeius.
751 1877 796 1883 —-
839 1861 878 1891 in
902 1869 964 1901 spe
989 1867 1145 1898 magna,
1181 1855 1323 1900 quippe
1349 1856 1412 1898 qui
1439 1868 1488 1890 ex
1512 1858 1686 1903 Dyrrha-

201 1911 312 1945 china
335 1919 462 1954 pugna
485 1906 680 1941 confidere
702 1905 888 1938 militibus
913 1903 990 1937 suis
1017 1903 1218 1947 coepisset.
1251 1901 1462 1937 MANUT.
1494 1921 1539 1928 —
1588 1904 1684 1939 Dec.

202 1957 332 1993 Iunius
358 1956 512 1990 Brutus.
565 1952 603 1986 S.
630 1962 676 1985 zu
703 1963 762 1995 ep.
792 1950 1009 1984 DCCLXII
1034 1948 1082 1982 im
1109 1949 1195 1982 Ans.
1223 1968 1265 1973 ——
1314 1949 1353 1981 in
1380 1959 1492 1983 causa
1516 1955 1686 1984 versatur

202 2004 360 2046 acriter,
396 2000 524 2034 nimmt
549 1998 631 2033 sich
658 1997 724 2030 der
750 1997 873 2031 Sache
899 1996 965 2029 mit
990 1995 1247 2038 ungemeinem
1274 1995 1397 2028 Feuer
1423 2007 1492 2038 an3
1532 2003 1684 2031 strenue

201 2050 338 2085 militat
372 2048 410 2082 in
443 2046 614 2091 partibus
640 2043 826 2088 Pompeii.
864 2043 972 2076 SC'H.
1024 2043 1159 2076 Forte:
1202 2042 1342 2075 amicus
1373 2046 1444 2083 est;
1488 2043 1527 2075 in
1559 2054 1680 2078 causa.

201 2097 368 2140 Propter
401 2093 533 2137 script.
568 2091 723 2125 amicust
755 2089 931 2123 omissum
966 2092 1029 2123 est.
1077 2088 1184 2121 Alias
1222 2098 1371 2132 semper
1396 2088 1434 2121 in
1462 2088 1599 2122 talibus
1625 2095 1684 2124 est.

200 2143 344 2177 amicus
374 2143 521 2182 noster,
566 2148 641 2172 non
675 2135 833 2181 simplic.
868 2135 1021 2169 amicus.
1065 2134 1262 2168 ORELLI.
1304 2153 1350 2159 ·—
1397 2135 1583 2168 Hactenus
1609 2162 1617 2169 .
1639 2161 1648 2169 .
1670 2162 1679 2171 .

196 2192 342 2238 posset,
384 2186 500 2221 Diess
536 2184 586 2219 ist
611 2184 738 2225 AUes,
780 2192 857 2215 was
889 2181 951 2215 die
983 2180 1268 2214 Behutsamkeit
1299 2179 1370 2214 mir
1402 2191 1447 2213 zu
1480 2181 1678 2215 schreiben

199 2235 363 2271 erlaubt.
409 2235 528 2277 potest
554 2232 680 2265 Oxon.
706 2230 740 2263 2.
775 2228 872 2262 Ball.
905 2228 1013 2272 prob.
1042 2226 1214 2261 Graevio.
1255 2245 1299 2251 —
1351 2225 1456 2261 Vale.
1491 2238 1562 2260 om.
1590 2228 1623 2262 h.
1651 2229 1678 2262 l.

201 2289 240 2317 et
265 2280 373 2326 pouit
397 2279 435 2313 in
460 2278 556 2321 fine,
595 2283 635 2310 ut
666 2277 787 2318 solet,
819 2275 949 2308 Lamb.
986 2274 1059 2308 OR.
1111 2274 1215 2307 Aber
1249 2284 1288 2306 es
1326 2273 1468 2305 kommt
1493 2274 1590 2307 noch
1617 2274 1679 2308 ein

200 2326 429 2370 Postscript.
463 2343 508 2350 -
553 2325 728 2368 pensione
752 2322 871 2355 altera
898 2320 998 2355 dotis
1024 2319 1173 2353 Tulliae
1211 2319 1436 2352 Dolabellae
1461 2320 1676 2355 solvendae.

198 2375 310 2411 SCH.
358 2372 397 2407 S.
426 2371 459 2406 d.
486 2371 574 2405 Ans.
601 2369 636 2404 d.
661 2367 783 2413 vorig.
811 2368 876 2401 Br.
901 2386 946 2393 —
990 2366 1136 2409 Pollex,
1170 2375 1301 2399 servus
1328 2364 1536 2401 Ciceronis.
1585 2366 1676 2402 vid.
1750 2372 1751 2378 ¹

199 2434 261 2468 ep.
284 2420 372 2463 328,
400 2420 433 2454 1.
469 2417 551 2454 394.

294 2469 327 2501 1.
362 2469 401 2498 ut
426 2463 671 2498 convalescas.
716 2459 753 2495 s.
781 2471 840 2505 ep.
866 2457 1172 2495 CCCLxxxlx
1196 2456 1246 2491 im
1271 2457 1357 2492 Ans.
1384 2476 1427 2484 -
1470 2458 1617 2503 proma.
1642 2463 1676 2493 ee
1748 2432 1751 2435 ’

199 2514 361 2552 αάηιίη.,
394 2512 557 2551 besorge
583 2507 657 2542 und
683 2506 898 2541 beschicke.

293 2557 410 2594 SUIS
434 2557 472 2592 S.
497 2557 543 2590 D.
594 2554 659 2590 Sic
683 2553 761 2588 Md.
793 2553 881 2587 Bas.
916 2551 1018 2587 Vict.
1043 2551 1074 2585 2.
1110 2550 1252 2585 Bened.
1306 2550 1450 2584 Tullius
1485 2551 1675 2584 Terentiae

199 2617 300 2641 meae
341 2605 444 2640 Vict.
476 2605 507 2637 l.
541 2602 573 2637 2.
614 2600 783 2642 (Graev.)
838 2599 897 2634 M.
934 2599 973 2632 T.
1006 2597 1047 2631 C.
1085 2597 1277 2631 Terentiae
1306 2601 1339 2631 et
1380 2596 1524 2630 Tulliae
1561 2597 1600 2631 S.
1626 2597 1671 2631 D.
1745 2595 1750 2637 ἶ

197 2653 327 2735 ῙὸεωΙὶἰ.
357 2652 449 2685 Ern.
477 2649 564 2685 Sch.
596 2648 674 2683 ΟΒ.
721 2646 780 2683 Μ.
803 2646 843 2681 Τ,
868 2644 1052 2680 CICERO
1080 2644 1377 2679 TERENTIAE
1401 2642 1541 2678 SUAE
1563 2643 1603 2678 S.
1628 2643 1670 2678 P.

241 2725 248 2734 .
317 2709 436 2732 unem.

293 2747 326 2779 1.
351 2743 475 2778 venire
500 2741 522 2776 i.
539 2752 573 2777 e.
599 2738 724 2776 vendi.
757 2738 861 2775 Idem
886 2737 1092 2782 scripserat
1115 2747 1231 2782 supra
1254 2735 1300 2770 ad
1324 2735 1487 2771 Atticum
1512 2746 1572 2780 ep.
1589 2735 1668 2770 392.
1736 2749 1749 2792 ἰ

201 2791 311 2827 SCH.
354 2809 396 2817 -
443 2788 627 2832 videatis,
662 2786 762 2822 Crat.
797 2783 925 2821 Lamb.
960 2783 1099 2818 videas.
1141 2802 1184 2810 --
1232 2783 1409 2829 quomodo
1438 2783 1595 2824 satisfiat
1623 2785 1671 2827 ei,
