1795 3043
261 89 359 138 436
511 82 576 129 Μ.
611 80 671 143 ΠΤ.
707 76 1053 124 ΟῙΟΕΒΟΝῙΞ
1082 75 1456 126 EPISTOLAE.

262 197 316 240 ad
343 205 565 248 superum,
593 190 803 242 navigatio
832 189 991 238 insero,
1023 188 1232 229 discessus
1256 186 1487 242 Arpinum,
1515 202 1568 231 ne
1596 191 1713 232 hunc

262 253 445 307 fugisse,
485 248 644 290 mansio
673 246 879 298 Formiis,
900 283 903 285 ,
928 259 981 286 110
1010 245 1217 286 obtulisse
1245 259 1321 286 nos
1349 248 1622 299 gratulationi
1653 248 1713 289 vi-

264 311 459 351 deamur:
496 305 571 347 sed
599 304 789 345 miserius
817 303 949 350 nihil,
991 315 1117 353 quam
1146 313 1196 343 ea
1223 303 1391 355 videre,
1438 315 1546 355 quae
1573 305 1713 345 tamen

263 368 370 417 iam,
410 365 519 415 iam,
554 362 750 413 inquam,
793 359 972 401 videnda
1001 359 1139 400 erunt.
1196 359 1296 399 Fuit
1334 360 1445 411 apud
1473 373 1539 401 me
1568 361 1714 401 Postu·

263 435 377 464 mus:
426 418 580 471 scripsi
618 417 670 459 ad
708 419 768 469 tc,
810 429 934 468 quam
971 416 1123 468 gravis.
1178 415 1304 456 Venit
1333 417 1385 456 ad
1414 429 1480 457 me
1511 417 1638 458 etiam
1665 418 1714 466 Q.

264 477 431 530 Fufius,
485 487 569 528 quo
603 475 743 515 vultu!
801 486 883 524 quo
923 473 1096 524 spirltu!
1156 483 1388 525 properans
1427 473 1713 522 Brundisium,

263 535 402 576 scelus
439 544 642 575 accusans
682 529 896 583 Pompeii,
943 530 1158 570 levitatem
1196 531 1238 569 et
1274 530 1496 570 stultitiam
1534 531 1714 571 senatus.

263 592 383 632 Haec
411 591 485 643 qui
514 590 560 630 in
587 600 682 629 mea
710 586 813 628 villa
841 598 925 626 11011
952 587 1109 632 feram,
1143 585 1334 626 Curtium
1355 587 1400 627 111
1418 586 1537 627 curia
1565 589 1714 639 potero

214 649 244 689 2
265 647 408 689 ferre?
465 645 577 700 '‘Age,
618 644 728 696 finge
758 655 824 683 me
853 643 1045 693 quamvis
1071 639 1326 690 εὐστομάχως
1352 644 1458 684 haec
1487 645 1715 684 ferentem:

264 704 367 757 quid
395 704 501 757 ill-a,
521 703 629 743 DIC
655 699 862 740 MARCE
897 700 1101 751 TULIJ,
1131 711 1254 749 quem
1283 700 1500 741 habebunt
1527 698 1715 742 0111111ωὲ

264 762 322 802 Et
359 761 508 800 omitto
548 768 718 799 causam
755 754 821 796 rei
856 754 1075 806 publicae,
1122 767 1245 806 quam
1284 769 1360 809 ego
1391 757 1584 797 amissam
1611 757 1716 810 puto

263 829 392 870 quum
419 814 666 857 vulneribus
695 812 803 860 suis,
848 813 938 851 tum
966 811 1283 853 medicamentis
1310 814 1384 862 iis,
1430 825 1538 866 quae
1567 826 1717 867 paran-

264 876 355 916 tur:
409 873 461 914 de
496 870 698 923 Pompeio
740 867 841 920 quid
880 868 1031 922 agam?
1085 869 1154 909 cui
1193 871 1318 920 plane
1347 891 1404 899 —-
1461 869 1565 921 quid
1601 871 1714 910 enim

262 932 346 972 hoc
362 929 540 983 negem?
561 949 618 959 --
655 924 890 967 succensui.
949 926 1123 977 Semper
1147 927 1256 966 enim
1286 926 1383 978 [me]
1415 938 1568 967 causae
1593 939 1716 967 even-

263 989 401 1028 torum
430 986 562 1039 magis
591 984 759 1025 movent
787 995 912 1033 quam
941 982 1033 1035 ipsa
1061 983 1224 1022 eventa.
1282 983 1402 1023 Haec
1431 983 1564 1035 igitur
1591 984 1716 1034 mala,

263 1066 320 1074 —
365 1044 517 1096 quibus
552 1041 712 1082 maiora
741 1051 830 1079 esse
858 1050 966 1090 quae
1003 1039 1209 1091 possunt?
1237 1062 1295 1069 —
1352 1040 1618 1081 considerans
1648 1040 1716 1080 vel

261 1100 402 1155 potius
438 1099 632 1139 iudicans
670 1097 760 1136 eius
801 1107 931 1147 opera
967 1095 1173 1135 accidisse
1212 1098 1254 1135 et
1293 1098 1450 1148 culpa,
1502 1096 1717 1136 inimicior

262 1169 378 1198 eram
407 1156 530 1208 huic,
571 1165 696 1205 quam
722 1150 805 1204 ipsi
834 1151 1025 1201 Caesari3
1072 1153 1120 1191 ut
1147 1152 1326 1192 maiores
1355 1153 1488 1193 nostri
1516 1153 1719 1192 funestio-

260 1226 353 1256 rem
382 1213 494 1253 diem
511 1223 601 1251 esse
618 1210 843 1250 voluerunt
857 1208 1057 1248 Alliensis
1072 1220 1237 1261 pugnae
1266 1222 1389 1260 quam
1405 1209 1523 1250 urbis
1546 1211 1717 1261 captae;

261 1270 376 1321 quod
404 1270 486 1309 hoc
513 1267 670 1308 malum
700 1277 752 1305 ex
780 1265 876 1313 illo;
906 1264 1048 1315 itaque
1077 1266 1187 1304 alter
1215 1266 1437 1317 religiosus
1455 1265 1580 1306 etiam
1604 1278 1717 1305 1111110

261 1327 373 1375 11105,
425 1325 534 1365 alter
578 1323 624 1363 in
663 1322 813 1375 vulgus
849 1320 1038 1374 ignotus:
1086 1320 1149 1361 sic
1187 1333 1286 1374 ego,
1330 1321 1476 1363 decem
1511 1334 1716 1362 annorum

260 1460 376 1485 mare.
421 1447 540 1490 infero
571 1443 675 1480 mari.
708 1461 752 1470 --
805 1446 984 1479 discessus
1015 1445 1220 1487 Arpinum,
1263 1444 1346 1479 scil.
1380 1445 1479 1489 quod
1514 1444 1605 1479 mihi
1640 1451 1717 1480 tum
1755 1460 1759 1463 ⁴

259 1494 499 1531 metuendum
524 1492 616 1533 erit,
651 1501 695 1524 ne
720 1496 788 1525 etc.
834 1490 874 1526 S.
901 1501 958 1534 ep.
979 1490 1182 1530 CCCXLI,
1212 1492 1246 1525 3.
1281 1509 1324 1515 —
1372 1490 1483 1535 hunc,
1508 1492 1716 1527 Caesarem.

259 1541 403 1576 mansio
432 1538 612 1577 Formiis,
646 1547 690 1570 ne
714 1543 804 1577 cet„
847 1536 947 1570 mein
970 1535 1131 1570 Bleiben
1163 1546 1209 1570 zu
1234 1537 1402 1578 Formis,
1440 1537 1529 1571 weil
1553 1548 1593 1571 es
1619 1538 1716 1571 dann

260 1587 410 1622 heissen
433 1585 599 1627 mbchte,
635 1582 696 1617 ich
727 1583 829 1616 hatte
860 1582 956 1616 mich
982 1582 1056 1616 ihm
1082 1582 1120 1616 in
1145 1582 1217 1616 den
1243 1584 1342 1627 Weg
1366 1584 1533 1626 gestellt,
1568 1594 1717 1627 gewor-

260 1635 345 1676 fen,
367 1643 428 1666 um
451 1631 527 1665 ihm
550 1628 697 1664 meinen
713 1628 989 1663 Gliickwunsch
1012 1628 1256 1662 abzustatten.
1283 1647 1328 1653 —
1367 1630 1461 1668 iam,
1488 1633 1580 1671 iam,
1605 1629 1717 1663 nach·-

258 1686 384 1722 stens,
408 1677 617 1711 nachstens.
640 1692 687 1702 --
724 1674 926 1709 Postumus.
958 1672 997 1708 S.
1024 1684 1083 1717 ep.
1098 1674 1334 1718 CCCXLIII,
1350 1677 1382 1709 3.
1411 1676 1652 1717 CCCXLIV,
1679 1676 1714 1709 2.

259 1744 305 1751 —
333 1725 484 1767 gravis,
523 1721 646 1765 lastig.
677 1736 724 1746 -
778 1720 820 1755 Q.
846 1721 970 1762 Fufius
1001 1719 1182 1761 Calenus,
1219 1718 1267 1752 im
1300 1720 1329 1754 1.
1354 1721 1420 1755 693
1451 1720 1715 1763 Volkstribun‚
1749 1743 1751 1745 ·

257 1771 352 1805 ietzt
374 1779 536 1804 warmer
558 1768 758 1810 Anhanger
783 1766 926 1801 casars.
960 1764 998 1800 S.
1025 1775 1083 1809 ep.
1101 1766 1190 1807 XV,
1216 1766 1247 1799 1.
1274 1784 1317 1790 —
1365 1777 1433 1810 quo
1456 1769 1608 1810 spiritu!
1647 1767 1716 1800 mit

258 1817 443 1851 welchem
480 1813 726 1849 Uebermuth!
758 1831 803 1838 —
858 1812 958 1846 Haec
987 1811 1051 1855 qui
1080 1822 1128 1845 :z
1165 1821 1278 1855 quum
1308 1822 1390 1855 ego.
1427 1831 1469 1837 —
1532 1812 1714 1846 Curtium.

259 1862 298 1899 S.
324 1873 384 1907 ep.
407 1860 650 1901 CCCXLIII,
675 1861 709 1894 3.
1090 1901 1097 1909 ·

349 1908 383 1942 2.
414 1906 614 1948 εὐστομ,
646 1905 744 1938 bono
770 1903 980 1946 stomacho,
1010 1902 1183 1944 fortiter3
1214 1902 1375 1946 quamvis
1398 1913 1444 1936 =
1466 1903 1715 1947 quantumvis,

259 1953 356 1988 noch
381 1963 422 1987 so
438 1951 635 1985 standhast.
654 1968 699 1975 —-
735 1949 823 1993 quid
848 1948 915 1981 illa
939 1974 968 1983 ..
983 1973 992 1982 .
1019 1949 1180 1982 exitum?
1212 1949 1331 1984 Quum
1352 1948 1390 1982 in
1407 1956 1535 1982 senatu
1555 1949 1716 1983 iubebor
1774 1955 1776 1958 “

257 1998 478 2035 sententiam
504 1997 650 2038 dicere,
694 1995 783 2039 quid
808 1994 898 2028 mihi
924 1994 997 2028 erit
1027 1994 1258 2028 faciendum?
1288 1995 1392 2038 „wie
1418 1995 1533 2028 werd'
1557 1995 1616 2028 ich
1642 1995 1714 2029 mir

259 2046 307 2080 da
331 2045 455 2079 helsen
466 2044 500 2078 ³”
550 2042 677 2077 Ueber
702 2041 762 2075 die
787 2040 956 2075 Formel:
995 2040 1085 2074 ch
1107 2040 1164 2074 Μ.
1193 2039 1232 2074 Τ.
1260 2050 1288 2073 s.
1316 2051 1374 2085 ep.
1395 2040 1650 2084 CCXXXIV,
1676 2042 1711 2075 4.

258 2090 461 2132 CCXCIV,
485 2090 519 2123 5.
554 2087 800 2131 CCXCVIII,
826 2089 858 2121 7.
878 2105 920 2111 —
960 2086 1008 2120 Et
1022 2086 1148 2120 omitto
1173 2087 1231 2120 fiir
1256 2085 1304 2119 Ut
1323 2086 1508 2124 omittam,
1535 2086 1714 2130 schweig'

256 2136 319 2171 ich
350 2136 445 2170 auch
477 2145 562 2168 von.
589 2153 633 2159 —
681 2144 788 2177 quum
812 2133 907 2166 vuln.
932 2142 960 2167 s,
985 2143 1008 2166 a
1031 2133 1190 2167 Caesare
1216 2131 1445 2176 potissimum
1471 2131 1643 2171 inflictis,
1669 2143 1712 2166 50

256 2182 360 2217 wohl
385 2191 518 2225 wegen
535 2180 603 2213 der
628 2179 695 2213 od.
722 2177 784 2213 1101
801 2178 872 2212 den
890 2178 949 2212 ihr
960 2178 1231 2222 geschlagenen
1244 2177 1429 2211 Wunden.
1456 2195 1499 2202 —
1529 2181 1714 2221 parantur

257 2239 279 2262 a
302 2227 499 2273 PompeiO.
544 2225 641 2260 Statt
670 2225 720 2258 iis
750 2226 836 2259 Asc.
858 2226 889 2259 1.
923 2224 1024 2259 Crat.
1061 2223 1161 2260 Vict.
1190 2225 1221 2256 1.
1254 2223 1382 2257 Lamb.
1406 2222 1473 2257 his.
1507 2240 1553 2249 —-
1599 2224 1642 2257 de
1666 2224 1709 2258 P.

257 2275 344 2318 quid
367 2284 500 2315 agam,
538 2271 612 2305 wie
640 2270 739 2304 kann
769 2270 830 2304 ich
852 2269 949 2303 mich
974 2271 1068 2303 iiber
1091 2267 1294 2312 Pompeius
1319 2269 1541 2302 vernehmen
1567 2269 1712 2303 lassen?

256 2338 303 2345 —
335 2320 421 2364 [me]
445 2328 500 2351 me
524 2316 665 2351 inserui
690 2327 771 2350 cum
796 2315 883 2351 Sch.
908 2315 955 2350 de
978 2314 1133 2350 Casaub.
1158 2315 1350 2348 sententia.
1380 2315 1453 2350 OR.
1500 2315 1593 2348 Nam
1618 2316 1712 2348 hanc

257 2365 477 2401 sententiam
501 2373 575 2396 non
600 2363 829 2406 generaliter
852 2361 986 2397 Cicero
1009 2359 1283 2407 pronuntiavit3
1322 2371 1433 2404 quum
1458 2371 1536 2394 eam
1562 2360 1711 2394 univer·
1737 2388 1760 2401 .

256 2422 334 2446 sam
364 2421 490 2445 veram
528 2419 601 2442 non
634 2419 715 2441 esse
746 2408 901 2442 videret.
937 2425 982 2432 —
1027 2404 1206 2441 Alliensis
1227 2416 1395 2448 pugnae,
1439 2406 1485 2439 ad
1509 2406 1646 2440 Alliam
1670 2406 1709 2440 in

257 2457 408 2493 Samnio
441 2455 510 2490 365
534 2466 566 2488 a.
594 2453 626 2487 d.
664 2454 753 2489 XV.
779 2455 867 2488 Kal.
899 2452 1003 2488 Sext.
1037 2452 1170 2487 factae.
1215 2451 1302 2487 Vid.
1328 2452 1410 2486 Liv.
1438 2452 1485 2491 V,
1510 2454 1566 2487 33.
1598 2452 1707 2486 SCH.

188 2532 189 2535 ,
255 2522 302 2529 -
339 2506 464 2546 captae
488 2511 510 2534 a
535 2499 664 2534 Gallis.
689 2517 734 2526 —
780 2510 823 2532 esc
846 2500 913 2533 illo
939 2504 1057 2532 ortum
1084 2503 1191 2532 esset.
1219 2516 1263 2522 —
1310 2497 1526 2540 religiosus,
1566 2498 1621 2531 als
1647 2497 1707 2531 ein

256 2548 494 2583 offentlicher
518 2546 726 2589 Trauertag
749 2546 961 2589 angesehen
983 2543 1100 2578 ward.
1139 2544 1286 2577 Habent
1316 2545 1408 2577 haec
1433 2543 1577 2577 Gellius
1601 2545 1645 2585 4,
1670 2544 1704 2577 9.

255 2595 400 2629 Nonius
438 2594 476 2627 in
513 2605 546 2627 v.
580 2592 793 2633 Religiosus
828 2602 864 2635 p.
891 2592 969 2625 379.
1003 2590 1068 2623 cfr.
1118 2600 1188 2623 van
1221 2591 1392 2626 Vaassen
1428 2590 1526 2623 Fase.
1559 2599 1595 2632 p.
1624 2589 1702 2622 184.

256 2640 452 2675 ORELLI.
489 2639 565 2674 Cfr.
590 2637 779 2672 Plutarch.
807 2636 845 2670 in
869 2636 935 2670 vit.
961 2634 1121 2670 Camilli.
1148 2639 1194 2660 —·
1239 2636 1406 2677 ignotus‚·
1440 2634 1560 2668 doctis
1586 2640 1704 2668 tamen

250 2693 360 2721 notus
386 2685 466 2720 suit.
515 2685 606 2719 Nam
632 2688 810 2726 sequente
834 2682 975 2716 cladem
999 2680 1203 2715 Alliensem
1228 2681 1289 2715 dic
1315 2681 1443 2715 urbem
1470 2679 1569 2713 Galli
1594 2690 1704 2724 cepe-

249 2737 335 2767 runt
370 2737 407 2765 et
439 2730 696 2766 incenderunt.
740 2729 826 2763 Fuit
860 2728 892 2761 is
924 2727 1036 2763 XVI.
1062 2727 1148 2762 Kal.
1175 2726 1309 2762 Sextii.
1360 2726 1450 2762 Vid.
1476 2725 1558 2760 Liv.
1585 2725 1634 2768 V,
1658 2728 1704 2761 37
1758 2727 1760 2729 ’
