1795 3043
259 82 323 130 68
530 75 595 121 M.
631 74 687 120 T.
725 69 1060 121 CICERONIS
1096 69 1471 123 EPISTOLAE.

259 190 312 230 de
341 189 535 231 omnibus
565 186 801 240 provinciis
830 186 1061 226 decernere
1091 185 1268 236 senatui,
1298 185 1486 237 reliquas
1505 185 1722 239 impediat.

263 248 334 288 Sic
365 249 542 288 multum
572 257 621 285 ac
653 244 725 283 diu
754 243 936 291 ludetur,
970 245 1097 294 atque
1127 243 1189 283 ita
1207 243 1292 294 diu,
1310 244 1476 294 utplus
1500 243 1722 285 biennium

213 314 238 352 3
262 307 305 345 in
344 306 409 345 his
449 303 573 344 tricis
607 302 808 342 moretur.
868 301 914 341 Si
952 301 1052 351 quid
1093 301 1191 340 novi
1221 301 1272 341 de
1303 312 1349 339 re
1378 300 1577 352 publica,
1608 301 1722 353 quod

261 361 341 402 tibi
372 361 626 407 scriberem,
660 357 878 409 haberem,
908 370 1009 397 usus
1039 369 1172 397 essem
1201 370 1296 397 mea
1325 358 1641 406 consuetudine,
1672 360 1723 399 ut

260 420 498 472 diligenter,
529 419 570 457 et
600 415 700 467 quid
729 417 871 455 actum
902 417 1022 462 esset,
1056 416 1098 454 et
1126 414 1230 465 quid
1260 427 1311 455 ex
1340 426 1388 453 eo
1418 414 1612 455 futurum
1628 428 1721 468 spe-

261 488 414 528 rarem,
443 473 770 528 perscriberem-
828 473 937 512 Sane
969 474 1181 523 tamquam
1210 472 1254 510 in
1285 471 1464 523 quodam
1492 472 1614 512 incili
1635 473 1720 513 iam

261 534 404 574 onmia
447 532 742 573 adhaeserunt.
811 529 1041 568 Marcellus
1081 528 1194 568 idem
1239 528 1347 569 illud
1393 529 1444 568 de
1483 529 1720 581 provinciis

260 592 403 643 urget:
435 601 570 641 neque
600 587 738 628 adhuc
771 585 1038 637 frequentem
1076 588 1266 626 senatum
1296 587 1334 626 is
1363 585 1537 626 efficere
1564 587 1721 638 potuit.

260 650 354 690 Hoc
385 648 419 687 si
448 645 680 699 praeterito
722 655 832 684 anno
873 643 1001 682 curio
1033 641 1228 682 tribunus
1259 645 1301 683 et
1340 643 1487 684 eadem
1524 643 1636 684 actio
1666 643 1720 684 de

258 705 491 760 provinciis
511 701 720 743 introibit:
753 712 878 752 quam
911 701 1037 739 facile
1067 703 1169 740 tunc
1201 700 1255 739 sit
1284 701 1425 740 omnia
1454 700 1658 753 impedire
1676 701 1721 741 et

259 776 386 816 quam
408 763 490 802 hoc
519 759 689 800 Caesari
719 757 793 809 qui
823 770 898 796 sua
928 769 1055 797 causa
1085 769 1172 797 rem
1201 757 1418 810 publicam
1446 770 1532 799 non
1549 759 1721 808 curent,

258 819 289 872 ’ψ
307 820 499 872 superet,
530 829 613 857 non
638 818 680 855 te
711 815 832 855 fallit.

256 898 407 941 viderit,
432 891 598 939 reliquas*
622 893 796 939 expediri
821 904 892 926 non
910 894 1083 937 patiatur.
1109 894 1245 932 MAN.
1272 896 1333 939 qui
1352 896 1418 930 rel.
1439 896 1627 939 impediat,
1651 895 1720 929 der

257 945 319 980 bei
346 945 417 977 den
444 943 600 987 iibrigen
626 941 778 975 alsdann
804 940 897 973 auch
922 940 1032 974 lmine
1058 941 1332 985 Veranderung
1356 943 1527 985 zugeben
1551 941 1720 976 wird.—-

258 993 415 1033 ludetur,
442 990 540 1023 diess
559 988 663 1033 Spiel
689 987 787 1021 wird
811 986 1006 1030 getrieben
1031 987 1196 1022 werden.
1223 1007 1265 1012 —
1290 988 1330 1021 in
1354 987 1389 1023 lz.
1414 989 1521 1022 tricis
1544 992 1719 1031 moretur,

257 1040 342 1072 dass
374 1048 455 1070 man
488 1037 581 1069 uber
613 1035 742 1069 diesen
773 1033 1072 1077 Verwirrungen
1107 1034 1223 1068 leicht
1258 1035 1363 1067 mehr
1398 1035 1452 1068 als
1487 1034 1584 1069 zwei
1608 1035 1720 1068 Iahre

258 1084 482 1127 hinbringen
528 1082 661 1115 durfte.
720 1080 845 1114 Callus
888 1080 1094 1123 gebi-auctir.
1133 1080 1197 1114 das
1241 1080 1357 1115 Verb.
1402 1081 1718 1125 impersonaliter.

256 1133 462 1164 <moreretur
480 1129 557 1163 Md.
576 1138 770 1161 moremur.
790 1127 879 1160 Ern.
892 1137 990 1170 susp.
1006 1138 1109 1159 mora
1119 1127 1226 1160 detur
1242 1127 1382 1161 Bened.
1394 1138 1494 1171 susp.
1517 1127 1717 1161 ORELLI.

346 1178 381 1211 3.
431 1187 474 1209 ei:
499 1187 538 1208 eo
563 1176 747 1217 sulm-um,
779 1173 911 1206 daraus
938 1173 1108 1216 ert'olgen
1134 1173 1274 1206 werde.
1309 1174 1472 1217 „Calius
1494 1173 1606 1207 'hatte
1637 1174 1718 1207 sich

258 1223 422 1258 Ciceros
447 1222 564 1256 Wink
590 1233 648 1265 ep.
675 1220 854 1261 CXOEX,
882 1221 914 1252 1.
941 1219 1120 1262 gemerkt.
1148 1238 1189 1243 ——
1222 1224 1329 1263 tamq.
1355 1220 1395 1252 in
1419 1221 1574 1264 quodam
1597 1220 1719 1263 incili,

256 1269 487 1313 „aberAlles
505 1268 628 1301 stockt
647 1267 737 1299 ietzt
751 1266 824 1299 wie
844 1266 880 1298 in
897 1266 1015 1298 einen]
1027 1266 1175 1299 Graben
1194 1266 1445 1309 ohneAbzug.
1473 1265 1511 1301 S.
1524 1266 1716 1300 Cat.R.R.

258 1317 335 1350 155.
358 1314 602 1357 C01un1.v,o.
629 1313 715 1356 „De
735 1313 876 1345 lilanut.
902 1311 1147 1346 coni.Graev.
1170 1312 1260 1345 Ern.
1284 1311 1370 1345 Sch.
1396 1312 1544 1346 Liin.in
1561 1313 1717 1356 quodam
1772 1323 1776 1327 ’

255 1363 296 1396 in
316 1362 452 1395 Cilicia
469 1361 546 1395 Md.
566 1362 652 1394 Asc.
665 1361 697 1392 l.
718 1359 858 1392 Bened.
879 1360 932 1401 (ut
949 1358 1096 1392 Caelius
1117 1357 1172 1391 his
1195 1358 1321 1391 verbis
1338 1364 1466 1403 carpat
1482 1358 1717 1399 Ciceronem,

257 1409 357 1452 quod
375 1409 495 1441 lentus
513 1406 620 1440 nimis
642 1412 679 1438 et
694 1416 823 1449 parum
843 1404 994 1438 sedulus
1010 1404 1056 1437 sit
1075 1405 1111 1437 in
1128 1404 1319 1448 pantheris
1337 1405 1410 1438 sibi
1436 1404 1621 1439 curandis.
1639 1405 1713 1440 vid.

257 1467 316 1499 ep.
332 1453 709 1497 CCII,2.)viquccsiam
720 1452 757 1484 z'n
768 1451 916 1485 Cilicia.
929 1451 1028 1485 Crat.
1043 1451 1083 1483 in
1099 1452 1367 1495 qztodcctttsilz'ce
1379 1451 1480 1486 Vict.
1492 1453 1522 1485 l.
1539 1451 1716 1487 2.Lamb.
1765 1485 1768 1488 Α

257 1501 454 1535 ORELLI.
480 1519 522 1524 —
547 1502 668 1540 urget,
692 1498 820 1541 bringt
846 1497 916 1530 den
941 1497 1068 1531 Punkt
1094 1508 1225 1540 wegen
1258 1497 1326 1531 der
1349 1498 1562 1532 Provinzen
1587 1498 1718 1532 immet

256 1548 402 1582 wieder
434 1547 472 1580 in
504 1547 722 1588 Anregung.
747 1563 792 1569 -
816 1553 926 1587 neque
950 1549 1070 1577 tamen
1105 1543 1222 1577 adhuc
1253 1546 1297 1586 (s.
1324 1544 1474 1578 Ramsh.
1508 1545 1537 1587 ἕ.
1564 1545 1642 1588 179,
1666 1545 1715 1588 Β,
1763 1550 1766 1581 J

255 1595 308 1635 b.)
322 1598 398 1638 pot.
426 1593 518 1636 „hat
543 1592 633 1625 aber
657 1591 785 1624 bisher
809 1590 910 1622 nicht
935 1589 1095 1622 einmahl
1116 1589 1186 1623 den
1212 1588 1326 1624 Senat
1351 1590 1387 1623 in
1412 1590 1615 1634 gehoriger
1639 1592 1718 1626 An-

255 1641 340 1674 zahl
373 1648 581 1673 zusammen
620 1637 779 1681 bringen
810 1636 1010 1669 konnen.“
1059 1636 1127 1669 Um
1172 1636 1279 1669 einen
1315 1636 1468 1671 Schluss
1501 1647 1547 1671 zu
1577 1637 1716 1682 sassen,
1759 1653 1762 1664 ι

255 1680 419 1720 mussteti
456 1685 685 1728 wenigstens
722 1682 883 1716 hundert
920 1682 1127 1716 Senatoren
1165 1683 1425 1726 gegenwartig
1457 1684 1549 1717 sein.
1583 1702 1629 1708 -—-
1667 1684 1714 1718 ἐς.
1758 1689 1761 1692 “

256 1733 320 1769 Sic
350 1732 497 1777 scripsi.
530 1733 750 1774 frequentem
779 1729 917 1762 senatis
946 1729 1025 1763 Md.
1059 1728 1164 1763 omis.
1198 1730 1232 1762 z's
1258 1730 1353 1763 Cett.
1389 1730 1464 1763 ΟΕ.
1490 1749 1535 1754 -—
1573 1729 1713 1766 Hoc...
1756 1754 1757 1757 =

250 1780 453 1824 praeterito
492 1789 586 1811 anno
619 1778 663 1811 U.
692 1777 732 1810 C.
761 1778 844 1818 703,
882 1786 943 1809 wo
977 1786 1018 1808 er
1051 1775 1087 1808 in
1114 1775 1253 1809 diesem
1279 1775 1456 1810 Monathe
1481 1777 1595 1810 sehon
1629 1787 1714 1811 zum

255 1826 555 1862 Volkstribunen
596 1823 656 1857 fiir
682 1823 746 1856 das
779 1823 865 1855 Iahr
899 1823 964 1856 704
999 1827 1154 1855 ernannt
1184 1832 1275 1855 war.
1301 1841 1346 1846 —
1382 1826 1416 1855 et
1448 1824 1572 1856 eadem
1601 1823 1713 1857 actio.

256 1873 364 1908 Sinn:
408 1873 532 1906 Wenn
571 1869 685 1904 Curio
730 1869 823 1902 nach
881 1868 1042 1903 ‘Vm-lauf
1082 1868 1204 1902 dieses
1246 1868 1352 1901 Iahrs
1393 1869 1447 1902 als
1490 1869 1714 1903 wirklicher
1791 1877 1795 1888 ¹

255 1919 400 1954 Tribun
436 1917 502 1951 mit
526 1917 724 1950 derselben
750 1915 1020 1958 Verhandlung
1044 1925 1176 1958 wegen
1193 1915 1260 1948 der
1284 1915 1498 1949 Provinzen
1528 1917 1714 1950 auftreten
1754 1912 1755 1918 ¹

254 1965 352 2000 wird
385 1976 420 1999 u.
447 1975 476 1999 s.
502 1974 550 1997 w.
598 1963 726 1996 Ueber
757 1961 871 1996 Cur-io
907 1973 934 1994 s.
972 1972 1017 1995 zu
1049 1972 1108 2006 ep.
1146 1961 1284 2003 CCVI,
1321 1962 1354 1995 2.
1381 1962 1582 2006 CCXXV,
1607 1963 1642 1997 4.
1667 1981 1713 1987 —-

253 2024 360 2056 quam
383 2012 455 2054 fac.
481 2015 564 2043 tanc
587 2010 636 2042 sit
664 2009 732 2053 (sic
756 2008 885 2041 Lami).
911 2008 997 2042 Sch.
1025 2019 1117 2041 nunc
1133 2008 1230 2042 Cett.
1255 2019 1335 2040 cum
1350 2007 1441 2050 Md.)
1469 2010 1592 2043 omnia
1611 2009 1713 2053 imp„
1746 2022 1751 2051 ὲ

252 2058 329 2092 wie
354 2058 469 2091 leicht
494 2068 532 2090 es
559 2056 654 2090 dann
679 2055 759 2089 sein
786 2055 908 2088 diirftc
925 2055 1030 2088 Alles
1048 2064 1093 2088 zu
1112 2054 1342 2087 verwickeln
1367 2054 1442 2087 und
1467 2065 1514 2088 zu
1530 2055 1713 2088 hemmen.
1745 2068 1748 2090 τ
1787 2058 1795 2097 ζ’

215 2124 218 2126 -
253 2104 369 2139 Curio
395 2103 522 2137 schien
548 2102 682 2136 iedoch
706 2102 803 2135 noch
828 2101 957 2134 immer
979 2101 1045 2135 mit
1060 2101 1130 2134 den
1147 2100 1358 2144 Optimaten
1383 2110 1429 2134 zu
1454 2101 1601 2144 halten;
1627 2102 1713 2135 eine
1742 2094 1748 2135 .Ῐ
1787 2124 1795 2141 a

251 2152 446 2193 Meinung,
485 2150 547 2183 die
579 2148 706 2183 Calius
731 2148 833 2181 nicht
860 2148 980 2181 theilt.
1028 2148 1136 2182 Aueh
1171 2146 1305 2181 Cicero
1338 2146 1382 2179 ad
1416 2147 1530 2182 Amic.
1562 2148 1640 2190 VI,
1675 2148 1710 2181 2.
1785 2168 1792 2188 (-

253 2197 438 2241 (CCLVI)
460 2202 557 2239 sagt:
585 2195 760 2229 Curionis
786 2194 991 2228 constantia
1016 2193 1138 2227 omnia
1160 2193 1285 2237 potius
1311 2200 1430 2226 actum
1456 2193 1504 2227 iri
1530 2204 1637 2237 quam
1663 2193 1712 2228 de
1786 2196 1789 2198 ’

250 2243 457 2288 provinciis
489 2242 562 2276 und
588 2242 634 2275 ad
658 2241 787 2275 Famil.
814 2241 865 2284 Π,
893 2243 953 2275 13:
982 2241 1062 2275 eius
1087 2239 1368 2274 inconstantiam
1394 2250 1433 2273 se
1456 2240 1707 2284 praevidisse.
1753 2258 1755 2262 ι

251 2290 378 2325 Calius
404 2289 469 2323 sah
493 2289 541 2323 im
567 2288 739 2331 Voraus,
767 2287 850 2321 dass
876 2287 989 2321 Curio
1024 2287 1095 2320 den
1121 2287 1234 2320 casai-
1268 2285 1369 2319 nicht
1394 2287 1525 2320 wiirde
1548 2286 1709 2320 beleidi-
1781 2285 1795 2329 s„

249 2348 322 2380 gen
346 2336 499 2370 wollen.
549 2335 602 2367 Im
635 2334 726 2377 solg.
759 2334 887 2367 Briefe
912 2335 940 2377 §.
965 2336 999 2368 3.
1033 2332 1238 2376 (CCXLII)
1264 2331 1428 2365 schreibt
1454 2344 1515 2367 er:
1552 2333 1710 2368 Curioni
1733 2333 1743 2355 ’ἕ
1780 2366 1785 2377 ι

249 2389 378 2416 nostro
406 2382 613 2416 tribunatus
638 2380 856 2423 conglaciat.
881 2399 926 2404 —
951 2384 984 2413 et
1008 2390 1151 2424 quam...
1177 2379 1288 2421 fallit.
1340 2379 1458 2414 Quum
1484 2384 1520 2413 et
1544 2379 1621 2416 Md.
1645 2389 1709 2412 su-
1732 2400 1741 2415 η
1779 2399 1784 2421 3

244 2434 349 2473 peret
383 2433 420 2462 et
443 2427 615 2461 Lambini
645 2430 812 2470 suppetat
836 2426 1054 2460 sententiam
1077 2425 1247 2459 idoneam
1273 2425 1409 2458 nullam
1434 2426 1626 2469 praebeat,
1652 2426 1708 2459 le-
1729 2447 1743 2458 ψ
1778 2436 1792 2469 'ss

248 2475 358 2520 gend.
385 2475 534 2508 videtur
557 2478 721 2518 sperent:
750 2478 815 2515 „et
840 2479 976 2516 quanto
1002 2483 1139 2516 opere,
1166 2472 1256 2505 haec
1281 2471 1398 2505 omnis
1423 2471 1521 2506 actio
1546 2471 1593 2505 de
1617 2483 1707 2516 pro-
1727 2483 1741 2514 ;.’.
1779 2467 1795 2516 {ss

247 2522 382 2556 vinciis
408 2526 446 2555 ut
470 2520 713 2565 impediatur,
758 2519 909 2553 Caesari
933 2524 1084 2563 sperent
1109 2518 1157 2561 ii,
1194 2517 1257 2562 qui
1283 2528 1349 2551 sua
1379 2528 1488 2552 causa
1512 2518 1707 2562 (propriae
1725 2532 1737 2550 ’,ν
1779 2522 1781 2524 ’

247 2568 401 2602 utilitati
439 2568 547 2601 unice
580 2566 787 2606 studentes)
820 2565 1085 2609 rempublicam
1120 2575 1192 2597 non
1218 2563 1367 2606 curent}
1400 2574 1473 2597 non
1506 2570 1543 2597 te
1566 2564 1737 2598 sallit.“.
1789 2559 1791 2563 ’

245 2619 370 2647 curent
394 2620 536 2647 certum
553 2613 720 2646 videtur:
748 2612 856 2644 nimis
879 2611 975 2644 enim
993 2611 1165 2644 acerbum
1191 2610 1367 2644 iudicium
1385 2610 1431 2643 de
1453 2620 1525 2642 uno
1546 2609 1737 2644 Caesare&

243 2661 409 2694 continet
441 2659 641 2703 singularis
668 2662 787 2692 curet:
822 2669 949 2691 verum
983 2657 1131 2700 quidem
1158 2664 1256 2699 erat,
1288 2657 1353 2690 sed
1379 2666 1450 2688 non
1483 2656 1592 2689 huius
1616 2656 1736 2691 loci..·.'
1780 2669 1795 2700 Τ

239 2717 388 2750 sperare
412 2713 532 2739 antem
558 2706 673 2739 alicui
698 2711 800 2738 recte
825 2704 977 2746 dicitur,
1004 2710 1044 2737 ut
1066 2707 1233 2744 metuere,
1258 2704 1384 2736 timere
1409 2702 1537 2737 alicui.
1563 2702 1629 2736 cfr.
1654 2703 1734 2747 adp
1787 2718 1793 2740 ς

237 2754 355 2787 Attic.
383 2755 416 2795 l,
443 2754 497 2788 13.
526 2763 547 2786 α
573 2763 640 2797 quo
666 2750 762 2786 nihil
784 2761 905 2795 speres
931 2751 1015 2783 boni
1040 2751 1095 2783 rei
1116 2750 1296 2795 publicae.
1327 2748 1523 2783 ORELLI.
1718 2750 1728 2763 '²
