1795 3043
398 98 710 147 EPISTOLA
747 94 1159 143 CCCLXXXVIII.
1412 96 1511 146 557

60 213 163 256 ordo
194 213 417 266 quisquam
452 215 516 254 est
553 208 635 253 nisi
664 210 956 263 Pompeianus.
1016 207 1222 260 Equidem
1260 206 1344 246 iam
1373 203 1511 252 effeci,

60 275 105 312 ut
132 271 313 313 maxime
341 270 461 324 plebs
491 271 555 318 et,
598 269 672 322 qui
700 272 825 309 antea
852 270 994 307 noster
1021 267 1126 314 suit,
1164 265 1345 317 populus
1373 265 1513 303 vester

58 330 181 371 esset.
251 328 336 367 Cur
369 327 484 368 hoe?
528 327 680 379 inquis.
750 325 882 364 Immo
922 324 1086 375 reliqua
1125 322 1388 374 exspectate3
1439 332 1513 360 vos

56 385 212 426 invitos
248 385 421 425 vincere
456 386 647 437 coegero.
717 393 733 411 ¹²
775 382 926 422 Geram
968 383 1147 422 alterum
1187 391 1253 419 me
1295 378 1511 419 Catonem.

60 443 143 482 Vos
184 441 398 492 dormitis,
447 453 526 481 nec
562 442 668 481 haec
703 439 841 480 adhuc
880 439 984 478 mihi
1021 436 1223 478 videmini
1260 435 1512 486 intelligere,

59 511 145 550 qua
173 511 250 539 nos
282 500 499 551 pateamus
528 499 570 538 et
599 510 681 550 qua
708 496 837 536 simus
862 495 1083 536 imbecilli.
1139 493 1280 544 Atque
1310 494 1390 532 hoc
1420 493 1513 532 nul-

58 556 142 596 lius
179 555 357 608 praemii
392 568 467 607 spe
507 554 681 595 faciam:
730 553 828 605 sed,
880 551 992 604 quod
1031 551 1143 604 apud
1177 563 1244 590 me
1284 549 1512 602 plurimum

57 613 166 652 solet
194 613 364 661 valere,
412 611 569 652 doloris
606 612 731 663 atque
769 609 1035 663 indignitatis
1073 621 1210 648 causa.
1268 606 1377 656 Quid
1414 607 1511 646 istic

57 668 229 710 facitis?
296 669 503 721 proelium
549 668 823 720 exspectatis,
872 666 982 719 quod
1028 664 1308 706 firmissimum
1355 662 1511 704 habet?

56 725 225 766 Vestras
253 727 398 777 copias
437 738 522 765 non
551 725 676 766 novi:
725 724 857 765 nostri
895 722 1016 764 valde
1045 722 1287 775 depugnare
1316 722 1358 761 et
1386 721 1513 761 facile

58 783 201 835 algere
229 784 273 823 et
301 783 460 823 esurire
489 783 760 823 consuerunt.
818 782 935 822 Vale.

52 861 1512 880 ——-—-——-——-—————--———-——-——--

56 906 149 940 urbe
172 906 349 941 Romana.
387 925 432 931 —
478 906 741 951 Pompeianus,
782 904 1016 950 pompeiisch
1040 903 1200 948 gesinnt.
1245 906 1394 947 praeter
1418 903 1515 945 fene-

55 956 221 996 ratores,
254 952 319 996 qui
351 952 490 986 addicti
515 953 666 988 Caesari
700 959 822 995 erant,
859 951 959 994 quod
986 950 1076 995 ipsis
1102 955 1250 983 caverat
1275 949 1320 982 de
1345 948 1516 993 pecuniis

54 998 233 1041 creditis,
257 1009 326 1043 per
349 998 624 1033 aestimationes
648 999 829 1033 bonorum
854 997 1055 1031 solvendis.
1088 996 1237 1030 Caelius
1262 1001 1381 1029 autem
1408 1006 1517 1040 prae-

55 1049 117 1078 tor
140 1044 363 1089 promiserat
389 1056 429 1079 se
454 1045 687 1079 debitoribus
711 1045 792 1078 sore
817 1043 981 1086 auxilio,
1008 1049 1047 1077 ut
1072 1048 1175 1086 patet
1199 1053 1220 1075 e
1240 1042 1345 1076 Caes.
1370 1042 1413 1076 Β.
1433 1042 1515 1076 Civ.

55 1091 135 1133 ΙΙΙ,
159 1091 216 1125 20.
247 1091 481 1125 ERNESTI.
506 1110 549 1116 -—
587 1092 690 1136 plebs
715 1091 750 1124 h.
778 1091 801 1123 l.
830 1089 1009 1123 vilissima
1034 1099 1119 1133 pars
1145 1088 1290 1132 populi.
1315 1106 1359 1113 -
1400 1091 1518 1121 vester

57 1140 159 1171 esset.
212 1137 394 1171 Nimirum
426 1137 572 1181 plebem
604 1137 677 1171 sibi
708 1135 913 1169 conciliare
954 1135 1146 1169 studuerat
1177 1134 1348 1177 Caelius,
1387 1134 1510 1179 appel-

56 1183 198 1216 latione
232 1182 466 1217 debitoribus
503 1193 679 1217 concessa
711 1182 933 1226 legibusque
966 1181 1012 1215 de
1031 1178 1215 1214 *mercede
1250 1180 1518 1214 habitationum

56 1228 349 1262 conductoribus
388 1229 559 1264 donanda
595 1227 855 1274 promulgatis.
916 1228 991 1262 Cfr.
1029 1227 1136 1261 Caes.
1169 1226 1216 1260 de
1247 1228 1292 1262 Β.
1327 1226 1410 1261 Civ.
1444 1227 1518 1269 111,

56 1275 113 1309 20.
144 1275 202 1310 21.
235 1268 454 1310 SCHUTZ.
498 1293 541 1300 —-
596 1278 806 1319 exspectate.
867 1274 931 1309 Sic
968 1272 1125 1317 scripsi,
1175 1278 1216 1305 ut
1249 1274 1284 1308 h.
1312 1273 1338 1307 l.
1371 1283 1520 1318 semper

56 1321 186 1365 plures
217 1321 432 1365 alloquitur.
486 1321 648 1366 reliquas
681 1324 885 1365 exspectant
928 1319 1008 1355 Md.
1048 1319 1152 1356 Vict.
1180 1320 1212 1352 l.
1247 1320 1424 1364 reliquias
1457 1330 1518 1353 ex-

55 1370 218 1411 spectant
248 1367 336 1401 Asc.
372 1369 405 1401 l.
446 1367 547 1402 Crat.
588 1367 730 1402 Bened.
791 1368 933 1412 reliqua
971 1370 1137 1411 exspecta
1173 1364 1273 1401 Vict.
1308 1367 1344 1400 2.
1389 1366 1516 1401 Lamb.

57 1414 193 1448 Graev.
223 1412 313 1448 Ern.
345 1413 430 1449 Sch.
463 1413 558 1448 Liin.
596 1414 671 1448 ΟΕ.
725 1414 900 1456 „Wartet
933 1413 1029 1448 doch
1064 1411 1185 1446 lieber
1217 1418 1294 1446 erst
1323 1412 1389 1456 ab,
1427 1413 1519 1446 Was

60 1460 110 1494 da
139 1460 312 1494 kommen
343 1459 475 1495 wird.'’
522 1478 566 1485 —
619 1470 683 1493 vos
713 1460 977 1505 Pompeianos.
1025 1479 1069 1485 —
1138 1466 1156 1485 Φ
1199 1459 1331 1493 Geram
1364 1459 1520 1492 alterum

58 1516 115 1539 me
145 1506 337 1549 Catonem,
378 1505 439 1540 ihr
468 1506 557 1540 sollt
588 1506 696 1540 einen
727 1507 884 1541 zweiten
918 1507 1008 1540 Cato
1046 1504 1083 1540 d.
1111 1507 1135 1540 i.
1168 1505 1276 1540 einen
1307 1505 1519 1548 Patrioten,

59 1551 134 1586 wie
174 1551 257 1586 Der
296 1551 365 1595 ist,
413 1552 451 1586 in
489 1552 560 1586 mir
592 1553 718 1587 seben.
789 1552 852 1587 Sic
889 1551 1046 1597 scripsi,
1095 1552 1182 1586 dum
1220 1551 1376 1585 meliora
1408 1562 1518 1595 repe-

0 1640 1 1648 }
58 1597 216 1632 riantur.
279 1599 413 1632 Geram
441 1604 562 1633 autem
594 1597 782 1642 desumpsi
814 1611 835 1632 e
867 1598 1064 1643 praecedd.
1090 1598 1248 1644 syllabis
1278 1608 1394 1640 gero.-
1427 1598 1519 1631 alte-

0 1656 1 1676 :
59 1654 142 1677 rum
171 1654 226 1677 nze
258 1644 430 1678 Catonem
460 1644 641 1679 divinavit
665 1645 692 1678 Ι.
718 1645 782 1679 Fr.
808 1646 973 1681 Gronov.
1020 1648 1173 1687 coegero
1198 1648 1439 1678 arruntanum
1463 1653 1519 1676 me

60 1689 235 1724 Catonem
264 1690 342 1724 Md.
377 1690 470 1724 Cdd.
502 1690 627 1734 Regii.
657 1691 744 1724 Asc.
772 1692 804 1725 l.
845 1692 964 1734 Beng.
1021 1695 1185 1733 coegero·
1234 1691 1351 1725 Alunt
1384 1701 1520 1723 annum

0 1781 1 1786 Ἰ
57 1746 115 1769 me
140 1736 313 1770 Catonem
340 1736 482 1771 Bened.
530 1741 629 1779 coe'g.
667 1737 910 1771 Mirabimz'nz'
932 1738 971 1771 in
995 1748 1051 1770 me
1076 1738 1248 1772 Catonem
1285 1736 1518 1781 Oudendorp

58 1781 106 1816 ad
128 1782 275 1816 Sueten.
314 1782 417 1816 Caes.
445 1784 476 1817 1.
503 1794 588 1828 pag.
607 1784 641 1817 4.
690 1787 791 1825 coe‘g.
829 1784 988 1818 Irritavi
1016 1784 1056 1817 in
1087 1795 1143 1817 me
1175 1784 1369 1825 Catonem3
1416 1783 1520 1816 nulla

58 1833 123 1862 aut
145 1829 259 1872 prava
284 1829 479 1863 sententia.
529 1830 626 1865 Vict.
652 1829 780 1864 Lamb.
807 1829 942 1865 Graev.
969 1830 1060 1864 Ern.
1087 1829 1174 1865 Sch.
1200 1831 1291 1864 Liin.
1321 1829 1518 1864 ORELLI.

59 1892 105 1900 -—
140 1874 236 1916 Vos,
266 1874 487 1918 Pompeiani
513 1881 549 1909 et
574 1875 783 1920 optimates.
818 1895 861 1901 —
909 1887 979 1920 qua
1007 1902 1015 1910 .
1034 1903 1043 1911 .
1062 1903 1069 1911 .
1097 1888 1185 1921 qua,
1223 1876 1316 1919 „auf
1335 1876 1519 1911 welchern

1 1922 3 1958 j
59 1920 182 1964 Wege
215 1920 248 1954 d.
276 1919 302 1953 i.
333 1931 392 1955 wo
423 1921 494 1954 wir
523 1921 681 1956 Blossen
713 1922 833 1966 geben
867 1923 940 1956 und
970 1934 1031 1957 wo
1057 1922 1137 1958 sich
1163 1933 1296 1957 unsere
1321 1921 1519 1957 schwache

2 1967 3 1975 ³
60 1965 166 2001 Seite
186 1965 321 2001 finde.''
355 1966 419 2001 Sic
435 1967 513 2002 Md.
539 1968 655 2013 Neap.
680 1969 767 2002 Asc.
789 1971 822 2003 l.
849 1970 950 2006 Vict.
965 1969 997 2004 2.
1022 1969 1151 2004 Lamb.
1177 1969 1318 2003 Bened.
1349 1980 1517 2013 quam...

2 2037 3 2042 ,
59 2023 167 2056 quam
197 2012 297 2047 Crat.
324 2012 424 2048 Vict.
452 2015 484 2047 1.
512 2014 647 2048 Graev.
673 2015 763 2049 Ern.
789 2016 875 2050 Sch.
901 2016 995 2050 Lun.
1030 2016 1103 2050 ΟΕ.
1152 2014 1191 2050 S.
1218 2016 1365 2049 Ramsh.
1392 2016 1419 2058 ἓ.
1439 2015 1520 2059 159,

0 2063 4 2108 J
55 2060 101 2101 3,
127 2058 153 2094 f.
201 2059 361 2093 Innuere
385 2059 533 2094 videtur
556 2061 723 2104 Caelius,
749 2061 966 2108 aPompeio
989 2062 1103 2097 facile
1127 2072 1223 2095 nunc
1239 2061 1384 2095 Italiam
1410 2071 1522 2095 occu-

57 2104 142 2149 pari
174 2115 297 2149 posse.
331 2124 376 2130 --
422 2107 577 2148 faciam,
617 2113 656 2140 ut
687 2118 752 2141 vos
780 2109 930 2143 vincere
955 2120 1097 2153 cogam.
1131 2108 1239 2143 SCH.
1273 2126 1318 2132 —
1366 2107 1518 2142 doloris.

0 2193 4 2206 1
56 2151 201 2195 Nempe
235 2151 385 2185 Caelius
416 2153 566 2187 Caesari
601 2154 861 2198 succensebat,
904 2156 1004 2198 quod
1036 2166 1110 2189 non
1142 2154 1217 2189 sibi
1251 2153 1377 2199 potius
1410 2165 1518 2197 quam

58 2196 252 2231 Trebonio
283 2198 458 2232 urbanam
495 2199 791 2234 iurisdictionem
824 2201 1091 2237 demandasset.
1122 2201 1229 2237 SCH.
1279 2201 1391 2236 Casar
1416 2201 1519 2234 hatte

58 2243 124 2277 ihn
158 2253 242 2277 zum
277 2244 415 2278 Prator
448 2245 675 2288 Peregrinus
707 2248 886 2290 gemacht.
924 2267 969 2274 -
1015 2248 1270 2291 indignitatis,
1308 2245 1517 2283 Unwillens

59 2289 153 2323 iiber
176 2289 240 2323 die
264 2291 484 2335 unwiirdige
496 2292 742 2337 Behandlung
760 2294 902 2327 meiner
917 2296 1073 2330 Person.
1111 2295 1198 2339 Vgl.
1222 2295 1269 2328 ad
1293 2293 1407 2329 Attic.
1425 2294 1476 2335 X,
1495 2294 1517 2328 8

57 2340 146 2387 post
175 2335 270 2387 med.
318 2336 401 2370 Liv.
428 2339 468 2381 1,
492 2339 547 2372 40.
581 2339 635 2382 V,
659 2339 713 2373 45.
747 2339 844 2382 VII,
871 2342 903 2375 7.
952 2341 1079 2376 lustin.
1107 2342 1186 2385 111,
1210 2341 1244 2375 5.
1293 2341 1421 2375 Lamb.
1458 2341 1516 2372 in-

58 2382 308 2423 dzgnatzoniS,
341 2383 585 2428 Entriistung.
620 2404 662 2409 —
708 2387 891 2429 proelium
921 2398 1041 2432 est-sp„
1080 2388 1140 2421 ihr
1173 2392 1307 2421 wartet
1337 2387 1402 2421 auf
1430 2385 1516 2420 eine

59 2427 364 2480 Hauptschlacht3
406 2448 450 2455 —
505 2432 600 2475 quod
632 2433 880 2473 firmissimum
910 2433 1013 2468 habet
1053 2434 1134 2469 scil.
1169 2435 1316 2468 Caesar.
1365 2433 1515 2468 Caelius

59 2484 158 2525 enlm
184 2474 358 2525 Ciceronl
383 2474 584 2520 significat,
609 2478 828 2523 Pompeium
852 2480 967 2513 multo
991 2480 1125 2514 melius
1150 2480 1223 2514 sibi
1247 2479 1516 2522 consulturum,

58 2529 92 2553 sl
111 2519 255 2553 Italiam
274 2520 431 2555 Caesare
455 2523 604 2557 absente
628 2523 842 2568 invaderet,
868 2537 976 2569 quam
1002 2527 1034 2561 si
1058 2527 1095 2560 in
1109 2526 1306 2560 Thessalia
1330 2525 1514 2569 proelium

60 2576 142 2617 cum
166 2566 326 2600 Caesare
351 2575 605 2612 exspectaret,
638 2570 743 2605 cuius
766 2571 903 2606 milites
927 2572 1002 2606 sint
1026 2572 1160 2617 pugnis
1186 2577 1223 2606 et
1247 2571 1395 2605 bellicis
1410 2571 1514 2605 labo-

60 2611 164 2646 ribus
188 2612 308 2664 probe
331 2614 480 2648 assueti.
512 2615 619 2650 SCH.
658 2616 750 2659 „Sic
773 2618 916 2662 scripsi.
950 2619 1197 2661 firmissimum
1222 2619 1325 2651 est.2”
1363 2617 1514 2651 Vestras

62 2656 161 2691 Crat.
201 2658 300 2710 Vict.
328 2660 361 2692 1.
387 2660 419 2694 2.
457 2661 581 2696 Lamb.
616 2662 749 2697 Graev.
788 2664 878 2698 Ern.
921 2663 1008 2699 Sch.
1049 2665 1142 2698 L'u'n.
1190 2665 1272 2698 Hoc
1305 2668 1404 2697 stare
1438 2673 1511 2696 non

59 2713 172 2746 posse
197 2704 328 2738 videns
358 2705 387 2739 I.
412 2706 474 2740 Fr.
501 2707 666 2742 Gronov.
698 2720 816 2754 susp.:
852 2721 919 2753 quo
943 2711 1174 2753 firmissimus
1197 2714 1249 2744 est
1281 2710 1387 2755 prob.
1413 2709 1508 2745 Lall.

62 2748 134 2784 ΟΕ.
169 2768 212 2775 -
259 2750 488 2796 depugnare,
518 2753 582 2789 das
606 2754 861 2790 Schlachtseld
885 2766 930 2790 zu
957 2757 1176 2803 behaupten.
