<?xml version="1.0" encoding="UTF-8"?>
<!DOCTYPE html PUBLIC "-//W3C//DTD XHTML 1.0 Transitional//EN"
    "http://www.w3.org/TR/xhtml1/DTD/xhtml1-transitional.dtd">
<html xmlns="http://www.w3.org/1999/xhtml" xml:lang="en" lang="en">
 <head>
  <title>
</title>
<meta http-equiv="Content-Type" content="text/html;charset=utf-8" />
  <meta name='ocr-system' content='tesseract 3.04.00' />
  <meta name='ocr-capabilities' content='ocr_page ocr_carea ocr_par ocr_line ocrx_word'/>
</head>
<body>
  <div class='ocr_page' id='page_1' title='image "./epistolaeadattic02ciceuoft_0474.png"; bbox 0 0 1795 3043; ppageno 0'>
   <div class='ocr_carea' id='block_1_1' title="bbox 218 66 1416 130">
    <p class='ocr_par' dir='ltr' id='par_1_1' title="bbox 218 66 1416 130">
     <span class='ocr_line' id='line_1_1' title="bbox 218 66 1416 130; baseline 0 -8"><span class='ocrx_word' id='word_1_1' title='bbox 218 74 318 130; x_wconf 74' lang='lat'>464</span> <span class='ocrx_word' id='word_1_2' title='bbox 474 70 541 118; x_wconf 79' lang='lat' dir='ltr'>M.</span> <span class='ocrx_word' id='word_1_3' title='bbox 574 70 631 116; x_wconf 87' lang='grc' dir='ltr'>Τ.</span> <span class='ocrx_word' id='word_1_4' title='bbox 667 66 1009 119; x_wconf 86' lang='lat' dir='ltr'>CICERONIS</span> <span class='ocrx_word' id='word_1_5' title='bbox 1042 70 1416 122; x_wconf 82' lang='lat' dir='ltr'><strong>EPISTOLAE.</strong></span> 
     </span>
    </p>
   </div>
   <div class='ocr_carea' id='block_1_2' title="bbox 406 167 1795 286">
    <p class='ocr_par' dir='ltr' id='par_1_2' title="bbox 406 167 1795 286">
     <span class='ocr_line' id='line_1_2' title="bbox 406 167 1795 286; baseline 0.001 -44"><span class='ocrx_word' id='word_1_6' title='bbox 406 193 721 242; x_wconf 74' lang='lat' dir='ltr'>nelsroLA</span> <span class='ocrx_word' id='word_1_7' title='bbox 758 194 981 243; x_wconf 76' lang='lat' dir='ltr'>eccm.</span> <span class='ocrx_word' id='word_1_8' title='bbox 1029 196 1240 257; x_wconf 69' lang='lat' dir='ltr'>(ad-An.</span> <span class='ocrx_word' id='word_1_9' title='bbox 1284 196 1362 246; x_wconf 67' lang='lat' dir='ltr'>ix</span> <span class='ocrx_word' id='word_1_10' title='bbox 1398 200 1523 260; x_wconf 30' lang='lat'><strong>111.)</strong></span> <span class='ocrx_word' id='word_1_11' title='bbox 1649 235 1652 239; x_wconf 91' lang='lat'><strong>.</strong></span> <span class='ocrx_word' id='word_1_12' title='bbox 1776 167 1795 286; x_wconf 27' lang='lat'>1¹</span> 
     </span>
    </p>
   </div>
   <div class='ocr_carea' id='block_1_3' title="bbox 307 281 1591 331">
    <p class='ocr_par' dir='ltr' id='par_1_3' title="bbox 307 281 1591 331">
     <span class='ocr_line' id='line_1_3' title="bbox 307 281 1591 331; baseline 0.005 -14"><span class='ocrx_word' id='word_1_13' title='bbox 307 284 390 320; x_wconf 84' lang='lat' dir='ltr'>Ser.</span> <span class='ocrx_word' id='word_1_14' title='bbox 415 282 454 316; x_wconf 91' lang='lat' dir='ltr'>in</span> <span class='ocrx_word' id='word_1_15' title='bbox 469 281 671 318; x_wconf 86' lang='lat' dir='ltr'>Formiano</span> <span class='ocrx_word' id='word_1_16' title='bbox 696 283 810 319; x_wconf 85' lang='lat' dir='ltr'>xm.</span> <span class='ocrx_word' id='word_1_17' title='bbox 823 284 910 319; x_wconf 81' lang='lat' dir='ltr'>Kal.</span> <span class='ocrx_word' id='word_1_18' title='bbox 933 286 1029 330; x_wconf 83' lang='lat' dir='ltr'>Apr.</span> <span class='ocrx_word' id='word_1_19' title='bbox 1060 285 1107 320; x_wconf 80' lang='lat' dir='ltr'>A.</span> <span class='ocrx_word' id='word_1_20' title='bbox 1125 285 1171 320; x_wconf 85' lang='lat' dir='ltr'>U.</span> <span class='ocrx_word' id='word_1_21' title='bbox 1195 285 1237 321; x_wconf 88' lang='lat' dir='ltr'>C.</span> <span class='ocrx_word' id='word_1_22' title='bbox 1265 284 1342 321; x_wconf 78' lang='lat'><strong>705.</strong></span> <span class='ocrx_word' id='word_1_23' title='bbox 1369 285 1419 329; x_wconf 85' lang='lat' dir='ltr'>(a.</span> <span class='ocrx_word' id='word_1_24' title='bbox 1444 286 1487 322; x_wconf 86' lang='lat' dir='ltr'>C.</span> <span class='ocrx_word' id='word_1_25' title='bbox 1511 285 1591 331; x_wconf 76' lang='lat'><strong>49.)</strong></span> 
     </span>
    </p>
   </div>
   <div class='ocr_carea' id='block_1_4' title="bbox 215 340 1682 445">
    <p class='ocr_par' dir='ltr' id='par_1_4' title="bbox 215 340 1682 445">
     <span class='ocr_line' id='line_1_4' title="bbox 215 340 1682 436; baseline 0.001 -46"><span class='ocrx_word' id='word_1_26' title='bbox 215 353 361 390; x_wconf 78' lang='lat' dir='ltr'>Literas</span> <span class='ocrx_word' id='word_1_27' title='bbox 379 360 424 390; x_wconf 80' lang='lat' dir='ltr'>so</span> <span class='ocrx_word' id='word_1_28' title='bbox 445 360 468 388; x_wconf 80' lang='lat' dir='ltr'>a</span> <span class='ocrx_word' id='word_1_29' title='bbox 481 340 642 388; x_wconf 72' lang='lat' dir='ltr'>‘Lentulo</span> <span class='ocrx_word' id='word_1_30' title='bbox 661 349 866 434; x_wconf 51' lang='lat' dir='ltr'>accepiis&#39;se,</span> <span class='ocrx_word' id='word_1_31' title='bbox 890 353 1045 434; x_wconf 47' lang='lat' dir='ltr'>Mettium</span> <span class='ocrx_word' id='word_1_32' title='bbox 1057 363 1105 436; x_wconf 53' lang='lat' dir='ltr'>{e</span> <span class='ocrx_word' id='word_1_33' title='bbox 1121 353 1344 436; x_wconf 47' lang='lat' dir='ltr'>{onvenisse</span> <span class='ocrx_word' id='word_1_34' title='bbox 1358 354 1525 401; x_wconf 82' lang='lat' dir='ltr'>itemque</span> <span class='ocrx_word' id='word_1_35' title='bbox 1539 355 1682 394; x_wconf 71' lang='lat' dir='ltr'>crassi-</span> 
     </span>
     <span class='ocr_line' id='line_1_5' title="bbox 726 405 1493 445; baseline 0.003 -11"><span class='ocrx_word' id='word_1_36' title='bbox 726 410 776 445; x_wconf 84' lang='lat' dir='ltr'>pe</span> <span class='ocrx_word' id='word_1_37' title='bbox 806 411 862 434; x_wconf 89' lang='lat' dir='ltr'>em</span> <span class='ocrx_word' id='word_1_38' title='bbox 886 410 962 435; x_wconf 80' lang='lat' dir='ltr'>scri</span> <span class='ocrx_word' id='word_1_39' title='bbox 990 405 1031 436; x_wconf 80' lang='lat' dir='ltr'>u.</span> <span class='ocrx_word' id='word_1_40' title='bbox 1082 419 1124 426; x_wconf 87' lang='lat'>—</span> <span class='ocrx_word' id='word_1_41' title='bbox 1152 427 1162 435; x_wconf 93' lang='lat'><strong>.</strong></span> <span class='ocrx_word' id='word_1_42' title='bbox 1491 405 1493 410; x_wconf 91' lang='grc'><strong>’</strong></span> 
     </span>
    </p>
   </div>
   <div class='ocr_carea' id='block_1_5' title="bbox 706 450 1792 562">
    <p class='ocr_par' dir='ltr' id='par_1_5' title="bbox 706 450 1792 562">
     <span class='ocr_line' id='line_1_6' title="bbox 706 450 1792 562; baseline 0.002 -48"><span class='ocrx_word' id='word_1_43' title='bbox 706 478 896 515; x_wconf 83' lang='lat' dir='ltr'>CICERO</span> <span class='ocrx_word' id='word_1_44' title='bbox 927 480 1122 517; x_wconf 80' lang='lat' dir='ltr'><strong>ATTICO</strong></span> <span class='ocrx_word' id='word_1_45' title='bbox 1147 479 1190 517; x_wconf 85' lang='lat' dir='ltr'>S.</span> <span class='ocrx_word' id='word_1_46' title='bbox 1616 450 1618 452; x_wconf 21' lang='lat'>³</span> <span class='ocrx_word' id='word_1_47' title='bbox 1669 461 1673 466; x_wconf 57' lang='lat'><strong><em>‘</em></strong></span> <span class='ocrx_word' id='word_1_48' title='bbox 1789 477 1792 562; x_wconf 51' lang='lat' dir='ltr'>l&#39;</span> 
     </span>
    </p>
   </div>
   <div class='ocr_carea' id='block_1_6' title="bbox 152 538 1788 1561">
    <p class='ocr_par' dir='ltr' id='par_1_6' title="bbox 207 538 1787 991">
     <span class='ocr_line' id='line_1_7' title="bbox 327 538 1682 594; baseline 0.002 -15"><span class='ocrx_word' id='word_1_49' title='bbox 327 538 554 580; x_wconf 79' lang='lat' dir='ltr'>Lentulum</span> <span class='ocrx_word' id='word_1_50' title='bbox 583 540 774 580; x_wconf 89' lang='lat' dir='ltr'>nostrum</span> <span class='ocrx_word' id='word_1_51' title='bbox 802 541 885 581; x_wconf 89' lang='lat' dir='ltr'>scis</span> <span class='ocrx_word' id='word_1_52' title='bbox 903 540 1093 582; x_wconf 85' lang='lat' dir='ltr'>Puteolis</span> <span class='ocrx_word' id='word_1_53' title='bbox 1123 551 1233 581; x_wconf 83' lang='lat' dir='ltr'>esse:</span> <span class='ocrx_word' id='word_1_54' title='bbox 1263 540 1377 593; x_wconf 89' lang='lat' dir='ltr'>quod</span> <span class='ocrx_word' id='word_1_55' title='bbox 1395 551 1524 594; x_wconf 89' lang='lat' dir='ltr'>quum</span> <span class='ocrx_word' id='word_1_56' title='bbox 1553 552 1577 581; x_wconf 91' lang='lat' dir='ltr'>e</span> <span class='ocrx_word' id='word_1_57' title='bbox 1594 539 1682 583; x_wconf 84' lang='lat' dir='ltr'>via—</span> 
     </span>
     <span class='ocr_line' id='line_1_8' title="bbox 212 596 1680 651; baseline 0 -14"><span class='ocrx_word' id='word_1_58' title='bbox 212 598 306 637; x_wconf 85' lang='lat' dir='ltr'>tore</span> <span class='ocrx_word' id='word_1_59' title='bbox 335 597 516 648; x_wconf 91' lang='lat' dir='ltr'>quodam</span> <span class='ocrx_word' id='word_1_60' title='bbox 546 598 655 636; x_wconf 83' lang='lat' dir='ltr'>esset</span> <span class='ocrx_word' id='word_1_61' title='bbox 682 596 895 646; x_wconf 82' lang='lat' dir='ltr'>auditum,</span> <span class='ocrx_word' id='word_1_62' title='bbox 938 599 1012 649; x_wconf 89' lang='lat' dir='ltr'>qui</span> <span class='ocrx_word' id='word_1_63' title='bbox 1051 610 1097 638; x_wconf 91' lang='lat' dir='ltr'>se</span> <span class='ocrx_word' id='word_1_64' title='bbox 1126 598 1287 639; x_wconf 88' lang='lat' dir='ltr'>diceret</span> <span class='ocrx_word' id='word_1_65' title='bbox 1317 611 1411 639; x_wconf 92' lang='lat' dir='ltr'>eum</span> <span class='ocrx_word' id='word_1_66' title='bbox 1449 599 1496 640; x_wconf 86' lang='lat' dir='ltr'>in</span> <span class='ocrx_word' id='word_1_67' title='bbox 1523 598 1680 651; x_wconf 84' lang='lat' dir='ltr'>Appia,</span> 
     </span>
     <span class='ocr_line' id='line_1_9' title="bbox 211 653 1680 709; baseline 0.001 -16"><span class='ocrx_word' id='word_1_68' title='bbox 211 665 345 705; x_wconf 87' lang='lat' dir='ltr'>quum</span> <span class='ocrx_word' id='word_1_69' title='bbox 380 655 418 695; x_wconf 90' lang='lat' dir='ltr'>is</span> <span class='ocrx_word' id='word_1_70' title='bbox 454 654 649 706; x_wconf 89' lang='lat' dir='ltr'>paullum</span> <span class='ocrx_word' id='word_1_71' title='bbox 688 653 889 693; x_wconf 84' lang='lat' dir='ltr'>lecticam</span> <span class='ocrx_word' id='word_1_72' title='bbox 917 655 1172 707; x_wconf 84' lang='lat' dir='ltr'>aperuisset,</span> <span class='ocrx_word' id='word_1_73' title='bbox 1219 667 1446 709; x_wconf 77' lang='lat' dir='ltr'>cognosse,</span> <span class='ocrx_word' id='word_1_74' title='bbox 1487 656 1568 696; x_wconf 90' lang='lat' dir='ltr'>etsi</span> <span class='ocrx_word' id='word_1_75' title='bbox 1606 655 1680 696; x_wconf 85' lang='lat' dir='ltr'>vix</span> 
     </span>
     <span class='ocr_line' id='line_1_10' title="bbox 211 709 1680 765; baseline 0 -14"><span class='ocrx_word' id='word_1_76' title='bbox 211 712 303 753; x_wconf 85' lang='lat' dir='ltr'>veri</span> <span class='ocrx_word' id='word_1_77' title='bbox 324 710 476 763; x_wconf 87' lang='lat' dir='ltr'>simile,</span> <span class='ocrx_word' id='word_1_78' title='bbox 506 710 604 750; x_wconf 88' lang='lat' dir='ltr'>misi</span> <span class='ocrx_word' id='word_1_79' title='bbox 630 711 773 750; x_wconf 84' lang='lat' dir='ltr'>tamen</span> <span class='ocrx_word' id='word_1_80' title='bbox 801 709 1001 750; x_wconf 84' lang='lat' dir='ltr'>Puteolos</span> <span class='ocrx_word' id='word_1_81' title='bbox 1029 722 1198 763; x_wconf 84' lang='lat' dir='ltr'>pueros,</span> <span class='ocrx_word' id='word_1_82' title='bbox 1227 713 1301 763; x_wconf 86' lang='lat' dir='ltr'>qui</span> <span class='ocrx_word' id='word_1_83' title='bbox 1328 712 1680 765; x_wconf 81' lang='lat' dir='ltr'>pervestigarent,</span> 
     </span>
     <span class='ocr_line' id='line_1_11' title="bbox 208 762 1782 858; baseline 0.001 -51"><span class='ocrx_word' id='word_1_84' title='bbox 208 768 335 808; x_wconf 79' lang='lat' dir='ltr'>etad</span> <span class='ocrx_word' id='word_1_85' title='bbox 357 779 453 807; x_wconf 91' lang='lat' dir='ltr'>eum</span> <span class='ocrx_word' id='word_1_86' title='bbox 474 767 640 808; x_wconf 82' lang='lat' dir='ltr'>literas.</span> <span class='ocrx_word' id='word_1_87' title='bbox 698 766 899 807; x_wconf 88' lang='lat' dir='ltr'>Inventus</span> <span class='ocrx_word' id='word_1_88' title='bbox 929 769 993 807; x_wconf 78' lang='lat' dir='ltr'>est</span> <span class='ocrx_word' id='word_1_89' title='bbox 1020 768 1094 809; x_wconf 84' lang='lat' dir='ltr'>vix</span> <span class='ocrx_word' id='word_1_90' title='bbox 1121 769 1166 808; x_wconf 90' lang='lat' dir='ltr'>in</span> <span class='ocrx_word' id='word_1_91' title='bbox 1187 769 1322 810; x_wconf 89' lang='lat' dir='ltr'>hortis</span> <span class='ocrx_word' id='word_1_92' title='bbox 1350 770 1438 809; x_wconf 88' lang='lat' dir='ltr'>suis</span> <span class='ocrx_word' id='word_1_93' title='bbox 1467 781 1512 809; x_wconf 89' lang='lat' dir='ltr'>se</span> <span class='ocrx_word' id='word_1_94' title='bbox 1538 769 1681 810; x_wconf 88' lang='lat' dir='ltr'>occul.-</span> <span class='ocrx_word' id='word_1_95' title='bbox 1777 762 1782 858; x_wconf 57' lang='grc' dir='ltr'>ι</span> 
     </span>
     <span class='ocr_line' id='line_1_12' title="bbox 207 821 1681 879; baseline 0 -14"><span class='ocrx_word' id='word_1_96' title='bbox 207 826 326 876; x_wconf 81' lang='lat' dir='ltr'>tans,</span> <span class='ocrx_word' id='word_1_97' title='bbox 375 825 609 876; x_wconf 90' lang='lat' dir='ltr'>literasque</span> <span class='ocrx_word' id='word_1_98' title='bbox 644 821 751 863; x_wconf 89' lang='lat' dir='ltr'>mihi</span> <span class='ocrx_word' id='word_1_99' title='bbox 789 823 976 872; x_wconf 84' lang='lat' dir='ltr'>remisit,</span> <span class='ocrx_word' id='word_1_100' title='bbox 1025 824 1209 865; x_wconf 84' lang='lat' dir='ltr'>mirifice</span> <span class='ocrx_word' id='word_1_101' title='bbox 1236 826 1393 878; x_wconf 81' lang='lat' dir='ltr'>gratias</span> <span class='ocrx_word' id='word_1_102' title='bbox 1422 838 1550 879; x_wconf 83' lang='lat' dir='ltr'>agens</span> <span class='ocrx_word' id='word_1_103' title='bbox 1579 825 1681 866; x_wconf 85' lang='lat' dir='ltr'>Cae-</span> 
     </span>
     <span class='ocr_line' id='line_1_13' title="bbox 208 880 1680 924; baseline -0.001 -2"><span class='ocrx_word' id='word_1_104' title='bbox 208 883 316 923; x_wconf 77' lang='lat' dir='ltr'>sari:</span> <span class='ocrx_word' id='word_1_105' title='bbox 370 880 422 920; x_wconf 89' lang='lat' dir='ltr'>de</span> <span class='ocrx_word' id='word_1_106' title='bbox 470 893 548 921; x_wconf 91' lang='lat' dir='ltr'>suo</span> <span class='ocrx_word' id='word_1_107' title='bbox 590 880 734 920; x_wconf 86' lang='lat' dir='ltr'>autem</span> <span class='ocrx_word' id='word_1_108' title='bbox 771 880 955 921; x_wconf 82' lang='lat' dir='ltr'>consilio</span> <span class='ocrx_word' id='word_1_109' title='bbox 997 880 1045 923; x_wconf 89' lang='lat' dir='ltr'>C.</span> <span class='ocrx_word' id='word_1_110' title='bbox 1084 881 1237 922; x_wconf 91' lang='lat' dir='ltr'>Caecio</span> <span class='ocrx_word' id='word_1_111' title='bbox 1276 882 1473 924; x_wconf 86' lang='lat' dir='ltr'>mandata</span> <span class='ocrx_word' id='word_1_112' title='bbox 1517 881 1571 922; x_wconf 86' lang='lat' dir='ltr'>ad</span> <span class='ocrx_word' id='word_1_113' title='bbox 1612 890 1680 922; x_wconf 78' lang='lat' dir='ltr'>me</span> 
     </span>
     <span class='ocr_line' id='line_1_14' title="bbox 208 936 1787 991; baseline 0 -12"><span class='ocrx_word' id='word_1_114' title='bbox 208 939 389 981; x_wconf 87' lang='lat' dir='ltr'>dedisse.</span> <span class='ocrx_word' id='word_1_115' title='bbox 446 937 558 978; x_wconf 91' lang='lat' dir='ltr'>Eum</span> <span class='ocrx_word' id='word_1_116' title='bbox 598 948 675 989; x_wconf 86' lang='lat' dir='ltr'>ego</span> <span class='ocrx_word' id='word_1_117' title='bbox 712 936 842 977; x_wconf 85' lang='lat' dir='ltr'>hodie</span> <span class='ocrx_word' id='word_1_118' title='bbox 878 938 1196 991; x_wconf 85' lang='lat' dir='ltr'>exspectabam,</span> <span class='ocrx_word' id='word_1_119' title='bbox 1246 938 1293 979; x_wconf 87' lang='lat' dir='ltr'>id</span> <span class='ocrx_word' id='word_1_120' title='bbox 1321 941 1404 990; x_wconf 84' lang='lat' dir='ltr'>est,</span> <span class='ocrx_word' id='word_1_121' title='bbox 1451 951 1552 981; x_wconf 82' lang='lat' dir='ltr'>xlu.</span> <span class='ocrx_word' id='word_1_122' title='bbox 1582 939 1679 979; x_wconf 87' lang='lat' dir='ltr'>Kal.</span> <span class='ocrx_word' id='word_1_123' title='bbox 1785 979 1787 987; x_wconf 72' lang='grc'>,</span> 
     </span>
    </p>

    <p class='ocr_par' dir='ltr' id='par_1_7' title="bbox 152 988 1788 1561">
     <span class='ocr_line' id='line_1_15' title="bbox 152 988 1788 1048; baseline 0.001 -13"><span class='ocrx_word' id='word_1_124' title='bbox 152 1003 183 1043; x_wconf 82' lang='grc'><strong>2</strong></span> <span class='ocrx_word' id='word_1_125' title='bbox 205 995 347 1048; x_wconf 89' lang='lat' dir='ltr'>April.</span> <span class='ocrx_word' id='word_1_126' title='bbox 417 994 544 1034; x_wconf 86' lang='lat' dir='ltr'>Venit</span> <span class='ocrx_word' id='word_1_127' title='bbox 584 994 712 1034; x_wconf 80' lang='lat' dir='ltr'>etiam</span> <span class='ocrx_word' id='word_1_128' title='bbox 750 994 804 1035; x_wconf 90' lang='lat' dir='ltr'>ad</span> <span class='ocrx_word' id='word_1_129' title='bbox 840 1006 907 1034; x_wconf 89' lang='lat' dir='ltr'>me</span> <span class='ocrx_word' id='word_1_130' title='bbox 945 994 1103 1036; x_wconf 84' lang='lat' dir='ltr'>Matius</span> <span class='ocrx_word' id='word_1_131' title='bbox 1142 996 1508 1048; x_wconf 66' lang='lat' dir='ltr'>Quinquatribus,</span> <span class='ocrx_word' id='word_1_132' title='bbox 1552 995 1679 1036; x_wconf 85' lang='lat' dir='ltr'>homo</span> <span class='ocrx_word' id='word_1_133' title='bbox 1771 988 1788 1048; x_wconf 60' lang='lat' dir='ltr'>l</span> 
     </span>
     <span class='ocr_line' id='line_1_16' title="bbox 206 1051 1675 1105; baseline -0.001 -11"><span class='ocrx_word' id='word_1_134' title='bbox 206 1052 475 1103; x_wconf 84' lang='lat' dir='ltr'>mehercule,</span> <span class='ocrx_word' id='word_1_135' title='bbox 504 1052 552 1091; x_wconf 92' lang='lat' dir='ltr'>ut</span> <span class='ocrx_word' id='word_1_136' title='bbox 580 1051 687 1091; x_wconf 89' lang='lat' dir='ltr'>mihi</span> <span class='ocrx_word' id='word_1_137' title='bbox 716 1052 832 1092; x_wconf 81' lang='lat' dir='ltr'>visus</span> <span class='ocrx_word' id='word_1_138' title='bbox 862 1053 947 1103; x_wconf 85' lang='lat' dir='ltr'>est,</span> <span class='ocrx_word' id='word_1_139' title='bbox 977 1054 1235 1105; x_wconf 84' lang='lat' dir='ltr'>temperatus</span> <span class='ocrx_word' id='word_1_140' title='bbox 1265 1055 1308 1093; x_wconf 84' lang='lat' dir='ltr'>et</span> <span class='ocrx_word' id='word_1_141' title='bbox 1336 1052 1544 1105; x_wconf 81' lang='lat' dir='ltr'>prudens:</span> <span class='ocrx_word' id='word_1_142' title='bbox 1586 1052 1675 1093; x_wconf 80' lang='lat' dir='ltr'>exi-</span> 
     </span>
     <span class='ocr_line' id='line_1_17' title="bbox 203 1107 1677 1159; baseline -0.001 -9"><span class='ocrx_word' id='word_1_143' title='bbox 203 1111 397 1150; x_wconf 86' lang='lat' dir='ltr'>stimatus</span> <span class='ocrx_word' id='word_1_144' title='bbox 434 1108 605 1159; x_wconf 91' lang='lat' dir='ltr'>quidem</span> <span class='ocrx_word' id='word_1_145' title='bbox 645 1107 705 1147; x_wconf 85' lang='lat' dir='ltr'>est</span> <span class='ocrx_word' id='word_1_146' title='bbox 741 1119 907 1159; x_wconf 88' lang='lat' dir='ltr'>semper</span> <span class='ocrx_word' id='word_1_147' title='bbox 946 1111 1096 1149; x_wconf 84' lang='lat' dir='ltr'>auctor</span> <span class='ocrx_word' id='word_1_148' title='bbox 1134 1109 1225 1150; x_wconf 89' lang='lat' dir='ltr'>otii.</span> <span class='ocrx_word' id='word_1_149' title='bbox 1286 1111 1419 1158; x_wconf 81' lang='lat' dir='ltr'>Quam</span> <span class='ocrx_word' id='word_1_150' title='bbox 1456 1109 1534 1150; x_wconf 87' lang='lat' dir='ltr'>ille</span> <span class='ocrx_word' id='word_1_151' title='bbox 1567 1107 1677 1149; x_wconf 84' lang='lat' dir='ltr'>haec</span> 
     </span>
     <span class='ocr_line' id='line_1_18' title="bbox 201 1163 1674 1219; baseline -0.002 -12"><span class='ocrx_word' id='word_1_152' title='bbox 201 1179 288 1207; x_wconf 89' lang='lat' dir='ltr'>non</span> <span class='ocrx_word' id='word_1_153' title='bbox 327 1165 509 1219; x_wconf 82' lang='lat' dir='ltr'>probare</span> <span class='ocrx_word' id='word_1_154' title='bbox 551 1163 864 1214; x_wconf 75' lang='lat' dir='ltr'>mihi:.quidem</span> <span class='ocrx_word' id='word_1_155' title='bbox 899 1165 1013 1205; x_wconf 85' lang='lat' dir='ltr'>visus</span> <span class='ocrx_word' id='word_1_156' title='bbox 1043 1167 1123 1206; x_wconf 83' lang='lat' dir='ltr'>est!</span> <span class='ocrx_word' id='word_1_157' title='bbox 1185 1178 1311 1217; x_wconf 88' lang='lat' dir='ltr'>quam</span> <span class='ocrx_word' id='word_1_158' title='bbox 1341 1167 1463 1206; x_wconf 85' lang='lat' dir='ltr'>illam</span> <span class='ocrx_word' id='word_1_159' title='bbox 1491 1166 1674 1215; x_wconf 78' lang='grc' dir='ltr'><strong><em>νεκυιάν,</em></strong></span> 
     </span>
     <span class='ocr_line' id='line_1_19' title="bbox 203 1220 1676 1275; baseline -0.001 -11"><span class='ocrx_word' id='word_1_160' title='bbox 203 1227 251 1264; x_wconf 90' lang='lat' dir='ltr'>ut</span> <span class='ocrx_word' id='word_1_161' title='bbox 291 1224 338 1263; x_wconf 88' lang='lat' dir='ltr'>tu</span> <span class='ocrx_word' id='word_1_162' title='bbox 377 1223 589 1273; x_wconf 81' lang='lat' dir='ltr'>appellas,</span> <span class='ocrx_word' id='word_1_163' title='bbox 639 1220 810 1260; x_wconf 84' lang='lat' dir='ltr'>timere!</span> <span class='ocrx_word' id='word_1_164' title='bbox 870 1220 984 1262; x_wconf 89' lang='lat' dir='ltr'>Huic</span> <span class='ocrx_word' id='word_1_165' title='bbox 1014 1233 1091 1274; x_wconf 86' lang='lat' dir='ltr'>ego</span> <span class='ocrx_word' id='word_1_166' title='bbox 1119 1223 1166 1263; x_wconf 89' lang='lat' dir='ltr'>in</span> <span class='ocrx_word' id='word_1_167' title='bbox 1195 1225 1329 1263; x_wconf 90' lang='lat' dir='ltr'>multo</span> <span class='ocrx_word' id='word_1_168' title='bbox 1359 1235 1554 1263; x_wconf 88' lang='lat' dir='ltr'>sermone</span> <span class='ocrx_word' id='word_1_169' title='bbox 1584 1224 1676 1275; x_wconf 87' lang='lat' dir='ltr'>epi-</span> 
     </span>
     <span class='ocr_line' id='line_1_20' title="bbox 201 1275 1674 1331; baseline 0.001 -11"><span class='ocrx_word' id='word_1_170' title='bbox 201 1280 351 1321; x_wconf 85' lang='lat' dir='ltr'>stolam</span> <span class='ocrx_word' id='word_1_171' title='bbox 386 1278 439 1318; x_wconf 86' lang='lat' dir='ltr'>ad</span> <span class='ocrx_word' id='word_1_172' title='bbox 474 1290 542 1318; x_wconf 88' lang='lat' dir='ltr'>me</span> <span class='ocrx_word' id='word_1_173' title='bbox 573 1275 762 1317; x_wconf 86' lang='lat' dir='ltr'>Caesaris</span> <span class='ocrx_word' id='word_1_174' title='bbox 803 1277 990 1330; x_wconf 88' lang='lat' dir='ltr'>ostendi,</span> <span class='ocrx_word' id='word_1_175' title='bbox 1037 1291 1151 1326; x_wconf 85' lang='lat' dir='ltr'>eam,</span> <span class='ocrx_word' id='word_1_176' title='bbox 1197 1279 1318 1319; x_wconf 89' lang='lat' dir='ltr'>cuius</span> <span class='ocrx_word' id='word_1_177' title='bbox 1348 1281 1589 1331; x_wconf 82' lang='lat' dir='ltr'>exemplum</span> <span class='ocrx_word' id='word_1_178' title='bbox 1617 1279 1674 1321; x_wconf 82' lang='lat' dir='ltr'>ad</span> 
     </span>
     <span class='ocr_line' id='line_1_21' title="bbox 201 1334 1672 1389; baseline 0 -12"><span class='ocrx_word' id='word_1_179' title='bbox 201 1339 244 1377; x_wconf 83' lang='lat' dir='ltr'>te</span> <span class='ocrx_word' id='word_1_180' title='bbox 274 1338 400 1377; x_wconf 89' lang='lat' dir='ltr'>antea</span> <span class='ocrx_word' id='word_1_181' title='bbox 428 1335 551 1382; x_wconf 70' lang='lat' dir='ltr'>misi,</span> <span class='ocrx_word' id='word_1_182' title='bbox 601 1335 856 1386; x_wconf 84' lang='lat' dir='ltr'>rogavique,</span> <span class='ocrx_word' id='word_1_183' title='bbox 902 1336 950 1374; x_wconf 86' lang='lat' dir='ltr'>ut</span> <span class='ocrx_word' id='word_1_184' title='bbox 987 1334 1366 1388; x_wconf 80' lang='lat' dir='ltr'>interpretaretur,</span> <span class='ocrx_word' id='word_1_185' title='bbox 1413 1334 1516 1387; x_wconf 90' lang='lat' dir='ltr'>quid</span> <span class='ocrx_word' id='word_1_186' title='bbox 1547 1337 1672 1389; x_wconf 84' lang='lat' dir='ltr'>esset,</span> 
     </span>
     <span class='ocr_line' id='line_1_22' title="bbox 200 1391 1669 1446; baseline -0.001 -12"><span class='ocrx_word' id='word_1_187' title='bbox 200 1394 313 1446; x_wconf 88' lang='lat' dir='ltr'>quod</span> <span class='ocrx_word' id='word_1_188' title='bbox 351 1394 426 1433; x_wconf 90' lang='lat' dir='ltr'>ille</span> <span class='ocrx_word' id='word_1_189' title='bbox 457 1391 696 1443; x_wconf 76' lang='lat' dir='ltr'>scriberet,</span> <span class='ocrx_word' id='word_1_190' title='bbox 749 1391 968 1440; x_wconf 87' lang='lat' dir='ltr'>„consilio</span> <span class='ocrx_word' id='word_1_191' title='bbox 1005 1405 1100 1433; x_wconf 92' lang='lat' dir='ltr'>meo</span> <span class='ocrx_word' id='word_1_192' title='bbox 1137 1405 1182 1433; x_wconf 89' lang='lat' dir='ltr'>se</span> <span class='ocrx_word' id='word_1_193' title='bbox 1227 1393 1290 1433; x_wconf 92' lang='lat' dir='ltr'>uti</span> <span class='ocrx_word' id='word_1_194' title='bbox 1327 1394 1440 1433; x_wconf 87' lang='lat' dir='ltr'>velle</span> <span class='ocrx_word' id='word_1_195' title='bbox 1451 1420 1481 1441; x_wconf 90' lang='lat'>‚-</span> <span class='ocrx_word' id='word_1_196' title='bbox 1504 1393 1669 1446; x_wconf 79' lang='lat' dir='ltr'>gratia,</span> 
     </span>
     <span class='ocr_line' id='line_1_23' title="bbox 200 1448 1784 1505; baseline 0 -14"><span class='ocrx_word' id='word_1_197' title='bbox 200 1451 425 1504; x_wconf 84' lang='lat' dir='ltr'>dignitate,</span> <span class='ocrx_word' id='word_1_198' title='bbox 456 1461 538 1501; x_wconf 89' lang='lat' dir='ltr'>ope</span> <span class='ocrx_word' id='word_1_199' title='bbox 565 1461 710 1489; x_wconf 89' lang='lat' dir='ltr'>rerum</span> <span class='ocrx_word' id='word_1_200' title='bbox 739 1448 966 1491; x_wconf 86' lang='lat' dir='ltr'>omnium.&#39;’</span> <span class='ocrx_word' id='word_1_201' title='bbox 1023 1449 1256 1502; x_wconf 90' lang='lat' dir='ltr'>Respondit</span> <span class='ocrx_word' id='word_1_202' title='bbox 1283 1460 1328 1490; x_wconf 91' lang='lat' dir='ltr'>se</span> <span class='ocrx_word' id='word_1_203' title='bbox 1348 1462 1434 1489; x_wconf 89' lang='lat' dir='ltr'>non</span> <span class='ocrx_word' id='word_1_204' title='bbox 1457 1448 1671 1500; x_wconf 85' lang='lat' dir='ltr'>dubitare,</span> <span class='ocrx_word' id='word_1_205' title='bbox 1766 1462 1784 1505; x_wconf 53' lang='lat' dir='ltr'>qq</span> 
     </span>
     <span class='ocr_line' id='line_1_24' title="bbox 199 1505 1769 1561; baseline -0.001 -12"><span class='ocrx_word' id='word_1_206' title='bbox 199 1509 303 1561; x_wconf 87' lang='lat' dir='ltr'>quin</span> <span class='ocrx_word' id='word_1_207' title='bbox 333 1509 376 1560; x_wconf 86' lang='lat' dir='ltr'>et</span> <span class='ocrx_word' id='word_1_208' title='bbox 402 1519 539 1561; x_wconf 51' lang='lat' dir='ltr'>opem¹</span> <span class='ocrx_word' id='word_1_209' title='bbox 557 1507 600 1546; x_wconf 86' lang='lat' dir='ltr'>et</span> <span class='ocrx_word' id='word_1_210' title='bbox 627 1505 807 1559; x_wconf 87' lang='lat' dir='ltr'>gratiam</span> <span class='ocrx_word' id='word_1_211' title='bbox 834 1518 972 1547; x_wconf 90' lang='lat' dir='ltr'>meam</span> <span class='ocrx_word' id='word_1_212' title='bbox 998 1505 1076 1549; x_wconf 84' lang='lat' dir='ltr'>ille</span> <span class='ocrx_word' id='word_1_213' title='bbox 1104 1507 1159 1548; x_wconf 87' lang='lat' dir='ltr'>ad</span> <span class='ocrx_word' id='word_1_214' title='bbox 1172 1506 1516 1560; x_wconf 86' lang='lat' dir='ltr'>pacificationem</span> <span class='ocrx_word' id='word_1_215' title='bbox 1544 1519 1672 1561; x_wconf 88' lang='lat' dir='ltr'>quae·</span> <span class='ocrx_word' id='word_1_216' title='bbox 1766 1519 1769 1527; x_wconf 65' lang='lat'><strong><em>¹</em></strong></span> 
     </span>
    </p>
   </div>
   <div class='ocr_carea' id='block_1_7' title="bbox 188 1626 1777 2792">
    <p class='ocr_par' dir='ltr' id='par_1_8' title="bbox 191 1626 1777 2178">
     <span class='ocr_line' id='line_1_25' title="bbox 220 1626 1671 1676; baseline -0.002 -9"><span class='ocrx_word' id='word_1_217' title='bbox 220 1647 224 1651; x_wconf 32' lang='grc' dir='ltr'><strong>Δ</strong></span> <span class='ocrx_word' id='word_1_218' title='bbox 288 1635 322 1667; x_wconf 89' lang='grc'>1.</span> <span class='ocrx_word' id='word_1_219' title='bbox 353 1632 549 1667; x_wconf 79' lang='lat' dir='ltr'>Lentulum</span> <span class='ocrx_word' id='word_1_220' title='bbox 572 1626 832 1676; x_wconf 84' lang='lat' dir='ltr'>Spintherem,</span> <span class='ocrx_word' id='word_1_221' title='bbox 867 1630 1127 1673; x_wconf 88' lang='lat' dir='ltr'>consularem,</span> <span class='ocrx_word' id='word_1_222' title='bbox 1165 1628 1360 1664; x_wconf 83' lang='lat' dir='ltr'>Ciceronis</span> <span class='ocrx_word' id='word_1_223' title='bbox 1384 1630 1543 1665; x_wconf 88' lang='lat' dir='ltr'>amicum</span> <span class='ocrx_word' id='word_1_224' title='bbox 1568 1629 1671 1665; x_wconf 88' lang='lat' dir='ltr'>eius-</span> 
     </span>
     <span class='ocr_line' id='line_1_26' title="bbox 197 1676 1669 1724; baseline -0.002 -11"><span class='ocrx_word' id='word_1_225' title='bbox 197 1689 270 1724; x_wconf 85' lang='lat' dir='ltr'>que</span> <span class='ocrx_word' id='word_1_226' title='bbox 296 1679 342 1713; x_wconf 88' lang='lat' dir='ltr'>ab</span> <span class='ocrx_word' id='word_1_227' title='bbox 367 1679 505 1713; x_wconf 82' lang='lat' dir='ltr'>exsilio</span> <span class='ocrx_word' id='word_1_228' title='bbox 532 1676 734 1712; x_wconf 86' lang='lat' dir='ltr'>revocandi</span> <span class='ocrx_word' id='word_1_229' title='bbox 768 1677 1012 1722; x_wconf 79' lang='lat' dir='ltr'>praecipuum</span> <span class='ocrx_word' id='word_1_230' title='bbox 1037 1682 1241 1710; x_wconf 84' lang='lat' dir='ltr'>auctorem.</span> <span class='ocrx_word' id='word_1_231' title='bbox 1289 1677 1386 1710; x_wconf 92' lang='lat' dir='ltr'>Eum</span> <span class='ocrx_word' id='word_1_232' title='bbox 1411 1677 1549 1711; x_wconf 88' lang='lat' dir='ltr'>Caesar</span> <span class='ocrx_word' id='word_1_233' title='bbox 1574 1677 1669 1711; x_wconf 79' lang='lat' dir='ltr'>Cor-</span> 
     </span>
     <span class='ocr_line' id='line_1_27' title="bbox 195 1722 1664 1767; baseline -0.001 -7"><span class='ocrx_word' id='word_1_234' title='bbox 195 1726 277 1760; x_wconf 90' lang='lat' dir='ltr'>finii</span> <span class='ocrx_word' id='word_1_235' title='bbox 308 1737 390 1760; x_wconf 92' lang='lat' dir='ltr'>cum</span> <span class='ocrx_word' id='word_1_236' title='bbox 416 1725 586 1760; x_wconf 79' lang='lat' dir='ltr'>Domitio</span> <span class='ocrx_word' id='word_1_237' title='bbox 618 1723 832 1766; x_wconf 85' lang='lat' dir='ltr'>ceterisque</span> <span class='ocrx_word' id='word_1_238' title='bbox 864 1730 1011 1767; x_wconf 84' lang='lat' dir='ltr'>captum</span> <span class='ocrx_word' id='word_1_239' title='bbox 1044 1722 1247 1756; x_wconf 85' lang='lat' dir='ltr'>dimiserat.</span> <span class='ocrx_word' id='word_1_240' title='bbox 1296 1723 1374 1756; x_wconf 86' lang='lat' dir='ltr'>Cfr.</span> <span class='ocrx_word' id='word_1_241' title='bbox 1411 1723 1520 1756; x_wconf 84' lang='lat' dir='ltr'>Caes.</span> <span class='ocrx_word' id='word_1_242' title='bbox 1547 1722 1594 1756; x_wconf 90' lang='lat' dir='ltr'>de</span> <span class='ocrx_word' id='word_1_243' title='bbox 1617 1723 1664 1758; x_wconf 91' lang='lat' dir='ltr'>B.</span> 
     </span>
     <span class='ocr_line' id='line_1_28' title="bbox 195 1767 1670 1815; baseline -0.003 -9"><span class='ocrx_word' id='word_1_244' title='bbox 195 1773 277 1806; x_wconf 84' lang='lat' dir='ltr'>Civ.</span> <span class='ocrx_word' id='word_1_245' title='bbox 304 1773 344 1815; x_wconf 92' lang='lat'>1,</span> <span class='ocrx_word' id='word_1_246' title='bbox 369 1772 427 1807; x_wconf 80' lang='lat'>23.</span> <span class='ocrx_word' id='word_1_247' title='bbox 459 1772 568 1806; x_wconf 89' lang='lat' dir='ltr'>SCH.</span> <span class='ocrx_word' id='word_1_248' title='bbox 617 1771 716 1805; x_wconf 82' lang='lat' dir='ltr'>Liin.</span> <span class='ocrx_word' id='word_1_249' title='bbox 755 1769 873 1804; x_wconf 91' lang='lat' dir='ltr'>Wiel.</span> <span class='ocrx_word' id='word_1_250' title='bbox 913 1769 1061 1813; x_wconf 86' lang='lat' dir='ltr'>signum</span> <span class='ocrx_word' id='word_1_251' title='bbox 1092 1767 1350 1810; x_wconf 81' lang='lat' dir='ltr'>interrogandi</span> <span class='ocrx_word' id='word_1_252' title='bbox 1380 1774 1467 1812; x_wconf 88' lang='lat' dir='ltr'>post</span> <span class='ocrx_word' id='word_1_253' title='bbox 1503 1768 1670 1803; x_wconf 69' lang='lat' dir='ltr'>Puteolis</span> 
     </span>
     <span class='ocr_line' id='line_1_29' title="bbox 195 1814 1667 1863; baseline -0.003 -11"><span class='ocrx_word' id='word_1_254' title='bbox 195 1829 271 1852; x_wconf 86' lang='lat' dir='ltr'>esse</span> <span class='ocrx_word' id='word_1_255' title='bbox 305 1829 481 1863; x_wconf 85' lang='lat' dir='ltr'>posuere.</span> <span class='ocrx_word' id='word_1_256' title='bbox 514 1836 560 1843; x_wconf 91' lang='lat'>--</span> <span class='ocrx_word' id='word_1_257' title='bbox 613 1817 655 1851; x_wconf 79' lang='lat' dir='ltr'>in</span> <span class='ocrx_word' id='word_1_258' title='bbox 687 1816 814 1861; x_wconf 81' lang='lat' dir='ltr'>Appia</span> <span class='ocrx_word' id='word_1_259' title='bbox 846 1815 907 1850; x_wconf 90' lang='lat' dir='ltr'>via</span> <span class='ocrx_word' id='word_1_260' title='bbox 937 1815 1014 1850; x_wconf 88' lang='lat' dir='ltr'>Md.</span> <span class='ocrx_word' id='word_1_261' title='bbox 1049 1825 1071 1848; x_wconf 91' lang='lat' dir='ltr'>a</span> <span class='ocrx_word' id='word_1_262' title='bbox 1101 1824 1176 1848; x_wconf 86' lang='lat' dir='ltr'>see.</span> <span class='ocrx_word' id='word_1_263' title='bbox 1203 1825 1248 1849; x_wconf 90' lang='lat' dir='ltr'>m.</span> <span class='ocrx_word' id='word_1_264' title='bbox 1289 1814 1374 1848; x_wconf 86' lang='lat' dir='ltr'>Asc.</span> <span class='ocrx_word' id='word_1_265' title='bbox 1401 1816 1433 1848; x_wconf 90' lang='lat' dir='ltr'>l.</span> <span class='ocrx_word' id='word_1_266' title='bbox 1479 1814 1581 1850; x_wconf 86' lang='lat' dir='ltr'>Crat.</span> <span class='ocrx_word' id='word_1_267' title='bbox 1620 1832 1667 1842; x_wconf 85' lang='lat'>—-</span> 
     </span>
     <span class='ocr_line' id='line_1_30' title="bbox 194 1860 1669 1909; baseline -0.002 -11"><span class='ocrx_word' id='word_1_268' title='bbox 194 1875 301 1909; x_wconf 78' lang='lat' dir='ltr'>quum</span> <span class='ocrx_word' id='word_1_269' title='bbox 326 1865 381 1908; x_wconf 76' lang='lat' dir='ltr'>is,</span> <span class='ocrx_word' id='word_1_270' title='bbox 416 1864 521 1900; x_wconf 87' lang='lat' dir='ltr'>Vict.</span> <span class='ocrx_word' id='word_1_271' title='bbox 548 1864 581 1896; x_wconf 91' lang='grc'>1.</span> <span class='ocrx_word' id='word_1_272' title='bbox 615 1862 683 1897; x_wconf 71' lang='lat' dir='ltr'>his.</span> <span class='ocrx_word' id='word_1_273' title='bbox 711 1882 755 1888; x_wconf 92' lang='lat'>—</span> <span class='ocrx_word' id='word_1_274' title='bbox 804 1862 933 1896; x_wconf 77' lang='lat' dir='ltr'>literas</span> <span class='ocrx_word' id='word_1_275' title='bbox 957 1862 1182 1906; x_wconf 81' lang='lat' dir='ltr'>perferrent.</span> <span class='ocrx_word' id='word_1_276' title='bbox 1217 1877 1262 1885; x_wconf 88' lang='lat'>-—·</span> <span class='ocrx_word' id='word_1_277' title='bbox 1308 1860 1465 1902; x_wconf 82' lang='lat' dir='ltr'>mirifice</span> <span class='ocrx_word' id='word_1_278' title='bbox 1490 1885 1499 1894; x_wconf 90' lang='lat'><strong>.</strong></span> <span class='ocrx_word' id='word_1_279' title='bbox 1517 1886 1526 1894; x_wconf 90' lang='lat'><strong>.</strong></span> <span class='ocrx_word' id='word_1_280' title='bbox 1551 1870 1669 1903; x_wconf 70' lang='lat' dir='ltr'>agens</span> 
     </span>
     <span class='ocr_line' id='line_1_31' title="bbox 194 1905 1670 1952; baseline -0.004 -7"><span class='ocrx_word' id='word_1_281' title='bbox 194 1911 276 1946; x_wconf 85' lang='lat' dir='ltr'>scil.</span> <span class='ocrx_word' id='word_1_282' title='bbox 309 1910 348 1945; x_wconf 88' lang='lat' dir='ltr'>in</span> <span class='ocrx_word' id='word_1_283' title='bbox 373 1909 431 1945; x_wconf 90' lang='lat' dir='ltr'>his</span> <span class='ocrx_word' id='word_1_284' title='bbox 456 1908 600 1952; x_wconf 83' lang='lat' dir='ltr'>literis,</span> <span class='ocrx_word' id='word_1_285' title='bbox 640 1909 677 1942; x_wconf 91' lang='lat' dir='ltr'>in</span> <span class='ocrx_word' id='word_1_286' title='bbox 710 1909 892 1944; x_wconf 87' lang='lat' dir='ltr'>welchem</span> <span class='ocrx_word' id='word_1_287' title='bbox 914 1908 1045 1943; x_wconf 89' lang='lat' dir='ltr'>Briefe</span> <span class='ocrx_word' id='word_1_288' title='bbox 1077 1918 1119 1940; x_wconf 86' lang='lat' dir='ltr'>er</span> <span class='ocrx_word' id='word_1_289' title='bbox 1143 1905 1512 1941; x_wconf 85' lang='lat' dir='ltr'>ausserordentliche</span> <span class='ocrx_word' id='word_1_290' title='bbox 1536 1906 1670 1940; x_wconf 85' lang='lat' dir='ltr'>Dank-</span> 
     </span>
     <span class='ocr_line' id='line_1_32' title="bbox 194 1940 1777 2001; baseline -0.004 -9"><span class='ocrx_word' id='word_1_291' title='bbox 194 1957 343 1992; x_wconf 86' lang='lat' dir='ltr'>barkeit</span> <span class='ocrx_word' id='word_1_292' title='bbox 373 1966 497 2001; x_wconf 79' lang='lat' dir='ltr'>gegen</span> <span class='ocrx_word' id='word_1_293' title='bbox 521 1956 636 1990; x_wconf 56' lang='lat' dir='ltr'>Cesar</span> <span class='ocrx_word' id='word_1_294' title='bbox 667 1955 890 2000; x_wconf 84' lang='lat' dir='ltr'>ausspricht.</span> <span class='ocrx_word' id='word_1_295' title='bbox 924 1973 967 1979; x_wconf 89' lang='lat'>—</span> <span class='ocrx_word' id='word_1_296' title='bbox 1016 1954 1157 1988; x_wconf 80' lang='lat' dir='ltr'>dedisse</span> <span class='ocrx_word' id='word_1_297' title='bbox 1181 1951 1263 1987; x_wconf 90' lang='lat' dir='ltr'>scil.</span> <span class='ocrx_word' id='word_1_298' title='bbox 1288 1951 1458 1986; x_wconf 85' lang='lat' dir='ltr'>scribens</span> <span class='ocrx_word' id='word_1_299' title='bbox 1490 1962 1557 1987; x_wconf 89' lang='lat' dir='ltr'>aus</span> <span class='ocrx_word' id='word_1_300' title='bbox 1580 1953 1665 1986; x_wconf 79' lang='lat' dir='ltr'>lite-</span> <span class='ocrx_word' id='word_1_301' title='bbox 1762 1940 1777 1993; x_wconf 54' lang='lat'>„¹</span> 
     </span>
     <span class='ocr_line' id='line_1_33' title="bbox 193 1988 1776 2047; baseline -0.003 -10"><span class='ocrx_word' id='word_1_302' title='bbox 193 2015 280 2037; x_wconf 76' lang='lat' dir='ltr'>ras.-</span> <span class='ocrx_word' id='word_1_303' title='bbox 320 2003 424 2047; x_wconf 87' lang='lat' dir='ltr'>„und</span> <span class='ocrx_word' id='word_1_304' title='bbox 450 2002 574 2038; x_wconf 84' lang='lat' dir='ltr'>worin</span> <span class='ocrx_word' id='word_1_305' title='bbox 599 2012 641 2036; x_wconf 86' lang='lat' dir='ltr'>er</span> <span class='ocrx_word' id='word_1_306' title='bbox 665 2001 848 2041; x_wconf 86' lang='lat' dir='ltr'>schreibt,</span> <span class='ocrx_word' id='word_1_307' title='bbox 890 2012 933 2035; x_wconf 91' lang='lat' dir='ltr'>er</span> <span class='ocrx_word' id='word_1_308' title='bbox 957 2001 1053 2035; x_wconf 87' lang='lat' dir='ltr'>habe</span> <span class='ocrx_word' id='word_1_309' title='bbox 1078 2000 1172 2034; x_wconf 85' lang='lat' dir='ltr'>iiber</span> <span class='ocrx_word' id='word_1_310' title='bbox 1196 1999 1296 2040; x_wconf 87' lang='lat' dir='ltr'>Das,</span> <span class='ocrx_word' id='word_1_311' title='bbox 1330 2009 1410 2033; x_wconf 79' lang='lat' dir='ltr'>was</span> <span class='ocrx_word' id='word_1_312' title='bbox 1435 2010 1477 2033; x_wconf 90' lang='lat' dir='ltr'>er</span> <span class='ocrx_word' id='word_1_313' title='bbox 1501 2008 1548 2033; x_wconf 89' lang='lat' dir='ltr'>zu</span> <span class='ocrx_word' id='word_1_314' title='bbox 1573 2000 1667 2033; x_wconf 76' lang='lat' dir='ltr'>thun</span> <span class='ocrx_word' id='word_1_315' title='bbox 1760 1988 1776 2028; x_wconf 59' lang='grc' dir='ltr'>,Ι</span> 
     </span>
     <span class='ocr_line' id='line_1_34' title="bbox 193 2034 1764 2091; baseline -0.003 -7"><span class='ocrx_word' id='word_1_316' title='bbox 193 2050 358 2084; x_wconf 87' lang='lat' dir='ltr'>Willens</span> <span class='ocrx_word' id='word_1_317' title='bbox 388 2048 464 2091; x_wconf 88' lang='lat' dir='ltr'>sei,</span> <span class='ocrx_word' id='word_1_318' title='bbox 509 2048 592 2082; x_wconf 90' lang='lat' dir='ltr'>dem</span> <span class='ocrx_word' id='word_1_319' title='bbox 630 2048 670 2082; x_wconf 89' lang='lat' dir='ltr'>C.</span> <span class='ocrx_word' id='word_1_320' title='bbox 697 2048 854 2082; x_wconf 85' lang='lat' dir='ltr'>Caecius</span> <span class='ocrx_word' id='word_1_321' title='bbox 887 2047 997 2082; x_wconf 88' lang='lat' dir='ltr'>einen</span> <span class='ocrx_word' id='word_1_322' title='bbox 1028 2044 1267 2080; x_wconf 81' lang='lat' dir='ltr'>miindlichen</span> <span class='ocrx_word' id='word_1_323' title='bbox 1290 2045 1453 2089; x_wconf 83' lang='lat' dir='ltr'>Austrag</span> <span class='ocrx_word' id='word_1_324' title='bbox 1483 2055 1528 2078; x_wconf 89' lang='lat' dir='ltr'>an</span> <span class='ocrx_word' id='word_1_325' title='bbox 1565 2045 1667 2080; x_wconf 83' lang='lat' dir='ltr'>mich</span> <span class='ocrx_word' id='word_1_326' title='bbox 1759 2034 1764 2062; x_wconf 69' lang='lat'>²</span> 
     </span>
     <span class='ocr_line' id='line_1_35' title="bbox 191 2090 1763 2178; baseline -0.002 -49"><span class='ocrx_word' id='word_1_327' title='bbox 191 2095 473 2177; x_wconf 50' lang='lat' dir='ltr'>{initgpgebfglst</span> <span class='ocrx_word' id='word_1_328' title='bbox 509 2093 1051 2178; x_wconf 45' lang='lat' dir='ltr'>lgieser&#39;3a1hvggmluthdlichl</span> <span class='ocrx_word' id='word_1_329' title='bbox 1072 2092 1138 2172; x_wconf 60' lang='lat' dir='ltr'>eir:i</span> <span class='ocrx_word' id='word_1_330' title='bbox 1159 2090 1381 2172; x_wconf 40' lang='lat' dir='ltr'>Klgzntnssses</span> <span class='ocrx_word' id='word_1_331' title='bbox 1405 2090 1590 2126; x_wconf 77' lang='lat' dir='ltr'>Lentulus</span> <span class='ocrx_word' id='word_1_332' title='bbox 1625 2091 1666 2127; x_wconf 82' lang='lat' dir='ltr'>iu</span> <span class='ocrx_word' id='word_1_333' title='bbox 1757 2111 1763 2174; x_wconf 60' lang='grc' dir='ltr'>ἶ</span> 
     </span>
     <span class='ocr_line' id='line_1_36' title="bbox 219 2147 1408 2177; baseline -0.004 -2"><span class='ocrx_word' id='word_1_334' title='bbox 219 2149 366 2177; x_wconf 68' lang='grc' dir='ltr'>οῐιισρι·</span> <span class='ocrx_word' id='word_1_335' title='bbox 427 2153 446 2176; x_wconf 90' lang='lat' dir='ltr'>e</span> <span class='ocrx_word' id='word_1_336' title='bbox 476 2153 519 2176; x_wconf 89' lang='lat' dir='ltr'>en</span> <span class='ocrx_word' id='word_1_337' title='bbox 550 2167 560 2177; x_wconf 89' lang='lat'><strong>.</strong></span> <span class='ocrx_word' id='word_1_338' title='bbox 586 2159 632 2168; x_wconf 91' lang='lat'><em>-</em></span> <span class='ocrx_word' id='word_1_339' title='bbox 786 2167 794 2177; x_wconf 92' lang='lat'><strong>.</strong></span> <span class='ocrx_word' id='word_1_340' title='bbox 863 2151 884 2174; x_wconf 88' lang='grc' dir='ltr'><em>α</em></span> <span class='ocrx_word' id='word_1_341' title='bbox 904 2166 912 2175; x_wconf 90' lang='grc'><strong>.</strong></span> <span class='ocrx_word' id='word_1_342' title='bbox 1000 2151 1061 2173; x_wconf 88' lang='lat' dir='ltr'>rz.</span> <span class='ocrx_word' id='word_1_343' title='bbox 1144 2148 1188 2171; x_wconf 87' lang='lat' dir='ltr'>en</span> <span class='ocrx_word' id='word_1_344' title='bbox 1260 2162 1268 2171; x_wconf 92' lang='lat'><strong>.</strong></span> <span class='ocrx_word' id='word_1_345' title='bbox 1332 2147 1408 2171; x_wconf 86' lang='lat' dir='ltr'>arz.</span> 
     </span>
    </p>

    <p class='ocr_par' dir='ltr' id='par_1_9' title="bbox 188 2151 1761 2792">
     <span class='ocr_line' id='line_1_37' title="bbox 281 2151 1761 2232; baseline -0.005 -10"><span class='ocrx_word' id='word_1_346' title='bbox 281 2168 320 2223; x_wconf 59' lang='lat'>2¹²?</span> <span class='ocrx_word' id='word_1_347' title='bbox 354 2153 653 2232; x_wconf 49' lang='lat' dir='ltr'>Qninfq&#39;ruatribus.</span> <span class='ocrx_word' id='word_1_348' title='bbox 691 2187 808 2223; x_wconf 88' lang='lat' dir='ltr'>Diess</span> <span class='ocrx_word' id='word_1_349' title='bbox 832 2151 1104 2221; x_wconf 53' lang='lat' dir='ltr'>Minervlensest</span> <span class='ocrx_word' id='word_1_350' title='bbox 1128 2185 1281 2218; x_wconf 87' lang='lat' dir='ltr'>dauerte</span> <span class='ocrx_word' id='word_1_351' title='bbox 1306 2193 1390 2216; x_wconf 89' lang='lat' dir='ltr'>vom</span> <span class='ocrx_word' id='word_1_352' title='bbox 1415 2182 1471 2219; x_wconf 86' lang='lat'>19.</span> <span class='ocrx_word' id='word_1_353' title='bbox 1495 2181 1555 2217; x_wconf 91' lang='lat' dir='ltr'>bis</span> <span class='ocrx_word' id='word_1_354' title='bbox 1579 2191 1665 2217; x_wconf 84' lang='lat' dir='ltr'>zum</span> <span class='ocrx_word' id='word_1_355' title='bbox 1758 2175 1761 2214; x_wconf 74' lang='lat' dir='ltr'>J</span> 
     </span>
     <span class='ocr_line' id='line_1_38' title="bbox 189 2229 1666 2272; baseline -0.005 -3"><span class='ocrx_word' id='word_1_356' title='bbox 189 2235 246 2270; x_wconf 80' lang='lat'>23.</span> <span class='ocrx_word' id='word_1_357' title='bbox 272 2235 393 2270; x_wconf 72' lang='lat' dir='ltr'>Miirz.</span> <span class='ocrx_word' id='word_1_358' title='bbox 443 2235 485 2269; x_wconf 88' lang='lat' dir='ltr'>C.</span> <span class='ocrx_word' id='word_1_359' title='bbox 511 2235 659 2269; x_wconf 73' lang='lat' dir='ltr'>Matius</span> <span class='ocrx_word' id='word_1_360' title='bbox 682 2244 765 2269; x_wconf 83' lang='lat' dir='ltr'>war</span> <span class='ocrx_word' id='word_1_361' title='bbox 787 2233 907 2268; x_wconf 86' lang='lat' dir='ltr'>Einer</span> <span class='ocrx_word' id='word_1_362' title='bbox 931 2233 999 2267; x_wconf 91' lang='lat' dir='ltr'>der</span> <span class='ocrx_word' id='word_1_363' title='bbox 1022 2235 1296 2266; x_wconf 82' lang='lat' dir='ltr'>vertrautesten</span> <span class='ocrx_word' id='word_1_364' title='bbox 1319 2229 1494 2263; x_wconf 87' lang='lat' dir='ltr'>Freunde</span> <span class='ocrx_word' id='word_1_365' title='bbox 1517 2229 1666 2272; x_wconf 70' lang='lat' dir='ltr'>Ciisars,</span> 
     </span>
     <span class='ocr_line' id='line_1_39' title="bbox 190 2274 1665 2316; baseline -0.003 -1"><span class='ocrx_word' id='word_1_366' title='bbox 190 2282 282 2316; x_wconf 86' lang='lat' dir='ltr'>aber</span> <span class='ocrx_word' id='word_1_367' title='bbox 307 2281 404 2315; x_wconf 87' lang='lat' dir='ltr'>ohne</span> <span class='ocrx_word' id='word_1_368' title='bbox 430 2280 559 2315; x_wconf 88' lang='lat' dir='ltr'>iemals</span> <span class='ocrx_word' id='word_1_369' title='bbox 585 2281 670 2315; x_wconf 88' lang='lat' dir='ltr'>eine</span> <span class='ocrx_word' id='word_1_370' title='bbox 687 2280 902 2314; x_wconf 67' lang='lat' dir='ltr'>offentliche</span> <span class='ocrx_word' id='word_1_371' title='bbox 913 2279 1031 2314; x_wconf 88' lang='lat' dir='ltr'>Civil-</span> <span class='ocrx_word' id='word_1_372' title='bbox 1056 2276 1149 2312; x_wconf 88' lang='lat' dir='ltr'>oder</span> <span class='ocrx_word' id='word_1_373' title='bbox 1165 2275 1444 2310; x_wconf 67' lang='lat' dir='ltr'>Militarwiirde</span> <span class='ocrx_word' id='word_1_374' title='bbox 1467 2274 1665 2310; x_wconf 75' lang='lat' dir='ltr'>bekleidet</span> 
     </span>
     <span class='ocr_line' id='line_1_40' title="bbox 190 2321 1663 2374; baseline -0.005 -12"><span class='ocrx_word' id='word_1_375' title='bbox 190 2338 237 2362; x_wconf 81' lang='lat' dir='ltr'>zu</span> <span class='ocrx_word' id='word_1_376' title='bbox 262 2328 398 2362; x_wconf 84' lang='lat' dir='ltr'>haben.</span> <span class='ocrx_word' id='word_1_377' title='bbox 438 2326 478 2362; x_wconf 89' lang='lat' dir='ltr'>S.</span> <span class='ocrx_word' id='word_1_378' title='bbox 507 2337 564 2371; x_wconf 88' lang='lat' dir='ltr'>ep.</span> <span class='ocrx_word' id='word_1_379' title='bbox 587 2327 797 2370; x_wconf 86' lang='lat' dir='ltr'>CCCLVI,</span> <span class='ocrx_word' id='word_1_380' title='bbox 824 2327 970 2371; x_wconf 86' lang='lat' dir='ltr'>Anlage</span> <span class='ocrx_word' id='word_1_381' title='bbox 994 2326 1040 2359; x_wconf 88' lang='lat' dir='ltr'>A.</span> <span class='ocrx_word' id='word_1_382' title='bbox 1083 2322 1289 2357; x_wconf 89' lang='lat' dir='ltr'>DCCXVI</span> <span class='ocrx_word' id='word_1_383' title='bbox 1313 2321 1389 2355; x_wconf 87' lang='lat' dir='ltr'>und</span> <span class='ocrx_word' id='word_1_384' title='bbox 1413 2321 1663 2374; x_wconf 69' lang='lat' dir='ltr'>DCCXVII3</span> 
     </span>
     <span class='ocr_line' id='line_1_41' title="bbox 189 2367 1663 2418; baseline -0.005 -10"><span class='ocrx_word' id='word_1_385' title='bbox 189 2373 387 2408; x_wconf 83' lang='lat' dir='ltr'>iiberdiess</span> <span class='ocrx_word' id='word_1_386' title='bbox 421 2384 478 2418; x_wconf 87' lang='lat' dir='ltr'>ep.</span> <span class='ocrx_word' id='word_1_387' title='bbox 508 2373 706 2407; x_wconf 87' lang='lat' dir='ltr'>CLXXII.</span> <span class='ocrx_word' id='word_1_388' title='bbox 745 2373 894 2409; x_wconf 89' lang='lat' dir='ltr'>DXIV.</span> <span class='ocrx_word' id='word_1_389' title='bbox 955 2372 1000 2406; x_wconf 88' lang='lat' dir='ltr'>Iu</span> <span class='ocrx_word' id='word_1_390' title='bbox 1023 2370 1097 2404; x_wconf 87' lang='lat' dir='ltr'>den</span> <span class='ocrx_word' id='word_1_391' title='bbox 1121 2368 1276 2403; x_wconf 87' lang='lat' dir='ltr'>Briefen</span> <span class='ocrx_word' id='word_1_392' title='bbox 1301 2367 1347 2402; x_wconf 83' lang='lat' dir='ltr'>ad</span> <span class='ocrx_word' id='word_1_393' title='bbox 1373 2367 1536 2402; x_wconf 84' lang='lat' dir='ltr'>Atticum</span> <span class='ocrx_word' id='word_1_394' title='bbox 1560 2367 1663 2402; x_wconf 75' lang='lat' dir='ltr'>wird</span> 
     </span>
     <span class='ocr_line' id='line_1_42' title="bbox 188 2412 1662 2463; baseline -0.005 -9"><span class='ocrx_word' id='word_1_395' title='bbox 188 2431 232 2454; x_wconf 86' lang='lat' dir='ltr'>er</span> <span class='ocrx_word' id='word_1_396' title='bbox 260 2421 355 2454; x_wconf 87' lang='lat' dir='ltr'>auch</span> <span class='ocrx_word' id='word_1_397' title='bbox 388 2419 548 2454; x_wconf 82' lang='lat' dir='ltr'>Calvena</span> <span class='ocrx_word' id='word_1_398' title='bbox 579 2424 759 2463; x_wconf 78' lang='lat' dir='ltr'>genannt3</span> <span class='ocrx_word' id='word_1_399' title='bbox 808 2419 854 2453; x_wconf 93' lang='lat' dir='ltr'>ad</span> <span class='ocrx_word' id='word_1_400' title='bbox 880 2419 925 2455; x_wconf 81' lang='lat' dir='ltr'>Q.</span> <span class='ocrx_word' id='word_1_401' title='bbox 951 2419 1014 2453; x_wconf 87' lang='lat' dir='ltr'>Fr.</span> <span class='ocrx_word' id='word_1_402' title='bbox 1049 2414 1129 2455; x_wconf 86' lang='grc' dir='ltr'>ΙΙΙ,</span> <span class='ocrx_word' id='word_1_403' title='bbox 1162 2416 1198 2451; x_wconf 84' lang='grc'>6.</span> <span class='ocrx_word' id='word_1_404' title='bbox 1228 2415 1263 2450; x_wconf 88' lang='lat'>4.</span> <span class='ocrx_word' id='word_1_405' title='bbox 1298 2413 1373 2448; x_wconf 86' lang='lat' dir='ltr'>soll</span> <span class='ocrx_word' id='word_1_406' title='bbox 1404 2424 1446 2448; x_wconf 89' lang='lat' dir='ltr'>er</span> <span class='ocrx_word' id='word_1_407' title='bbox 1476 2412 1662 2448; x_wconf 72' lang='lat' dir='ltr'>ebenlalls</span> 
     </span>
     <span class='ocr_line' id='line_1_43' title="bbox 188 2458 1660 2510; baseline -0.005 -10"><span class='ocrx_word' id='word_1_408' title='bbox 188 2466 354 2510; x_wconf 85' lang='lat' dir='ltr'>gemeint</span> <span class='ocrx_word' id='word_1_409' title='bbox 389 2466 485 2501; x_wconf 89' lang='lat' dir='ltr'>sein.</span> <span class='ocrx_word' id='word_1_410' title='bbox 532 2465 573 2501; x_wconf 90' lang='lat' dir='ltr'>S.</span> <span class='ocrx_word' id='word_1_411' title='bbox 605 2465 709 2510; x_wconf 85' lang='lat' dir='ltr'>Lips.</span> <span class='ocrx_word' id='word_1_412' title='bbox 746 2465 793 2499; x_wconf 88' lang='lat' dir='ltr'>ad</span> <span class='ocrx_word' id='word_1_413' title='bbox 818 2464 940 2500; x_wconf 80' lang='lat' dir='ltr'>Taciti</span> <span class='ocrx_word' id='word_1_414' title='bbox 965 2465 1064 2499; x_wconf 89' lang='lat' dir='ltr'>Ann.</span> <span class='ocrx_word' id='word_1_415' title='bbox 1099 2461 1204 2504; x_wconf 86' lang='lat' dir='ltr'>XII,</span> <span class='ocrx_word' id='word_1_416' title='bbox 1235 2462 1291 2496; x_wconf 80' lang='lat'>60.</span> <span class='ocrx_word' id='word_1_417' title='bbox 1326 2478 1369 2485; x_wconf 88' lang='lat'>--</span> <span class='ocrx_word' id='word_1_418' title='bbox 1415 2463 1547 2494; x_wconf 78' lang='lat' dir='ltr'>auctor</span> <span class='ocrx_word' id='word_1_419' title='bbox 1576 2458 1660 2502; x_wconf 73' lang='lat' dir='ltr'>otii,</span> 
     </span>
     <span class='ocr_line' id='line_1_44' title="bbox 189 2505 1659 2556; baseline -0.005 -10"><span class='ocrx_word' id='word_1_420' title='bbox 189 2513 248 2547; x_wconf 79' lang='lat' dir='ltr'>fiir</span> <span class='ocrx_word' id='word_1_421' title='bbox 273 2512 381 2547; x_wconf 89' lang='lat' dir='ltr'>einen</span> <span class='ocrx_word' id='word_1_422' title='bbox 406 2514 544 2556; x_wconf 83' lang='lat' dir='ltr'>Manu,</span> <span class='ocrx_word' id='word_1_423' title='bbox 581 2512 748 2546; x_wconf 89' lang='lat' dir='ltr'>welcher</span> <span class='ocrx_word' id='word_1_424' title='bbox 780 2511 863 2545; x_wconf 88' lang='lat' dir='ltr'>dem</span> <span class='ocrx_word' id='word_1_425' title='bbox 889 2511 1005 2545; x_wconf 70' lang='lat' dir='ltr'>Ciisar</span> <span class='ocrx_word' id='word_1_426' title='bbox 1028 2508 1159 2543; x_wconf 89' lang='lat' dir='ltr'>immer</span> <span class='ocrx_word' id='word_1_427' title='bbox 1183 2517 1267 2541; x_wconf 90' lang='lat' dir='ltr'>zum</span> <span class='ocrx_word' id='word_1_428' title='bbox 1290 2507 1322 2541; x_wconf 88' lang='lat' dir='ltr'>F</span> <span class='ocrx_word' id='word_1_429' title='bbox 1325 2505 1453 2540; x_wconf 87' lang='lat' dir='ltr'>rieden</span> <span class='ocrx_word' id='word_1_430' title='bbox 1477 2505 1659 2550; x_wconf 77' lang='lat' dir='ltr'>gerathen</span> 
     </span>
     <span class='ocr_line' id='line_1_45' title="bbox 190 2551 1659 2602; baseline -0.005 -10"><span class='ocrx_word' id='word_1_431' title='bbox 190 2559 267 2593; x_wconf 89' lang='lat' dir='ltr'>hat.</span> <span class='ocrx_word' id='word_1_432' title='bbox 298 2577 344 2584; x_wconf 91' lang='lat'>—-</span> <span class='ocrx_word' id='word_1_433' title='bbox 399 2559 465 2593; x_wconf 77' lang='lat' dir='ltr'>ille</span> <span class='ocrx_word' id='word_1_434' title='bbox 498 2558 586 2592; x_wconf 75' lang='lat' dir='ltr'>haec</span> <span class='ocrx_word' id='word_1_435' title='bbox 617 2567 667 2594; x_wconf 87' lang='lat'>==</span> <span class='ocrx_word' id='word_1_436' title='bbox 697 2557 759 2591; x_wconf 88' lang='lat' dir='ltr'>die</span> <span class='ocrx_word' id='word_1_437' title='bbox 790 2555 1073 2602; x_wconf 76' lang='lat' dir='ltr'>gegenw&#39;artige</span> <span class='ocrx_word' id='word_1_438' title='bbox 1097 2552 1301 2597; x_wconf 81' lang='lat' dir='ltr'>Wendung</span> <span class='ocrx_word' id='word_1_439' title='bbox 1332 2553 1402 2586; x_wconf 88' lang='lat' dir='ltr'>der</span> <span class='ocrx_word' id='word_1_440' title='bbox 1430 2551 1659 2597; x_wconf 76' lang='lat' dir='ltr'>politischen</span> 
     </span>
     <span class='ocr_line' id='line_1_46' title="bbox 189 2596 1658 2649; baseline -0.006 -10"><span class='ocrx_word' id='word_1_441' title='bbox 189 2604 560 2649; x_wconf 83' lang='lat' dir='ltr'>Angelegenheiten‚</span> <span class='ocrx_word' id='word_1_442' title='bbox 585 2603 657 2638; x_wconf 89' lang='lat' dir='ltr'>den</span> <span class='ocrx_word' id='word_1_443' title='bbox 681 2603 952 2647; x_wconf 78' lang='lat' dir='ltr'>Biirgerkrieg.</span> <span class='ocrx_word' id='word_1_444' title='bbox 978 2621 1023 2628; x_wconf 93' lang='lat'><em>-</em></span> <span class='ocrx_word' id='word_1_445' title='bbox 1061 2602 1260 2637; x_wconf 71' lang='grc' dir='ltr'>νεκυίαν.</span> <span class='ocrx_word' id='word_1_446' title='bbox 1299 2597 1338 2634; x_wconf 92' lang='lat' dir='ltr'>S.</span> <span class='ocrx_word' id='word_1_447' title='bbox 1361 2607 1408 2632; x_wconf 89' lang='lat' dir='ltr'>zu</span> <span class='ocrx_word' id='word_1_448' title='bbox 1425 2609 1484 2643; x_wconf 89' lang='lat' dir='ltr'>ep.</span> <span class='ocrx_word' id='word_1_449' title='bbox 1497 2596 1658 2637; x_wconf 85' lang='lat' dir='ltr'>CCCLI,</span> 
     </span>
     <span class='ocr_line' id='line_1_47' title="bbox 190 2645 1658 2694; baseline -0.007 -7"><span class='ocrx_word' id='word_1_450' title='bbox 190 2653 223 2686; x_wconf 87' lang='lat'>7.</span> <span class='ocrx_word' id='word_1_451' title='bbox 249 2669 295 2676; x_wconf 91' lang='lat'><strong>—</strong></span> <span class='ocrx_word' id='word_1_452' title='bbox 340 2652 381 2686; x_wconf 75' lang='lat' dir='ltr'>in</span> <span class='ocrx_word' id='word_1_453' title='bbox 404 2653 520 2686; x_wconf 81' lang='lat' dir='ltr'>multo</span> <span class='ocrx_word' id='word_1_454' title='bbox 543 2661 674 2694; x_wconf 58' lang='lat' dir='ltr'>serm„</span> <span class='ocrx_word' id='word_1_455' title='bbox 709 2649 891 2685; x_wconf 67' lang='lat' dir='ltr'>wahrend</span> <span class='ocrx_word' id='word_1_456' title='bbox 917 2658 1071 2683; x_wconf 80' lang='lat' dir='ltr'>unseres</span> <span class='ocrx_word' id='word_1_457' title='bbox 1097 2647 1232 2690; x_wconf 81' lang='lat' dir='ltr'>langen</span> <span class='ocrx_word' id='word_1_458' title='bbox 1257 2645 1485 2689; x_wconf 72' lang='lat' dir='ltr'>Gespriichs.</span> <span class='ocrx_word' id='word_1_459' title='bbox 1532 2646 1658 2677; x_wconf 79' lang='lat' dir='ltr'>mutuo</span> 
     </span>
     <span class='ocr_line' id='line_1_48' title="bbox 188 2688 1657 2744; baseline -0.005 -14"><span class='ocrx_word' id='word_1_460' title='bbox 188 2697 346 2732; x_wconf 85' lang='lat' dir='ltr'>Casaub.</span> <span class='ocrx_word' id='word_1_461' title='bbox 373 2709 475 2744; x_wconf 87' lang='lat' dir='ltr'>susp.</span> <span class='ocrx_word' id='word_1_462' title='bbox 502 2718 547 2724; x_wconf 93' lang='lat'>—</span> <span class='ocrx_word' id='word_1_463' title='bbox 585 2697 777 2742; x_wconf 82' lang='lat' dir='ltr'>epistolam</span> <span class='ocrx_word' id='word_1_464' title='bbox 802 2720 812 2731; x_wconf 84' lang='lat'><strong>.</strong></span> <span class='ocrx_word' id='word_1_465' title='bbox 828 2722 836 2730; x_wconf 93' lang='lat'><strong>.</strong></span> <span class='ocrx_word' id='word_1_466' title='bbox 853 2718 863 2730; x_wconf 68' lang='lat'><strong>.</strong></span> <span class='ocrx_word' id='word_1_467' title='bbox 888 2705 979 2729; x_wconf 85' lang='lat' dir='ltr'>eam.</span> <span class='ocrx_word' id='word_1_468' title='bbox 1019 2693 1058 2729; x_wconf 90' lang='lat' dir='ltr'>S.</span> <span class='ocrx_word' id='word_1_469' title='bbox 1087 2702 1147 2739; x_wconf 84' lang='lat' dir='ltr'>ep.</span> <span class='ocrx_word' id='word_1_470' title='bbox 1165 2690 1427 2732; x_wconf 84' lang='lat' dir='ltr'>CCCXLVII,</span> <span class='ocrx_word' id='word_1_471' title='bbox 1452 2688 1596 2732; x_wconf 85' lang='lat' dir='ltr'>Anlage</span> <span class='ocrx_word' id='word_1_472' title='bbox 1610 2689 1657 2724; x_wconf 87' lang='lat' dir='ltr'>A.</span> 
     </span>
     <span class='ocr_line' id='line_1_49' title="bbox 189 2734 1657 2792; baseline -0.005 -15"><span class='ocrx_word' id='word_1_473' title='bbox 189 2743 267 2787; x_wconf 77' lang='lat' dir='ltr'>vgl.</span> <span class='ocrx_word' id='word_1_474' title='bbox 294 2743 360 2780; x_wconf 80' lang='lat' dir='ltr'>mit</span> <span class='ocrx_word' id='word_1_475' title='bbox 384 2755 444 2792; x_wconf 79' lang='lat' dir='ltr'>ep.</span> <span class='ocrx_word' id='word_1_476' title='bbox 461 2744 611 2788; x_wconf 86' lang='lat' dir='ltr'>CCCL,</span> <span class='ocrx_word' id='word_1_477' title='bbox 634 2746 668 2781; x_wconf 87' lang='lat'>3.</span> <span class='ocrx_word' id='word_1_478' title='bbox 701 2761 746 2770; x_wconf 87' lang='lat'>--</span> <span class='ocrx_word' id='word_1_479' title='bbox 792 2742 842 2778; x_wconf 82' lang='lat' dir='ltr'>ad</span> <span class='ocrx_word' id='word_1_480' title='bbox 861 2743 1028 2788; x_wconf 63' lang='lat' dir='ltr'>pacific„</span> <span class='ocrx_word' id='word_1_481' title='bbox 1058 2748 1107 2777; x_wconf 81' lang='lat' dir='ltr'>zu</span> <span class='ocrx_word' id='word_1_482' title='bbox 1131 2738 1238 2775; x_wconf 87' lang='lat' dir='ltr'>einer</span> <span class='ocrx_word' id='word_1_483' title='bbox 1260 2735 1487 2773; x_wconf 73' lang='lat' dir='ltr'>friedlichen</span> <span class='ocrx_word' id='word_1_484' title='bbox 1510 2734 1657 2772; x_wconf 67' lang='lat' dir='ltr'>Uebero</span> 
     </span>
    </p>
   </div>
   <div class='ocr_carea' id='block_1_8' title="bbox 1749 2642 1758 2718">
    <p class='ocr_par' dir='ltr' id='par_1_10' title="bbox 1749 2642 1758 2718">
     <span class='ocr_line' id='line_1_50' title="bbox 1749 2642 1758 2718; baseline 0 0"><span class='ocrx_word' id='word_1_485' title='bbox 1749 2642 1758 2718; x_wconf 67' lang='grc' dir='ltr'><em>ξ</em></span> 
     </span>
    </p>
   </div>
   <div class='ocr_carea' id='block_1_9' title="bbox 1749 2765 1762 2856">
    <p class='ocr_par' dir='ltr' id='par_1_11' title="bbox 1749 2765 1762 2856">
     <span class='ocr_line' id='line_1_51' title="bbox 1751 2765 1755 2774; baseline 0 0"><span class='ocrx_word' id='word_1_486' title='bbox 1751 2765 1755 2774; x_wconf 61' lang='grc'>,</span> 
     </span>
     <span class='ocr_line' id='line_1_52' title="bbox 1749 2801 1762 2833; baseline 0 0"><span class='ocrx_word' id='word_1_487' title='bbox 1749 2801 1762 2833; x_wconf 61' lang='lat' dir='ltr'><em>w</em></span> 
     </span>
     <span class='ocr_line' id='line_1_53' title="bbox 1749 2835 1755 2856; baseline -0.5 0"><span class='ocrx_word' id='word_1_488' title='bbox 1749 2835 1755 2856; x_wconf 66' lang='lat'>3⁴,</span> 
     </span>
    </p>
   </div>
  </div>
 </body>
</html>
