1795 3043
229 67 329 115 398
534 61 598 108 Μ.
636 60 691 107 Τ.
727 59 1069 110 CICERONIS
1103 58 1478 112 EPISTOLAE.

230 178 414 228 tempus,
444 173 739 222 considerans,
771 176 929 226 quanta
957 175 1022 216 vis
1052 174 1107 216 sit
1135 175 1252 217 illius
1271 176 1376 230 viri,
1400 170 1528 230 vquem
1543 177 1697 220 nostris

230 234 353 274 libris
383 233 483 272 satis
512 230 759 284 diligenter,
791 233 837 272 ut
865 232 945 273 tibi
962 232 1131 283 quidem
1154 234 1372 284 videmur,
1403 236 1698 287 expressimus.

231 292 422 332 Tenesne
448 287 603 340 igitur,
632 288 939 330 moderatorem
968 290 1088 330 illum
1118 290 1183 331 rei
1203 290 1402 343 publicae
1432 303 1515 343 quo
1536 294 1698 334 referre

232 348 409 388 velimus
438 345 610 388 omnia?
667 345 772 387 Nam
804 346 866 386 sic
897 346 1059 398 quinto,
1089 349 1136 387 ut
1165 349 1330 400 opinor,
1360 349 1404 388 in
1426 348 1539 389 libro
1562 350 1697 401 loqui-

232 408 303 444 tur
332 402 501 454 Scipio:
556 405 612 443 Ut
640 407 749 444 enim
778 405 1063 458 gubernatori
1090 419 1238 446 cursus
1265 407 1496 453 secundus,
1536 409 1697 448 medico

230 465 373 508 salus,
406 464 660 512 imperatori
687 464 899 508 victoria5
932 464 994 502 sic
1022 463 1118 503 huic
1137 463 1405 503 moderatori
1426 467 1491 504 rei
1503 464 1699 516 publicae

232 520 361 558 beata
389 521 542 558 civium
579 522 672 558 vita
703 522 930 570 proposita
965 525 1029 559 est
1040 533 1055 567 ;
1104 526 1155 559 ut
1193 521 1340 572 opibus
1369 522 1527 572 firma,
1566 523 1698 573 copiis

231 579 440 628 locuples,
489 578 634 629 gloria
663 577 833 627 ampla,
880 578 1040 616 virtute
1068 577 1246 617 honesta
1274 580 1347 618 sit.
1415 580 1558 618 Huius
1587 581 1714 618 enim‘

234 638 371 685 operis
408 635 586 673 maximi
620 636 734 672 inter
773 632 962 672 homines
999 640 1126 686 atque
1156 637 1306 686 optimi
1338 636 1462 674 illam
1490 647 1579 675 esse
1604 649 1698 687 per-

182 694 210 732 2
226 692 437 741 sectorem
467 692 578 730 volo.
635 689 730 728 Hoc
762 687 926 727 Gnaeus
961 691 1104 729 noster
1140 702 1268 742 quum
1306 693 1431 731 antea
1467 702 1700 742 nunquam,

232 750 323 787 tum
352 746 395 786 in
426 747 508 786 hac
537 758 665 786 causa
692 744 866 785 minime
896 746 1112 797 cogitavit.
1169 747 1412 789 Dominatio
1433 748 1625 800 quaesita
1643 747 1698 788 ab

229 807 410 856 utroque
434 805 519 844 est:
550 815 632 843 non
653 801 697 842 id
719 803 887 849 actum,
917 801 1042 842 beata
1071 806 1112 843 et
1129 803 1306 845 honesta
1334 806 1482 846 civitas
1511 807 1558 846 ut
1578 807 1699 844 esset.

230 863 321 903 Nec
350 872 452 901 vero
480 861 556 900 ille
586 860 733 899 urbem
763 858 957 911 reliquit,
1004 860 1113 911 quod
1153 873 1246 901 eam
1274 863 1386 902 tueri
1416 874 1499 902 non
1532 865 1698 914 posset3

231 932 311 961 nec
331 918 520 965 Italiam,
551 917 663 970 quod
693 929 743 956 ea
770 917 1027 968 pelleretur:
1059 917 1131 957 sed
1160 918 1242 958 hoc
1272 932 1298 958 3
1316 919 1454 970 primo
1481 919 1697 972 cogitavit,

232 989 376 1017 omnes
404 977 562 1023 terras,
594 973 734 1014 omnia
756 973 888 1013 maria
918 986 1107 1022 movere,
1138 986 1258 1027 reges
1280 974 1482 1016 barbaros
1501 976 1698 1022 incitare,

231 1036 379 1088 gentes
400 1033 512 1072 feras
532 1036 712 1072 armatas
741 1031 785 1070 in
809 1030 978 1071 ltaliam
993 1031 1229 1084 adducere,
1259 1032 1470 1073 exercitus
1489 1031 1700 1073 conficere

231 1091 446 1132 maximos.
506 1089 649 1129 Genus
684 1088 791 1128 illud
822 1087 989 1128 Sullani
1023 1089 1145 1141 regni
1181 1090 1430 1141 iampridem
1468 1091 1698 1142 appetitur,

231 1213 452 1249 Versuchen
486 1211 592 1245 darin
626 1221 738 1254 sog-ar
768 1210 941 1244 Schande
984 1210 1136 1245 macheu
1177 1211 1313 1245 diirste.
1365 1211 1429 1246 Sic
1462 1212 1508 1246 de
1541 1213 1698 1257 Malasp.

233 1273 336 1306 susp.
362 1260 492 1294 Lamb.
547 1258 713 1292 Firmant
737 1257 830 1289 hanc
856 1257 1058 1290 lectionem
1085 1257 1178 1291 Cdd.
1204 1258 1386 1301 Malasp„
1426 1259 1489 1302 qui
1529 1260 1702 1292 omittunt

231 1309 295 1341 sed
320 1318 368 1340 ex
394 1306 472 1339 <lies
495 1310 532 1338 et
556 1314 671 1349 prava
696 1301 936 1336 distinctione
961 1310 1102 1349 ortum,
1139 1310 1213 1336 tum
1239 1304 1398 1347 vestigia
1422 1305 1701 1344 Cd.T01·naes.‚

234 1361 275 1388 ut
300 1354 352 1387 ait
376 1352 503 1386 Lamb.
532 1358 569 1384 et
593 1350 670 1385 Md.
703 1360 724 1383 3
748 1360 803 1394 pr.
831 1361 897 1382 m.:
944 1349 1131 1382 dedecoris
1163 1350 1203 1382 in
1234 1350 1386 1391 studiis,
1431 1362 1618 1395 superscr.
1655 1352 1701 1384 ab

233 1401 306 1435 alia
330 1410 437 1433 manu
461 1398 554 1440 sim,
597 1395 696 1441 quod
723 1406 842 1439 aeque
869 1406 888 1428 e
913 1395 1010 1429 coni.
1045 1403 1101 1429 est
1126 1407 1167 1429 ac
1192 1395 1251 1430 sit.
1301 1396 1463 1431 Omnino
1490 1399 1580 1431 11399
1605 1398 1701 1431 ratio

233 1447 350 1490 magis
375 1446 499 1491 placet
531 1443 627 1477 coni.
657 1442 875 1477 Victoriana
911 1442 1025 1485 (Man.
1049 1443 1139 1476 Bos.
1168 1442 1301 1477 Graev.
1327 1443 1417 1477 Ern.
1445 1443 1531 1478 Sch.
1570 1444 1700 1486 Lun.):

234 1495 334 1528 Illud
358 1497 476 1525 tamen
502 1495 595 1524 totos
619 1490 707 1523 dies.
752 1489 824 1522 Sed
848 1499 977 1521 vereor
1007 1499 1049 1521 ne
1077 1515 1085 1522 .
1102 1516 1109 1522 .
1130 1515 1138 1522 .
1165 1489 1335 1522 dedecori
1363 1490 1433 1522 sim
1457 1491 1613 1531 stndiisg
1664 1490 1701 1523 111

234 1551 307 1584 qua
331 1539 424 1573 adeo
450 1539 644 1572 haeremus
669 1535 705 1569 in
733 1546 826 1568 voce
851 1539 988 1574 tamen,
1016 1541 1055 1568 ut
1071 1537 1156 1569 Asc.
1183 1546 1239 1579 pr.
1259 1536 1294 1569 ei
1319 1537 1553 1570 substituerit
1569 1540 1702 1578 autem,

233 1588 323 1622 Ern.
349 1592 469 1619 31119111
497 1582 745 1628 supplendum
762 1581 931 1614 duxerit:
959 1591 1061 1623 „non
1082 1582 1245 1626 placeffl,
1273 1593 1367 1624 quae
1385 1583 1531 1628 ellipsis
1550 1583 1701 1616 omnino

236 1632 348 1668 statui
384 1631 526 1674 nequit.
583 1628 722 1663 Melius
755 1627 962 1661 Corradus:
1015 1628 1150 1670 „Quod
1189 1627 1277 1661 licet
1314 1628 1434 1664 facio:
1483 1636 1580 1663 totos
1621 1628 1702 1662 dies

234 1680 448 1714 lamentor⁷⁷.
497 1678 595 1711 Ante
620 1675 720 1711 Vict.
757 1673 891 1718 partim
925 1683 1007 1706 cum
1035 1674 1157 1707 Oxou.
1186 1676 1218 1708 l.
1246 1674 1279 1707 2.
1307 1674 1361 1707 sic
1387 1682 1586 1720 corruptus
1622 1680 1702 1708 erat

235 1728 361 1760 locus:
399 1724 501 1758 Illud
526 1728 645 1756 tamen
678 1723 814 1760 (autem
838 1721 923 1753 Asc.
950 1720 1024 1763 pr.)
1057 1724 1151 1752 totos
1176 1720 1264 1753 dies.
1314 1720 1386 1753 Sed
1415 1732 1544 1755 vereor
1568 1731 1610 1753 ne
1636 1747 1643 1755 .
1668 1746 1702 1755 ..

236 1772 406 1806 dedecori
429 1771 509 1804 sim.
550 1770 596 1802 In
620 1767 753 1801 studiis
778 1777 822 1799 ac
847 1766 968 1799 literis
992 1766 1129 1799 nostris
1154 1777 1322 1799 consumo
1350 1778 1452 1800 omne
1467 1772 1604 1811 tempus
1629 1777 1702 1801 om.

235 1820 367 1861 igitur.
402 1816 600 1851 ORELLI.
634 1834 677 1839 —
731 1812 989 1855 considerans,
1031 1812 1168 1855 damit,
1213 1813 1298 1846 dass
1328 1813 1388 1846 ich
1421 1814 1491 1846 mir
1517 1840 1524 1848 .
1549 1840 1557 1848 .
1580 1840 1587 1848 .
1615 1824 1704 1846 vor-

236 1866 358 1900 519119.
385 1884 428 1889 -
476 1864 553 1903 vis,
589 1861 650 1894 die
677 1859 937 1894 Geisteskraft.
965 1878 1009 1883 --
1055 1859 1146 1891 satis
1171 1859 1300 1902 dilig„
1334 1858 1507 1893 ziemlich
1533 1858 1703 1895 treffend.

237 1906 280 1936 ..‘-
319 1910 457 1944 nostris
488 1909 595 1942 libris
627 1907 673 1940 de
707 1917 748 1940 re
780 1905 946 1950 publica.
979 1924 1024 1929 -
1081 1905 1237 1938 Tenesne
1273 1905 1417 1949 igitur,
1461 1916 1529 1949 quo
1565 1906 1703 1939 moder.

236 1959 343 1992 illum
373 1957 430 1990 rei
458 1955 556 2000 publ.
588 1956 729 1996 referre
762 1952 885 1984 omnia
920 1951 1097 1985 velimus?
1145 1952 1206 1984 Du
1240 1952 1427 1985 erinnerst
1459 1953 1558 1986 Dich
1595 1952 1703 1995 doch,

236 2004 385 2038 worauf
407 2004 514 2040 nach.
528 2001 670 2034 meiner
695 1998 938 2041 Darstellung
965 1998 1130 2031 daselbst
1155 1998 1207 2041 (in
1235 1998 1364 2031 diesen
1389 1999 1563 2032 Buchern
1591 1999 1637 2032 de
1663 2009 1705 2032 re

236 2051 356 2096 publ.)
389 2050 448 2083 ein
482 2046 805 2083 Staatsvorsteher
839 2045 946 2078 Alles
980 2044 1160 2078 beziehen
1195 2045 1308 2077 oder
1343 2045 1469 2077 wohin
1507 2045 1582 2078 wie
1620 2055 1704 2078 zum

237 2099 378 2131 letzten
406 2095 512 2130 Ziele
537 2094 604 2128 der
620 2093 771 2127 Lenker
795 2090 898 2124 eines
915 2090 1058 2133 Staats,
1084 2090 1159 2124 wie
1185 2090 1244 2124 ich
1270 2090 1332 2123 ihu
1358 2091 1525 2124 daselbst
1542 2091 1706 2134 geschil-

238 2144 321 2177 dert
340 2144 435 2176 habe
461 2142 609 2185 (illam),
635 2140 741 2174 Alles
766 2138 1074 2171 wohlberechnet
1099 2136 1213 2170 leiten
1240 2137 1347 2170 50119.
1370 2156 1413 2162 —-
1446 2138 1548 2169 beata
1564 2162 1596 2171 ..
1614 2137 1703 2177 vita,

238 2190 301 2224 (119
334 2189 561 2222 VVohlfahrt,
604 2206 647 2212 —
699 2184 891 2229 proposita
923 2187 996 2226 est,
1048 2193 1130 2216 zum
1163 2184 1280 2216 festen
1312 2182 1417 2216 Ziele
1449 2183 1704 2226 vorgesteckt‚

239 2237 306 2270 das
331 2247 373 2269 er
398 2235 459 2268 nie
484 2245 548 2268 3115
573 2233 644 2267 den
668 2233 801 2275 Augen
834 2230 1022 2264 verlieren
1048 2228 1138 2263 darf.
1171 2247 1216 2253 —
1262 2229 1390 2272 opibus
1420 2230 1546 2271 firma,
1586 2229 1705 2263 durch

239 2281 486 2317 Staatsmacht
519 2280 591 2313 fest
621 2278 851 2322 begrundet,
883 2276 1083 2320 gesichert.
1120 2294 1165 2299 ——-
1211 2275 1346 2318 copiis,
1381 2286 1426 2308 311
1453 2275 1612 2310 Onellen
1638 2275 1705 2309 des

239 2327 518 2363 WohlstandeS.
544 2344 588 2350 —
636 2327 721 2358 virt.
748 2325 853 2364 hom,
889 2323 1006 2356 durch
1042 2320 1256 2355 offentliche
1282 2321 1443 2365 'l'ugend
1476 2321 1538 2356 bei
1561 2322 1704 2365 Ε111911,

240 2376 415 2413 Α115911911
442 2374 510 2408 591.
539 2391 580 2396 -
625 2373 884 2415 perfectorem,
926 2369 993 2402 der
1017 2367 1248 2411 Begrunder.

329 2421 363 2455 2.
397 2418 631 2460 Dominatio,
663 2419 852 2463 τυραννίς,
891 2413 1207 2457 unreclmniissige
1238 2412 1519 2457 Alleingewalt.
1560 2432 1606 2439 —
1659 2414 1706 2447 ab

238 2472 390 2512 utroque
422 2467 447 2502 i.
475 2478 508 2500 e.
541 2472 577 2498 et
611 2475 630 2497 a
656 2462 840 2506 Pompeio
874 2468 912 2495 et
943 2472 963 2494 3
989 2461 1159 2494 Caesare.
1192 2478 1239 2486 ——·
1285 2460 1373 2504 ille,
1407 2459 1626 2504 Pompeius.
1662 2479 1706 2485 -

238 2516 301 2548 sed
326 2515 414 2557 hoc,
444 2523 521 2547 was
547 2512 610 2545 auf
633 2510 693 2543 die
718 2507 919 2551 folgenden
945 2506 1084 2540 Infinit.
1119 2505 1316 2540 hinweis't.
1343 2526 1388 2531 —-
1435 2507 1567 2540 maria.
1605 2506 1705 2541 Ver-

238 2564 348 2605 moge
381 2560 448 2593 der
483 2555 803 2592 unbeschrankten
831 2553 978 2588 Gewalt
1014 2553 1107 2585 111191
1142 2552 1216 2585 3119
1242 2552 1452 2590 Seekiisten
1486 2553 1560 2586 und
1587 2553 1704 2586 Hiit'en

239 2607 306 2640 des
328 2608 433 2641 Rom.
454 2605 611 2645 Remus,
639 2603 700 2636 (119
726 2601 800 2634 111111
825 2610 908 2633 vom
924 2598 1061 2633 Senate
1087 2598 1159 2631 und
1176 2599 1302 2634 Volke
1328 2600 1443 2637 sehon
1467 2610 1535 2633 vor
1552 2599 1705 2632 mebren

240 2654 374 2687 Iahren
401 2654 625 2695 tibertragen
649 2658 738 2682 war.
765 2666 810 2671 -—
855 2655 1015 2687 movere,
1050 2655 1109 2677 um
1134 2644 1268 2678 Italien
1296 2645 1369 2679 und
1395 2645 1466 2678 den
1492 2645 1605 2679 03531
1630 2655 1702 2678 von

240 2700 334 2733 aller
361 2700 503 2733 Zusuhr
527 2692 837 2731 abzuschneiden.
870 2710 914 2718 —
961 2692 1154 2733 conficere,
1197 2690 1630 2734 zusammenzubringen.
1659 2709 1702 2716 —

239 2750 380 2790 (φρει,
420 2756 502 2780 man
528 2745 576 2778 ist
601 2743 741 2776 lustern
768 2738 870 2773 nach.
916 2737 969 2771 Er
993 2737 1144 2772 bezieht
1168 2737 1269 2772 (11955
1299 2738 1366 2772 aus
1385 2737 1516 2771 Beide.
1549 2756 1591 2762 —
1641 2736 1705 2781 qui
