1795 3043
487 69 800 118 EPISTOLA
838 70 1167 118 cccxxxvl.
1463 74 1563 124 415

104 185 212 238 piis,
250 196 374 237 spero
404 195 480 224 nos
511 185 554 222 et
583 183 646 224 rei
674 182 873 235 publicae
904 185 945 222 et
976 182 1186 223 communi
1214 181 1339 223 saluti
1367 181 1565 234 prodesse

105 254 241 295 posse.
299 240 578 290 Quamobrem
614 253 743 291 quum
783 239 1094 292 constituisses,
1144 242 1191 279 ut
1219 240 1430 280 Vibullius
1458 240 1565 279 mihi

106 300 359 352 scripserat,
407 312 444 339 a.
473 296 515 339 d.
545 310 584 338 v.
606 297 667 337 Id.
699 297 824 339 Febr.
856 295 1040 337 Corfinio
1081 296 1295 348 proficisci
1325 309 1419 337 cum
1450 308 1567 336 exer-

106 356 195 396 citu
239 358 281 395 et
319 356 372 396 ad
408 365 475 395 me
503 354 671 403 venire3
720 355 874 406 miror,
915 353 1016 404 quid
1055 366 1206 394 causae
1234 354 1390 406 suerit,
1435 365 1566 405 quare

106 412 334 452 consilium
364 410 550 452 mutaris.
608 410 715 451 Nam
752 411 828 451 illa
870 423 1024 459 causa,
1069 423 1195 461 quam
1224 412 1327 451 mihi
1356 410 1567 451 Vibullius

105 468 280 520 scribit,
316 469 424 509 levis
453 468 535 519 est,
573 468 615 508 te
643 469 871 520 propterea
899 468 1106 507 moratum
1135 479 1247 519 esse,
1288 468 1399 518 quod
1428 467 1569 508 audie-

106 526 168 567 ris
209 527 433 566 Caesarem
465 524 610 565 Firmo
657 537 924 578 progressum
968 524 1013 563 in
1061 524 1251 565 Castrum
1289 525 1569 565 Truentinum

107 583 286 624 venisse.
355 582 518 632 Quanto
568 580 682 621 enim
734 583 865 634 magis
911 582 1257 634 appropinquare
1305 581 1569 622 adversarius

107 639 276 692 coepit,
323 651 372 680 eo
409 638 489 679 tibi
526 638 707 678 celerius
737 639 942 691 agendum
973 641 1086 690 erat,
1128 641 1175 679 ut
1204 641 1247 679 te
1275 651 1441 679 mecum
1472 651 1570 679 con-

107 697 327 749 iungeres,
364 697 609 748 priusquam
632 695 786 735 Caesar
815 699 887 735 aut
917 697 1035 735 tuum
1062 697 1144 736 iter
1172 696 1379 749 impedire
1409 698 1482 736 aut
1501 707 1568 735 me

108 753 183 794 abs
219 754 262 792 te
302 753 527 793 excludere
563 754 718 803 posset.
783 752 1063 800 Quamobrem
1112 753 1237 793 etiam
1274 755 1316 793 et
1356 752 1485 793 etiam
1526 754 1568 792 te
1592 749 1620 788 2

110 822 212 862 rogo
243 811 285 849 et
312 811 481 861 hortor,
511 808 554 849 id
584 809 696 860 quod
723 821 807 849 non
839 809 979 850 destiti
1011 810 1299 861 superioribus
1318 810 1455 850 literis
1485 823 1509 850 a
1528 811 1571 850 te

109 869 276 919 petere,
303 869 351 907 ut
378 867 514 918 primo
538 878 708 917 quoque
732 865 799 905 die
819 867 1041 907 Luceriam
1071 868 1313 915 advenires,
1345 868 1571 918 antequam

109 924 280 976 copiae,
330 936 432 975 quas
470 923 657 962 instituit
687 922 841 963 Caesar
881 925 1152 971 contrahere,
1193 925 1239 966 in
1269 938 1399 964 unum
1428 926 1572 965 locum

111 982 286 1021 coactae
322 993 398 1020 nos
438 994 462 1019 a
491 979 614 1019 nobis
643 979 892 1022 distrahant.
951 981 1033 1021 Sed
1064 981 1099 1021 si
1129 982 1276 1033 erunt,
1324 983 1399 1032 qui
1428 983 1470 1021 te
1498 981 1572 1021 im-

109 1038 305 1089 pediant,
340 1039 388 1076 ut
416 1037 540 1077 villas
571 1049 667 1076 suas
696 1039 883 1088 servent,
920 1051 1102 1088 aequum
1132 1040 1194 1078 est
1223 1051 1289 1078 me
1319 1052 1344 1078 a
1372 1040 1415 1077 te
1443 1039 1574 1089 impe-

112 1097 248 1141 trare,
287 1095 333 1133 ut
361 1094 578 1140 cohortes,
617 1105 725 1144 quae
755 1105 807 1132 ex
834 1094 994 1134 Piceno
1026 1097 1068 1133 et
1099 1094 1318 1134 Camerino
1348 1096 1571 1142 venerunt,

111 1163 219 1203 quae
247 1151 438 1190 fortunas
468 1163 562 1189 suas
592 1150 882 1203 reliquerunt,
923 1151 976 1191 ad
1005 1163 1071 1191 me
1099 1152 1273 1191 missum
1300 1151 1449 1194 facias.

112 1273 208 1307 Liin.
243 1272 445 1306 coniunctis
478 1282 498 1305 e
523 1272 638 1314 gloss.
672 1289 716 1296 —-
759 1282 878 1314 posse.
918 1273 1075 1306 Excidit
1100 1284 1229 1307 errore
1256 1274 1528 1319 typographico
1555 1286 1576 1308 e

115 1319 223 1352 Grut.
250 1319 384 1352 Graev.
411 1318 499 1350 Ern.
527 1317 614 1350 Sch.
639 1316 735 1350 Lsm.
762 1318 837 1350 ΟΒ.
860 1337 904 1342 -
944 1319 1140 1354 Vibullius.
1167 1319 1205 1353 S.
1224 1331 1282 1364 ep.
1296 1321 1577 1363 CCCXXXIV,

116 1366 161 1398 Α.
195 1382 239 1388 -
285 1364 354 1397 illa
377 1374 447 1397 vor
471 1374 581 1396 causa
612 1362 744 1396 weiset
778 1363 843 1396 auf
866 1363 936 1396 den
963 1363 1274 1400 Subiectsinfinit.
1305 1370 1339 1399 te
1359 1378 1418 1410 pr.
1444 1371 1578 1402 morat.

116 1421 202 1444 esse.
244 1409 282 1444 S.
309 1410 458 1443 Ramsh.
486 1409 516 1450 §.
540 1409 623 1452 168,
650 1411 695 1442 A.
743 1408 888 1442 Grotef.
915 1411 942 1452 ξ.
963 1411 1031 1446 235
1056 1412 1092 1446 ff.
1128 1413 1220 1446 iiber
1254 1412 1327 1445 den
1360 1413 1500 1448 Intinit.
1533 1432 1580 1439 —-

117 1456 243 1491 Firmo
278 1456 419 1500 oppido
454 1455 617 1497 Piceno,
664 1459 705 1488 ut
735 1460 772 1488 et
805 1456 974 1490 Castrum
1003 1458 1260 1501 Truentinum,
1300 1458 1337 1491 in
1363 1459 1444 1499 via,
1485 1470 1579 1504 quae

117 1502 321 1537 Corfinium
336 1501 449 1536 ducit.
479 1500 663 1535 GRAEV.
697 1501 867 1535 Castrum
883 1502 1128 1537 Truentinum
1153 1505 1223 1538 suit
1247 1504 1358 1538 situm
1383 1506 1428 1538 ad
1446 1506 1581 1540 ostium

118 1548 224 1582 fluvii
248 1548 428 1588 Truenti,
460 1547 524 1590 qui
547 1546 662 1581 hodie
689 1547 821 1580 Tremo
847 1547 1003 1592 dicitur,
1038 1549 1074 1583 in
1098 1550 1252 1584 Piceno.
1297 1551 1581 1586 VocaturStra-

117 1594 208 1675 bmg
230 1594 335 1635 πόλις
363 1597 638 1641 Τρουεντείνωιι,
669 1592 756 1627 aliis
780 1593 1001 1638 simpliciter
1026 1596 1233 1631 Truentmn.
1261 1616 1304 1622 —
1337 1599 1467 1642 coepit,
1491 1599 1580 1633 Asc.

119 1643 150 1675 l.
212 1647 278 1675 rat.
303 1643 481 1684 coeperat.

207 1687 243 1721 2.
276 1687 387 1720 etiam
416 1689 449 1718 et
479 1686 600 1719 etiam.
646 1684 711 1719 Sic
742 1685 835 1720 Cod.
865 1686 1020 1722 Decurt.
1056 1689 1146 1723 Bos.
1188 1689 1321 1725 Graev.
1361 1691 1451 1724 Ern.
1493 1690 1581 1724 Sch.

118 1733 213 1767 Liin.
257 1731 375 1766 Malui
408 1742 629 1766 conservare
663 1743 743 1764 cum
767 1732 884 1766 Bosio
911 1733 1007 1767 hunc
1032 1734 1205 1779 Pompeii
1230 1743 1267 1770 et
1291 1737 1401 1770 Balbi
1426 1737 1585 1770 sortasse

120 1778 345 1822 ἰδιωτισμόν,
384 1788 492 1820 quam
523 1789 603 1811 cum
629 1777 768 1811 Beiero
800 1784 837 1811 et
863 1778 950 1813 Sch.
985 1780 1042 1813 ed.
1070 1781 1156 1815 min.
1191 1794 1240 1816 ex
1264 1783 1393 1817 Ursini
1419 1783 1510 1817 Cod.
1547 1788 1585 1816 et

120 1826 241 1869 Marg.
268 1825 358 1858 1584
383 1824 577 1867 corrigere
602 1824 710 1856 etiam
737 1828 842 1867 alque
866 1827 997 1867 etiam,
1034 1826 1088 1860 uti
1115 1838 1202 1862 sane
1229 1835 1285 1863 est
1309 1829 1346 1862 in
1372 1830 1444 1872 Ep.
1471 1831 1585 1863 Pom-

121 1871 199 1915 peii
224 1870 265 1904 C.
291 1871 362 1912 §.3.
391 1880 460 1911 om.
476 1873 509 1902 et
534 1870 644 1903 eliam
667 1869 744 1904 Md.
773 1871 898 1907 Oxon.
917 1873 949 1905 l.
976 1873 1008 1907 2.
1035 1873 1129 1907 Edd.
1156 1882 1240 1908 ante
1264 1875 1353 1910 Bos.
1385 1875 1582 1910 ORELLI.

122 1917 215 1960 Vgl.
250 1927 308 1960 ep.
328 1915 609 1950 CCCXXXIX.
655 1917 798 1960 Anlage
817 1918 875 1959 A,
906 1917 941 1951 2.
976 1938 1020 1943 —
1068 1921 1259 1955 advenires
1293 1921 1446 1966 scripsit
1470 1924 1583 1957 Pom-

121 1963 228 2007 peius
254 1961 460 2007 respiciens
479 1962 522 1994 ad
541 1961 744 2006 perfectum
770 1963 902 1997 destiti.
940 1965 1122 2001 Muretus.
1148 1968 1239 2001 Ern.
1258 1968 1357 2001 coni.
1384 1968 1471 2002 Sch.
1488 1969 1583 2003 Liin.

122 2008 307 2042 advenias.
342 2007 539 2041 ORELLI.
574 2027 619 2033 —
665 2008 837 2042 instituit.
882 2012 941 2043 An
966 2010 1127 2046 institit?
1163 2013 1359 2047 ORELLI.
1384 2033 1429 2039 —
1473 2015 1585 2048 villus

121 2055 170 2088 de
201 2054 338 2088 Graev.
374 2064 474 2097 susp.
510 2054 598 2087 Ern.
639 2053 726 2088 Sch.
764 2055 857 2089 Liin.
898 2057 985 2089 illas
1020 2058 1178 2093 Priores
1217 2071 1298 2093 cum
1337 2060 1429 2095 Cdd.
1470 2061 1582 2096 notis.

125 2101 198 2135 OR.
225 2118 269 2125 —
303 2100 517 2138 Camerino,
550 2099 641 2133 ietzt
665 2100 862 2134 Camerino
888 2102 925 2135 in
951 2103 1149 2147 Umbrien‚
1177 2104 1286 2139 stadt
1310 2106 1378 2139 der
1393 2108 1584 2142 Camertes

123 2147 188 2181 auf
219 2146 290 2180 den
322 2145 557 2190 Apenninen.
586 2165 631 2170 —
680 2151 852 2180 venerunt
881 2148 926 2182 ad
958 2155 1015 2191 te,
1059 2161 1079 2183 a
1104 2151 1280 2186 Vibullio
1307 2152 1499 2187 adductae.
1544 2154 1582 2188 S.

123 2204 183 2237 ep.
209 2192 489 2235 CCCXXXIV,
513 2193 557 2226 A.
586 2211 627 2216 -
678 2193 917 2237 reliquerunt,
949 2195 1016 2228 der
1040 2197 1230 2241 Republik
1255 2209 1386 2241 wcgen
1412 2199 1449 2233 in
1477 2199 1584 2233 Stich

123 2239 314 2283 gelassen,
341 2238 591 2281 aufgegeben‚
619 2238 889 2282 preisgegeben
916 2241 1050 2276 haben.
1078 2262 1120 2267 -—
1167 2245 1316 2277 missum
1339 2247 1429 2286 faa,
1456 2245 1584 2279 fabren

124 2286 280 2326 lassest‚
306 2284 375 2318 mir
401 2285 639 2318 iiberlassest.
682 2285 825 2318 Missas
848 2286 973 2320 nescio
1000 2288 1063 2330 qui
1088 2290 1186 2332 apud
1212 2290 1369 2325 Coi-rad.
1397 2298 1434 2325 et
1452 2292 1584 2336 Margo

127 2331 228 2365 1584.
255 2331 326 2365 ΟΒ,
368 2329 407 2365 S.
432 2330 580 2364 Ramsb.
606 2331 637 2373 ἕ.
656 2332 736 2375 171,
762 2331 813 2365 ΙΙ.
835 2332 881 2375 Α,
906 2332 938 2366 2.
983 2333 1128 2371 Grotes.
1154 2337 1182 2380 §.
1200 2337 1280 2372 324.
1315 2339 1425 2373 Anm.

717 2489 767 2494 -ἤ
776 2489 991 2498 §Am—..Q
