1795 3043
235 81 335 129 486
539 77 603 123 Μ.
639 76 695 122 Τ.
731 74 1072 125 CICERONIS
1105 77 1478 150 EPISTOLAE.

235 187 539 229 immitiss1mus
568 188 767 238 Servius,
814 191 889 243 qui
926 189 1060 232 filium
1089 190 1204 232 misit
1241 190 1294 233 ad
1323 190 1592 245 effligendum
1619 192 1694 234 Cn.

238 245 487 298 Pompeium
525 247 598 286 aut
637 248 754 287 certe
797 248 1070 302 capiendum,
1130 261 1227 289 cum
1269 249 1420 290 Pontio
1465 249 1694 292 Titiniano.

238 302 332 342 Etsi
360 302 443 342 hicr
461 303 631 354 quidem
658 304 820 346 timoris
849 318 998 355 causa;
1036 306 1112 346 ille
1141 303 1268 347 vero?¹
1327 306 1408 347 Sed
1445 306 1698 347 stomachari

247 357 485 400 desinamus
521 361 563 400 et
592 361 818 414 aliquando
847 363 1073 403 sentiamus
1102 363 1213 403 nihil
1230 362 1352 403 nobis
1381 363 1463 403 nisi
1487 363 1556 411 id,
1588 362 1700 414 quod

195 419 223 459 3
246 414 419 456 minime
461 418 635 471 vellem,
687 419 884 471 spiritum
924 420 1138 472 reliquum
1178 432 1284 460 esse.
1350 420 1457 469 Nos,
1506 419 1702 472 quoniam

244 483 443 524 superum
471 487 587 515 mare
601 475 840 530 obsidetur,
870 479 1005 518 insero
1023 476 1334 530 navigabimus3
1367 479 1409 517 et
1420 506 1432 525 ‚
1463 476 1497 517 si
1515 477 1704 518 Puteolis

245 528 329 568 erit
347 528 545 579 difficile,
577 532 803 573 Crotonem
824 537 1014 585 petemus
1044 537 1117 575 aut
1130 534 1338 583 Thurios3
1382 536 1424 574 et
1453 533 1554 575 boni
1573 534 1700 581 cives,

246 589 432 627 amantes
468 590 653 640 patriae,
691 602 806 631 mare
844 593 1049 631 infestum
1086 591 1351 632 habebimus.
1409 590 1550 632 Aliam
1577 590 1704 631 ratio-

245 654 343 683 nem
379 644 507 686 huius
543 645 648 686 belli
683 648 857 698 gerendi
894 649 1054 688 nullam
1091 649 1226 689 video.
1283 649 1332 689 In
1362 648 1597 701 Aegyptum
1628 659 1703 688 nos

245 699 459 744 abdemus.
517 703 724 743 Exercitu
765 717 888 757 pares
928 717 1019 744 esse
1055 717 1138 745 non
1168 718 1406 757 possumus:
1457 706 1577 757 pacis
1604 703 1707 745 fides

198 768 225 806 4
248 757 368 797 nulla
396 761 470 799 est.
529 759 613 799 Sed
643 761 749 801 haec
779 763 882 802 satis
913 761 1130 813 deplorata
1159 764 1267 802 sunt.
1324 763 1386 802 Tu
1417 763 1544 803 velim
1562 762 1709 802 literas

249 811 501 865 Cephalioni
538 816 611 856 des
643 816 695 856 de
724 818 917 859 omnibus
946 817 1074 859 rebus
1102 819 1233 866 actis,
1284 819 1464 870 denique
1494 820 1619 859 etiam
1659 818 1711 857 de

246 872 512 913 sermonibus
551 873 767 915 hominum
779 889 792 925 3
837 876 921 916 nisi
958 877 1085 928 plane
1123 875 1437 916 obmutuerunt.
1496 877 1586 929 Ego
1626 874 1713 915 tuis

247 980 365 1024 legati
389 982 660 1018 mitterentur‚'’
696 985 752 1018 Er·
775 995 855 1018 war
880 983 971 1018 ietzt
996 984 1064 1018 der
1087 984 1220 1018 alteste
1245 983 1429 1018 Consular
1455 983 1491 1016 in
1508 983 1625 1025 Rom,
1652 981 1712 1016 ein

247 1027 439 1062 redlicher
456 1030 606 1064 Patriot
630 1031 704 1064 und
729 1030 894 1065 Cicero's
919 1036 1062 1064 trauter
1079 1030 1239 1064 Freund.
1280 1029 1319 1065 S.
1346 1040 1393 1063 zu
1411 1040 1470 1074 ep.
1487 1029 1715 1071 CCCXXV‚

246 1075 282 1108 3.
322 1074 614 1120 CCCXXXIX‚
645 1080 681 1113 2.
718 1077 890 1118 CCCLI,
923 1079 956 1111 7.
994 1095 1039 1100 —
1085 1076 1373 1119 immitissimus,
1413 1076 1482 1109 der
1512 1074 1716 1119 abgeneig·

250 1124 359 1154 teste.
414 1120 479 1155 Sic
511 1122 587 1157 Md.
622 1132 643 1155 a
675 1132 749 1156 sec.
781 1133 827 1156 m.
870 1122 969 1158 Vict.
1001 1123 1101 1156 Man.
1136 1122 1225 1157 Bos.
1266 1122 1354 1155 erili
1383 1122 1598 1155 mitissimas
1634 1120 1713 1156 Md.

249 1175 272 1199 a
302 1176 360 1210 pr.
389 1178 510 1202 manu.
567 1168 640 1201 erit
671 1168 937 1202 iniustissimus
978 1169 1112 1212 Margo
1144 1168 1222 1202 Md.
1258 1169 1382 1202 Oxon.
1416 1169 1449 1202 1.
1481 1168 1516 1201 2.
1561 1169 1649 1201 Asc.
1681 1169 1714 1201 1.

250 1211 349 1246 crat.
392 1212 520 1247 Lamb.
563 1214 695 1247 GraeV.
739 1214 830 1248 Ern.
876 1214 964 1248 Sch.
1003 1214 1099 1248 Liin.
1138 1215 1212 1248 ΟΕ.
1256 1233 1302 1239 --
1357 1214 1517 1248 Servius.
1577 1213 1616 1249 S.
1640 1224 1716 1258 xep.

251 1257 451 1301 CCCLIX,
477 1259 568 1293 2.-
598 1259 832 1301 effligendum
857 1266 915 1293 est
939 1259 1024 1303 plus
1049 1270 1158 1302 quam
1183 1260 1433 1301 affligendum.
1468 1260 1613 1304 Nempe
1631 1270 1719 1303 per-

250 1303 433 1343 dendum,
478 1303 791 1339 interficiendum.
840 1304 906 1339 Sic
931 1306 1095 1347 efflictim
1129 1316 1254 1338 amare
1286 1316 1355 1349 pro
1384 1306 1529 1348 perdite
1562 1305 1716 1345 dicitur,

251 1359 411 1392 eumque
436 1361 583 1384 sensum
608 1351 768 1394 requirit
792 1361 971 1395 sequens:
1014 1355 1077 1385 aut
1101 1355 1196 1385 certe
1221 1351 1446 1395 capiendum.
1482 1351 1717 1386 ERNESTI.

252 1394 318 1430 Sic
343 1396 420 1429 Md.
447 1397 541 1431 Cdd.
568 1397 724 1442 Malasp.
749 1397 848 1433 Ball.
873 1397 1001 1432 Lamb.
1037 1397 1137 1435 Vict.
1161 1398 1196 1431 2.
1228 1397 1318 1432 Bos.
1352 1397 1444 1440 Sqq.
1479 1398 1720 1440 affligendum

252 1443 388 1476 Asc.l.
415 1442 514 1476 Crat.
543 1443 648 1479 Vict.
665 1445 697 1478 1.
726 1444 799 1478 ΟΒ.
826 1462 872 1470 --
909 1444 1042 1478 Pontio
1072 1444 1270 1479 Titiniano.
1310 1442 1348 1478 S.
1383 1454 1441 1488 ep.
1462 1444 1719 1486 CCCXLVII,

251 1489 288 1522 6.
327 1488 535 1531 CCCLIX,
559 1490 594 1523 2.
620 1508 665 1514 —
703 1491 787 1524 Etsi
809 1489 868 1524 hic
893 1501 1027 1536 nempe
1054 1491 1235 1532 Titinius,
1267 1500 1346 1524 was
1371 1500 1437 1524 aus
1463 1490 1545 1524 dem
1570 1489 1718 1525 Adiect.

257 1534 446 1568 Titinz'ano
478 1540 566 1569 statt
601 1536 734 1570 Titinii
766 1537 849 1571 scil.
881 1535 962 1570 filio
988 1548 1057 1581 per
1082 1536 1243 1582 Synesin
1270 1546 1316 1570 zu
1342 1536 1544 1570 entlehnen
1570 1536 1631 1570 ist.
1681 1535 1720 1571 S.

253 1579 405 1615 Ramsh.
430 1582 459 1626 §.
475 1581 562 1625 203,
587 1581 646 1621 ΙΙ,
672 1582 716 1625 b,
741 1583 776 1617 2.
821 1583 908 1623 206,
934 1584 982 1616 A.
1007 1584 1040 1617 4.
1090 1583 1202 1617 Doch
1232 1583 1331 1616 kann
1356 1582 1415 1616 hic
1446 1583 1539 1616 auch
1564 1583 1628 1616 auf
1650 1582 1722 1616 den

254 1624 359 1661 Sohn
393 1627 564 1671 bezogen
597 1628 773 1672 werden3
816 1628 991 1672 obgleich
1025 1629 1092 1662 der
1117 1629 1329 1672 Gegensatz
1354 1628 1419 1662 ille
1442 1640 1528 1662 vero
1562 1628 1722 1663 namlich

254 1672 413 1709 Servius
443 1674 545 1707 misit
573 1673 692 1707 filium
724 1674 803 1708 sich
829 1675 997 1718 dagegen
1028 1675 1184 1709 straubt.
1216 1693 1261 1699 —
1308 1675 1372 1708 ille
1395 1686 1481 1708 vero
1506 1674 1586 1710 scil.
1614 1685 1724 1718 quam

254 1725 383 1766 potest
407 1730 554 1753 causam
581 1720 720 1754 habere
746 1719 819 1754 nisi
844 1726 990 1765 turpem
1017 1726 1054 1753 et
1079 1720 1310 1765 improbam?
1337 1720 1446 1754 SCH.
1497 1721 1550 1754 Zu
1578 1721 1720 1756 diesem

255 1768 389 1800 hatten
414 1766 585 1801 Urtheile
622 1767 735 1800 reisst
768 1777 904 1800 unsern
929 1765 1063 1800 Cicero
1098 1766 1165 1801 der
1188 1765 1354 1801 Unwille
1386 1767 1480 1800 iiber
1514 1767 1578 1801 das
1613 1778 1724 1801 uner-

255 1817 413 1846 wartete
435 1813 522 1846 ·und
555 1813 780 1855 unwurdige
803 1813 1019 1846 Benehmen
1050 1813 1115 1846 des
1142 1813 1375 1847 Consularen
1407 1813 1482 1846 und
1509 1813 1723 1858 Optimaten

257 1858 414 1894 Servius
440 1858 524 1901 hin,
550 1858 684 1892 dessen
707 1858 877 1903 Beispiel
903 1869 948 1893 zu
974 1858 1066 1894 Viel
1091 1859 1252 1893 schaden
1277 1860 1429 1893 konnte.
1462 1859 1600 1893 Bisher
1624 1860 1725 1893 hatte

256 1916 300 1939 er
324 1904 390 1938 mit
415 1903 490 1938 ihm
526 1904 563 1937 in
597 1905 680 1938 dem
705 1905 1120 1939 freundschaftlichsten
1145 1905 1405 1941 Verhaltnisse
1429 1906 1646 1949 gestanden.
1679 1924 1724 1930 -—

258 1955 292 1986 et
323 1952 412 1994 aliq.
445 1951 643 1984 sentiamus
676 1977 684 1985 .
703 1977 712 1985 .
731 1978 739 1984 .
774 1952 879 1995 reliq.
913 1962 1000 1986 esse.
1050 1950 1114 1986 Sic
1143 1952 1398 1996 pulcherrime
1429 1952 1465 1985 h.
1497 1953 1522 1986 l.
1560 1951 1724 1986 restituit
1767 1959 1769 1966 *

257 1999 289 2033 1.
315 1998 357 2031 F.
385 1996 619 2031 Gronovius:
661 1997 697 2030 h.
731 2008 764 2031 e.
798 1997 1052 2042 intelligamus
1085 1998 1229 2031 tandem
1255 2004 1291 2032 et
1316 1997 1584 2042 profiteamur,
1629 1997 1723 2031 nihil

257 2043 368 2077 nobis
394 2053 592 2088 superesse
617 2048 766 2088 praeter
791 2045 924 2087 vitam,
959 2055 1032 2087 qua
1055 2043 1136 2088 ipsa
1161 2044 1269 2078 etiam
1297 2050 1335 2077 ut
1360 2055 1570 2078 careremus
1595 2050 1726 2089 optan-

259 2091 345 2124 dum
363 2096 456 2123 erat.
501 2089 634 2123 Omnia
658 2090 733 2123 alia
758 2095 795 2123 et
820 2097 1038 2124 ornamenta
1062 2096 1098 2124 et
1124 2090 1368 2124 instrumenta
1393 2090 1602 2132 amisimus3
1633 2089 1723 2134 quid

257 2136 375 2180 igitur
400 2136 693 2169 stomachamur?
741 2135 848 2172 Vana
872 2142 928 2170 est
952 2136 1034 2170 sine
1058 2136 1202 2171 viribus
1228 2137 1296 2170 ira.
1345 2136 1473 2180 Vulgo
1508 2136 1722 2180 legebatur:

259 2187 293 2216 et
324 2181 521 2225 aliquando
553 2182 789 2226 sententiam,
831 2187 869 2216 ut
892 2182 989 2216 m'lzz'l
1010 2184 1117 2226 novi,
1155 2184 1230 2216 nisi
1253 2183 1295 2216 id
1318 2182 1413 2227 quod
1436 2182 1627 2217 minimum
1650 2183 1725 2216 vel-

259 2229 346 2268 lem,
379 2228 551 2272 spiritum
576 2229 756 2272 reliquum
781 2239 865 2263 esse.
899 2229 1007 2264 SCH.
1403 2234 1412 2241 '

348 2277 382 2310 3.
418 2274 604 2307 obsidetur
633 2286 654 2308 a
678 2275 925 2310 Caesarianis.
959 2295 1004 2301 -—
1051 2285 1152 2308 mare
1177 2274 1346 2317 infestum
1370 2273 1596 2316 hctbebz‘mus;
1636 2284 1724 2313 non,

260 2321 430 2355 infestum
458 2319 568 2353 nobis
588 2320 684 2363 ‹erit3
721 2322 977 2356 sedinsestum
997 2321 1193 2355 reddemus
1220 2320 1307 2362 (wir
1320 2320 1458 2353 wollen
1486 2331 1525 2354 es
1551 2320 1725 2354 unsicher

258 2368 443 2409 macheu),
470 2373 509 2400 ut
533 2373 735 2401 commeatu
754 2368 863 2402 Italia
889 2367 1171 2402 intercludatur.
1198 2366 1431 2400 ERNESTI.
1469 2366 1566 2400 Eine
1593 2366 1727 2400 bittere
1770 2398 1772 2404 ,

259 2414 412 2455 Ironie,
453 2412 507 2446 als
544 2413 591 2445 ob
625 2412 706 2445 dem
733 2414 963 2459 Pompeius,
1006 2413 1074 2446 der
1109 2413 1156 2446 im
1180 2412 1331 2446 Besitze
1364 2413 1460 2446 aller
1485 2412 1625 2448 Schifl‘e
1658 2412 1726 2446 der
1770 2407 1772 2429 ¹*

258 2459 456 2505 Republik
480 2468 580 2500 war,
621 2465 726 2492 sonst
750 2461 882 2495 Nichts
915 2459 1026 2502 iibrig
1056 2459 1181 2502 ware,
1226 2459 1280 2492 als
1316 2459 1377 2492 die
1402 2458 1628 2503 Hauptstadt
1652 2458 1725 2491 und

258 2517 354 2549 ganz
380 2504 514 2541 Italien
539 2505 839 2550 auszuhungern.
865 2525 909 2532 -
957 2509 1026 2539 rat.
1052 2505 1169 2539 huius.
1201 2505 1280 2539 Md.
1306 2504 1407 2540 Vict.
1437 2507 1467 2540 l.
1485 2506 1518 2539 2.
1558 2509 1628 2538 rat.
1655 2515 1726 2537 non

262 2554 379 2588 huius.
428 2553 622 2586 Fortasse:
655 2555 726 2585 rat.
754 2555 849 2585 enim
873 2552 908 2585 h.
943 2551 1138 2585 ORELLI.
1165 2571 1210 2577 —
1257 2551 1433 2585 Essem-citu
1456 2562 1502 2584 .—·-.
1525 2551 1574 2585 im
1597 2550 1726 2584 Felde.

263 2620 306 2626 —-
334 2599 441 2644 pacis
474 2624 482 2632 .
505 2623 512 2632 .
533 2622 542 2630 .
575 2601 648 2638 est,
689 2598 754 2631 auf
784 2599 856 2632 den
892 2597 1054 2632 Frieden
1089 2597 1137 2631 ist
1168 2597 1271 2631 nicht
1302 2608 1346 2632 zu
1379 2597 1551 2631 rechnen.
1601 2596 1724 2640 ‚,Alii:

258 2649 346 2692 paci
369 2647 397 2687 f.
424 2656 480 2687 ης
524 2642 609 2676 alii:
637 2645 742 2688 pacis
765 2655 846 2689 spes
870 2645 1007 2678 nullct.''
1055 2644 1143 2678 Vas.
1169 2645 1288 2678 Lectt.
1318 2642 1482 2678 Graevii.
1517 2643 1591 2677 ΟΒ.

350 2693 384 2727 4.
413 2689 650 2736 Cephalioni,
676 2689 745 2724 der
768 2690 1019 2725 vermuthlich
1045 2690 1104 2723 ein
1121 2689 1523 2733 Liiuserssabellarius)
1550 2689 1616 2723 des
1630 2688 1727 2722 Ani-

259 2740 330 2774 kus
364 2749 455 2774 war.
490 2756 532 2762 —
580 2746 666 2770 usus
696 2747 794 2781 sum,
835 2736 897 2772 ich
928 2737 1022 2771 habe
1055 2736 1211 2781 besolgt.
1249 2754 1293 2762 --
1340 2736 1563 2779 maximeque
1596 2734 1633 2769 in
1667 2744 1726 2776 ee,

1771 2666 1776 2772 ἰ
