1795 3043
204 61 305 109 130
472 52 537 100 Μ.
575 52 631 97 Τ.
670 47 1012 97 CICERONIS
1047 47 1390 97 EPITOLAE.

205 168 423 224 parabam.
481 164 713 205 Uberiores
742 163 890 215 erunt,
930 174 1056 215 quam
1096 161 1134 202 si
1176 174 1230 204 ex
1257 159 1423 202 Amano
1463 160 1680 202 misissem.

207 227 265 268 At
294 228 334 266 te
366 226 521 265 Romae
551 234 635 261 non
665 221 776 262 sore!
821 220 905 261 Sed
936 222 999 261 est
1028 220 1177 268 totum,
1209 218 1322 271 quod
1342 219 1441 260 Kal.
1463 218 1590 260 Mart.
1620 219 1685 258 fu-

210 287 352 325 turum
383 282 457 321 est.
517 280 678 320 Vereor
707 278 836 330 enim,
865 290 933 330 ne,
962 290 1091 330 quum
1119 277 1172 317 de
1200 276 1427 329 provincia
1453 278 1615 330 agetur,
1648 275 1688 315 si

213 342 368 382 Caesar
397 337 579 385 resistet,
611 348 688 376 nos
717 337 991 377 retineamur.
1041 335 1121 375 His
1150 336 1196 374 tu
1227 335 1263 376 si
1286 334 1467 387 adesses,
1496 335 1608 374 nihil
1636 333 1690 374 ti-

161 407 190 449 8
211 410 380 440 merem.
421 395 562 436 Redeo
592 394 645 434 ad
674 394 858 434 urbana:
890 405 999 445 quae
1029 404 1106 444 ego
1136 391 1210 432 diu
1233 393 1433 445 ignorans
1453 404 1506 432 ex
1522 392 1607 431 tuis
1624 391 1690 431 iu-

213 453 479 497 cundissimis
516 452 655 492 literis
686 465 722 492 a.
744 451 785 493 d.
819 465 859 492 v.
882 451 978 492 Kal.
1004 450 1095 491 Ian.
1136 449 1320 500 denique
1352 448 1543 502 cognovi.
1603 448 1690 488 Eas

211 511 535 565 diligentissime
564 509 834 561 Philogenes,
865 507 1045 548 libertus
1073 509 1184 555 tuus,
1216 507 1383 548 curavit
1412 507 1619 559 perlonga
1649 506 1693 545 et

214 583 299 610 non
330 569 433 609 satis
464 569 555 607 tuta
583 566 655 607 via
685 565 972 617 perferendas.
1009 563 1116 605 Nam
1137 577 1241 615 quas
1254 564 1404 605 Laeuii
1424 564 1570 616 pueris
1586 561 1692 604 scri-

215 627 280 668 bis
310 626 441 674 datas‚
473 636 557 664 non
589 635 853 675 acceperam.
910 622 1102 662 Iucunde
1131 622 1183 661 de
1213 621 1390 662 Caesare
1420 623 1463 661 et
1492 632 1602 673 quae
1631 631 1694 660 se-

216 686 341 725 natus
371 681 560 723 decrevit
590 682 633 720 et
661 692 770 731 quae
800 681 847 719 tu
876 691 1044 731 speras:
1076 679 1228 731 quibus
1257 679 1332 719 ille
1362 678 1398 718 si
1425 678 1550 727 cedit,
1584 677 1695 717 salvi

220 754 375 783 sumus.
429 738 634 780 Incendio
664 737 935 778 Plaetoriano
966 736 1077 789 quod
1108 737 1231 776 Seius
1258 735 1474 777 ambustus
1504 737 1587 784 est,
1620 735 1697 775 mi-

220 812 300 840 nus
331 798 509 837 moleste
535 796 643 837 fero.
681 794 892 834 Lucceius
923 794 975 834 de
1005 793 1054 841 Q.
1074 793 1216 834 Cassio
1248 806 1327 833 cur
1356 796 1441 834 tam
1465 794 1696 834 vehemens

171 864 199 904 9
222 857 353 897 fuerIt
383 857 425 894 et
454 853 557 905 quid
588 854 729 893 actum
761 852 830 899 sit,
864 863 967 893 aveo
988 850 1114 892 scire.
1154 852 1261 903 Ego,
1292 863 1422 902 quum
1439 850 1698 891 Laodiceam

219 925 391 965 venero,
424 911 594 963 Quinto,
623 909 778 950 sororis
808 910 909 949 tuae
938 908 1042 961 filio,
1070 909 1211 961 togam
1230 921 1380 960 puram
1399 907 1551 948 iubeor
1569 907 1697 956 dare3

223 971 294 1013 cui
324 969 576 1011 moderabor
606 966 861 1020 diligentius.
912 966 1153 1018 Deiotarus,
1183 965 1305 1006 cuius
1334 965 1508 1006 auxiliis
1535 964 1701 1018 magnis

222 1106 364 1139 bam:
388 1112 480 1147 paro
506 1100 554 1134 im
574 1099 714 1134 Briefe.
749 1098 787 1133 S.
808 1098 954 1132 Grotef.
981 1099 1010 1140 ξ.
1026 1100 1104 1133 177.
1122 1117 1167 1123 -
1202 1098 1333 1141 Uber„
1358 1098 1700 1143 reichhaltiger.—

223 1153 275 1186 At
301 1154 334 1183 te
361 1176 368 1183 .
386 1176 394 1183 .
414 1175 421 1183 .
449 1158 521 1181 non
544 1148 645 1189 fore!
677 1146 802 1188 Aber,
829 1145 914 1178 dass
939 1145 1002 1178 Du
1028 1144 1124 1178 dann
1152 1145 1255 1178 nicht
1281 1155 1327 1179 zu
1347 1145 1444 1179 Rom
1470 1145 1550 1179 sein
1576 1144 1702 1179 wirst!

224 1198 351 1233 Ueber
377 1196 449 1229 den
465 1194 606 1228 Infinit.
624 1193 690 1226 des
703 1192 863 1226 Ausruss
889 1202 918 1224 s.
937 1192 1086 1225 Ramsh.
1114 1192 1142 1234 ἕ.
1160 1193 1241 1235 168,
1261 1193 1283 1226 6
1309 1192 1383 1225 und
1404 1191 1549 1226 Grotef.
1577 1192 1605 1234 ἕ.
1620 1191 1701 1225 412.

225 1264 268 1270 --
299 1247 413 1277 totum
439 1241 513 1275 und
539 1240 635 1273 doch
661 1238 798 1271 beruht
822 1237 928 1271 Alte<
953 1237 1017 1270 auf
1032 1238 1147 1281 Dem,
1174 1249 1253 1272 was
1278 1249 1335 1271 am
1361 1240 1392 1271 1.
1412 1239 1520 1272 Miirz
1545 1238 1704 1282 gesche-

223 1292 295 1325 hen
322 1288 433 1323 wird.
481 1287 574 1320 tanti
599 1285 686 1320 Sch.
706 1284 802 1317 coni.
820 1284 913 1318 Liin.
940 1284 1105 1327 Vulgata
1129 1284 1334 1328 significat:
1362 1284 1455 1327 „sed
1480 1285 1519 1318 in
1544 1296 1589 1318 eo
1616 1289 1704 1318 sunt

225 1336 386 1370 onmia.⁷’
424 1333 623 1368 ORELLI.
650 1332 764 1374 tanti,
798 1330 879 1364 scil.
907 1335 947 1363 ut
971 1330 1114 1364 Romae
1140 1331 1190 1364 sis
1216 1331 1301 1364 Kal.
1322 1330 1491 1374 Martiis,
1518 1331 1619 1374 quod
1645 1330 1705 1365 his

226 1381 408 1418 Kalendis
440 1381 605 1414 futurum
637 1384 704 1412 est.
753 1377 861 1411 ΞΟΠ.
888 1395 932 1400 -·
964 1377 1054 1410 Καί.
1080 1377 1202 1411 Mart.
1235 1388 1309 1420 quo
1336 1377 1398 1411 die
1424 1378 1470 1411 de
1495 1377 1705 1422 provinciis

226 1431 273 1464 ad
298 1435 464 1463 senatum
491 1438 539 1460 ex
556 1425 593 1460 S.
605 1425 645 1459 C.
663 1424 830 1458 referent
848 1422 934 1457 novi
951 1424 1124 1457 consules
1140 1425 1181 1458 L.
1195 1425 1352 1458 Paullus
1376 1430 1413 1458 et
1430 1424 1471 1458 C.
1484 1425 1702 1458 Marcellus.

228 1473 436 1511 MANUT.
472 1472 561 1509 vid.
590 1483 647 1515 ep.
668 1470 884 1511 CCXXIII,
902 1474 935 1506 5.
956 1489 1001 1494 —
1028 1471 1253 1503 retineamur
1277 1471 1314 1504 in
1342 1470 1539 1515 provincia
1558 1470 1704 1505 Cilicia.

319 1523 352 1556 8.
385 1532 420 1554 a.
448 1520 483 1553 sl.
511 1532 545 1552 V.
562 1518 653 1551 Kal.
673 1518 774 1558 Iam,
801 1527 856 1549 am
879 1517 1161 1552 280December
1186 1517 1296 1559 (iiber
1321 1517 1357 1551 d.
1375 1518 1425 1561 fg.
1453 1518 1598 1551 curavit
1615 1528 1703 1562 per-

228 1569 409 1611 ferendas,
435 1565 636 1609 S.Ramsh.
664 1563 848 1605 §.171‚11‚
875 1564 921 1605 Α,
937 1563 999 1605 3.).
1033 1564 1157 1597 Wenn
1178 1563 1468 1598 dieserSchluss
1493 1564 1558 1598 des
1576 1564 1705 1598 Briefs

230 1615 332 1648 nicht
357 1619 457 1647 etwa
481 1613 627 1657 spater,
655 1610 709 1643 als
734 1610 801 1642 der
816 1609 965 1652 Anfang
990 1609 1237 1652 geschrieben
1264 1610 1332 1654 ist,
1358 1621 1399 1643 so
1425 1622 1525 1644 muss
1551 1611 1705 1644 verbes-

228 1667 308 1695 sert
342 1659 496 1693 werden
540 1669 573 1692 a.
605 1658 638 1690 (l.
664 1669 727 1690 xv.
748 1656 838 1690 Kal.
865 1656 947 1700 Ian.
986 1657 1058 1698 (am
1080 1657 1135 1690 18.
1160 1656 1292 1699 Dec.);
1335 1656 1433 1689 denn
1470 1657 1542 1691 den
1585 1658 1705 1691 obern

230 1707 341 1742 Theil
372 1705 570 1739 desselben
605 1704 666 1736 hat
697 1714 738 1736 er
773 1702 866 1734 nach
893 1702 919 1744 ζῇ.
939 1702 972 1736 5.
997 1701 1259 1736 Saturnalibus
1285 1703 1409 1736 tertiis
1435 1702 1468 1737 d.
1490 1705 1513 1738 i.
1531 1714 1600 1737 ΧΠ.
1616 1704 1703 1738 Kal.

228 1755 306 1788 Ian.
334 1753 392 1786 od.
426 1762 483 1785 am
508 1751 564 1784 21.
580 1749 658 1782 Ian.
688 1748 946 1792 geschrieben.
976 1767 1020 1773 —-
1075 1749 1221 1782 Laeuii.
1257 1749 1346 1785 Vid.
1378 1750 1481 1783 Orat.
1509 1751 1640 1785 Plane.
1671 1761 1705 1784 c.

226 1802 283 1835 41.
311 1805 381 1833 cet.
424 1798 529 1832 Sext.
555 1797 612 1830 63.
644 1795 695 1828 Es
721 1805 848 1829 waren
873 1795 978 1828 ihrer
1002 1796 1100 1829 zwei
1120 1795 1292 1836 Briider,
1320 1795 1360 1830 C.
1388 1807 1422 1830 n.
1449 1797 1501 1831 M.
1526 1797 1705 1832 Laenius.

229 1847 268 1881 S.
297 1847 341 1880 ad
369 1844 520 1879 Divers.
548 1842 668 1884 XIII,
693 1843 749 1876 63.
789 1842 943 1874 Letzter
976 1842 1083 1874 nahm
1119 1843 1343 1886 ungeachtet
1376 1841 1444 1876 der
1469 1844 1705 1887 Drohuugen

228 1893 295 1927 des
322 1892 478 1927 Clodius
503 1889 576 1923 den
601 1889 831 1922 verbannten
857 1888 991 1922 Cicero
1022 1887 1060 1921 in
1087 1888 1191 1921 seine
1218 1889 1358 1922 Garten
1392 1899 1437 1923 zu
1461 1889 1706 1924 Brundisium

229 1939 304 1974 auf.
354 1938 392 1972 S.
421 1937 467 1971 ad
493 1936 606 1970 Amic.
626 1935 677 1977 V,
694 1935 750 1968 21.
778 1934 919 1977 (CCL.)
953 1935 1078 1970 Varro
1104 1936 1149 1969 R.
1177 1935 1222 1969 R.
1246 1935 1317 1978 ΙΙΙ,
1336 1936 1369 1978 5,
1385 1937 1417 1970 8.
1455 1936 1555 1971 Plin.
1576 1937 1625 1979 X,
1646 1938 1703 1971 50.

229 2005 275 2011 -
307 1985 468 2018 Iacande
492 1983 572 2017 scil.
599 1982 752 2015 decreta
776 1987 880 2023 sunt,
919 1980 989 2014 mir
1015 1982 1136 2014 macht
1161 1982 1240 2015 Das
1264 1982 1433 2024 Frende,
1459 1993 1537 2017 was
1563 1994 1596 2018 u.
1614 1993 1643 2018 s.
1657 1994 1705 2018 W.

229 2032 396 2065 Iucunda
426 2030 473 2063 de
503 2030 596 2063 Ern.
624 2038 725 2072 susp.
753 2027 839 2062 Sch.
865 2028 955 2062 Liin.
992 2027 1067 2061 ΟΒ.
1095 2046 1138 2052 -
1186 2029 1361 2062 lucendio
1387 2029 1626 2063 Plaetoriano
1659 2030 1708 2064 de

230 2076 538 2112 condemnatione
563 2076 615 2110 Μ.
643 2074 830 2108 Plaetorii
856 2074 902 2107 de
928 2073 1147 2118 repetundis
1171 2075 1352 2117 accusati5
1378 2085 1460 2108 nam
1484 2082 1570 2120 post
1596 2087 1707 2120 prae-

232 2131 370 2166 turam,
400 2134 509 2166 quam
534 2133 615 2155 cum
643 2121 829 2155 Cicerone
852 2120 1145 2163 administravit,
1176 2121 1325 2155 videtur
1349 2121 1580 2165 provinciam
1607 2123 1706 2157 obti-
1769 2117 1771 2122 ’

231 2171 369 2205 nuisse.
405 2169 497 2205 Vid.
526 2170 629 2202 Orat.
646 2167 789 2201 Fontei.
808 2168 841 2201 5.
869 2168 1014 2202 cluent.
1033 2168 1089 2201 45.
1110 2168 1165 2202 53.
1185 2186 1229 2192 —
1262 2168 1357 2211 qnod
1381 2167 1488 2202 Seius
1521 2169 1614 2203 amb.
1641 2173 1706 2212 est,

228 2217 401 2251 nimirum
427 2221 642 2260 propterea,
671 2215 771 2257 quod
796 2214 842 2247 de
869 2214 1029 2248 residuis
1055 2214 1092 2247 in
1120 2213 1297 2247 iudicium
1317 2221 1469 2248 vocatus
1495 2221 1606 2249 esset.
1644 2216 1706 2249 Ad

232 2263 347 2299 Attic.
360 2264 412 2303 V,
426 2264 469 2297 13
493 2261 591 2295 wird
618 2261 678 2294 ein
703 2266 928 2305 procurator
941 2260 1058 2294 Attici
1073 2261 1232 2294 Namens
1249 2259 1359 2294 Seius
1379 2261 1445 2295 mit
1461 2261 1708 2306 Philogenes,

231 2311 352 2344 einem
378 2308 687 2351 Freigelassenen
713 2308 928 2350 desselben,
952 2307 1168 2350 atigesiilir13
1201 2306 1262 2340 ein
1288 2308 1337 2341 Μ.
1357 2306 1488 2350 Seius,
1513 2309 1568 2342 als
1594 2309 1707 2343 Aedil

229 2358 297 2392 681
324 2356 370 2388 de
398 2355 531 2389 Osfiec.
553 2354 605 2396 II,
624 2357 678 2388 17.
712 2354 812 2387 Plin.
834 2354 921 2391 XV,
940 2356 970 2387 l.
1003 2353 1132 2387 Plane.
1153 2354 1185 2386 5.
1212 2353 1258 2386 ad
1280 2354 1409 2388 Famil.
1430 2354 1501 2398 lx,
1519 2357 1550 2389 7.
1575 2355 1621 2388 ad
1637 2356 1706 2389 At-

231 2402 400 2445 tic.XlI,
420 2401 495 2443 11.;
530 2400 591 2434 ein
617 2401 659 2435 Q.
679 2399 789 2433 Seius
814 2400 1014 2433 Postumus
1054 2400 1108 2433 als
1134 2400 1240 2434 Rfim.
1268 2400 1395 2434 Ritter
1426 2400 1465 2434 in
1500 2400 1569 2435 der
1598 2400 1707 2436 Rede
1771 2395 1775 2399 ⁴

230 2461 300 2495 pro
327 2449 450 2482 Domo
475 2446 531 2481 44.
553 2448 608 2481 50.
643 2447 802 2490 Harusp.
829 2446 941 2490 Resp.
964 2447 1019 2480 14.
1045 2465 1091 2470 -
1121 2447 1161 2480 L.
1185 2446 1363 2481 Lucceius
1389 2449 1435 2489 (s.
1455 2457 1512 2492 ep.
1527 2447 1605 2482 108.
1622 2448 1705 2482 558.

229 2497 309 2531 568.
325 2495 423 2536 569.)
450 2504 529 2528 war
555 2493 615 2527 ein
640 2503 800 2526 warnier
819 2493 1022 2536 Anhanger
1048 2492 1113 2526 des
1130 2493 1353 2538 Pompeiu53
1381 2493 1539 2529 Quintus
1554 2494 1705 2528 Cassius

230 2541 423 2585 Longinus
448 2540 617 2584 dagegen
644 2539 703 2573 ein
730 2539 823 2572 eben
850 2549 892 2572 so
919 2537 1074 2583 eifriger
1098 2539 1247 2573 Freund
1280 2540 1345 2574 des
1373 2541 1518 2574 C'asars.
1555 2539 1593 2575 S.
1616 2551 1703 2586 epp.

229 2589 276 2622 ad
302 2587 414 2622 Attio.
441 2587 510 2630 VI,
528 2588 560 2622 6.
588 2586 679 2628 VII,
695 2587 728 2620 3.
750 2586 804 2618 14.
842 2585 1011 2630 Philipp.
1034 2586 1106 2628 ΙΙΙ,
1124 2588 1178 2620 10.
1205 2586 1252 2620 ad
1276 2586 1407 2621 Famil.
1426 2586 1536 2627 XVI.
1555 2588 1610 2622 11.

319 2636 352 2669 9.
379 2634 509 2667 iubeor
533 2634 622 2667 dare
647 2632 728 2666 scil.
755 2642 777 2665 a
795 2631 933 2667 Quinto
959 2632 1088 2666 fratre.
1107 2651 1152 2657 —
1177 2636 1303 2675 togam
1323 2643 1471 2677 puram,
1499 2632 1561 2666 die
1577 2633 1704 2667 mann-

227 2680 326 2714 liche
353 2685 441 2724 toga
465 2680 515 2714 im
529 2680 692 2723 Gegens.
718 2677 785 2711 der
809 2682 834 2711 t.
856 2682 1120 2721 praetexta-
1143 2680 1205 2713 cuz·
1228 2680 1459 2721 moderabor,
1485 2678 1548 2712 ich
1572 2679 1703 2714 werde

225 2727 288 2761 ihu
321 2727 358 2761 in
393 2727 462 2761 der
494 2727 614 2760 Zucht
645 2725 782 2760 halten.
802 2743 844 2749 —
883 2735 970 2760 (tux.
995 2735 1120 2768 magn.
1158 2725 1200 2760 S.
1223 2736 1285 2772 ep.
1303 2725 1475 2769 CCXIV,
1489 2724 1524 2761 2.
1543 2743 1588 2751 —-
1619 2737 1700 2760 cum
1762 2756 1764 2758 .
