1795 3043
338 125 651 175 EPISTOLA
687 126 956 174 CCCLVII.
1010 125 1301 174 CCCLVIII.
1447 134 1544 183 481

88 240 181 282 eius
210 240 478 282 clementiam
507 226 808 280 Corfiniensem
848 237 965 280 illam
991 250 1071 292 per
1098 240 1244 283 literas
1271 239 1548 284 collaudavis-

86 310 199 351 sem,
239 298 457 350 rescripsit
486 297 568 337 hoc
598 297 811 348 exemplo:

359 397 562 434 CAESAR
594 398 699 433 IMP.
731 396 974 431 CICERONI
1003 397 1110 433 IMP.
1146 398 1186 434 S.
1217 399 1267 434 D.

201 468 333 510 Recte
373 468 594 522 angui-aris
632 467 684 507 de
719 479 808 515 me,
849 486 906 495 —
963 467 1072 508 bene
1101 469 1213 509 enim
1243 468 1323 510 tibi
1354 468 1545 523 cognitus
1568 471 1596 512 2

86 538 178 567 sum
205 547 263 556 ·—
319 526 429 566 nihil
460 539 485 566 a
513 537 580 565 me
610 524 755 565 abesse
783 524 949 576 longius
977 524 1242 566 crudelitate.
1299 525 1439 578 Atque
1469 539 1544 580 ego

85 595 213 635 quum
254 595 306 623 ex
344 583 436 635 ipsa
473 595 520 622 re
553 593 744 634 magnam
784 581 1227 634 capio-,voluptatem‚
1276 583 1367 622 tum
1411 596 1549 625 meum

83 641 245 681 factum
281 640 456 692 plobari
493 639 566 679 abs
595 640 637 678 te
674 638 886 688 triumpho
926 638 1097 689 gaudio.
1152 639 1299 691 Neque
1335 640 1443 679 illud
1480 653 1549 681 me

86 698 248 749 movet,
290 696 400 748 quod
429 695 484 747 ii,
526 696 599 746 qui
631 709 656 735 a
685 707 749 734 me
779 695 939 734 dimissi
969 700 1084 744 sunt,
1134 695 1374 736 discessisse
1403 697 1550 738 dicun-

88 755 178 804 tur,
227 755 275 793 ut
312 752 416 792 mihi
452 764 597 792 rursus
638 747 800 791 bellum
839 751 1065 794 inferrent:
1121 753 1231 793 nihil
1279 754 1390 793 enim
1438 755 1548 795 malo

87 823 215 862 quam
244 811 286 849 et
314 821 381 849 me
409 809 510 849 meis
540 808 719 848 similem
750 821 840 848 esse
870 810 911 848 et
940 809 1037 849 illos
1066 809 1144 849 sui
1202 810 1265 850 Tu
1294 811 1422 851 velim
1438 811 1546 851 mihi
1569 813 1595 853 3

87 868 142 908 ad
180 866 328 907 urbem
357 867 525 917 praesto
556 867 635 917 sis,
683 867 731 905 ut
770 866 855 906 tuis
884 866 1075 906 consiliis
1117 867 1243 918 atque
1272 866 1451 919 opibus,
1500 869 1549 908 ut

92 923 316 976 consuevi,
344 923 390 963 in
412 922 605 962 omnibus
633 921 761 962 rebus
786 925 894 964 utar.
952 921 1175 963 Dolabella
1197 925 1269 963 tuo
1299 924 1410 964 nihil
1440 924 1549 965 scito

89 981 194 1022 mihi
211 993 301 1021 esse
320 979 561 1021 iucundius.
606 980 729 1020 Hanc
759 979 863 1020 adeo
894 979 1058 1020 habebo
1088 980 1265 1033 gratiam
1292 982 1381 1021 illi:
1413 992 1550 1033 neque

89 1039 200 1078 enim
229 1037 354 1078 aliter
381 1038 523 1076 facere
550 1036 729 1087 poterit:
767 1037 885 1077 tanta
913 1037 1004 1077 eius
1032 1037 1294 1090 humanitas,
1321 1037 1358 1079 is
1387 1049 1548 1087 sensus,

89 1107 142 1137 ea
169 1096 215 1136 in
244 1107 311 1137 me
341 1095 403 1135 est
430 1092 737 1135 benevolentia.

247 1265 559 1314 EPISTOLA
596 1264 883 1312 cchvm.
931 1263 1013 1324 (ad
1045 1264 1137 1310 Att.
1168 1264 1247 1311 lx.
1283 1267 1385 1324 17.)

181 1353 264 1389 Ser.
296 1353 334 1387 in
358 1353 558 1388 Formiano
583 1352 656 1389 VI.
683 1351 767 1387 Kal.
794 1351 886 1396 Apr.
913 1352 960 1386 A.
986 1352 1031 1387 U.
1059 1352 1100 1387 C.
1127 1353 1206 1389 705.
1240 1355 1287 1396 (a.
1316 1353 1359 1388 C.
1385 1353 1463 1398 49.)

93 1422 160 1456 Ait
184 1432 224 1457 se
240 1422 445 1456 eTrebatii
464 1421 592 1456 nuntio
606 1420 788 1463 Matiique
813 1419 934 1454 liteiis
959 1421 1234 1464 meditaturum,
1260 1431 1334 1465 quo
1345 1421 1456 1456 modo
1472 1432 1553 1458 cum

140 1468 301 1504 Caesare
325 1469 524 1512 loquatui,
564 1473 601 1502 et
628 1479 676 1501 ex
700 1467 804 1501 illius
829 1477 1020 1510 selmone,
1063 1478 1137 1519 quo
1163 1467 1236 1502 sibi
1263 1468 1421 1502 eundum
1446 1469 1508 1514 sit,v

185 1520 417 1551 statuturum.
443 1516 477 1550 l.
516 1514 667 1549 Deinde
692 1513 796 1558 cupit
820 1514 865 1546 ab
887 1512 1013 1547 Attico
1038 1513 1151 1557 seue,
1178 1513 1313 1559 ecquid
1329 1514 1465 1549 Curius

554 1560 601 1595 de
632 1560 772 1594 Tirone
804 1558 1014 1604 scripserit.
1056 1560 1079 1595 2

586 1639 772 1674 CICERO
803 1639 905 1673 ΑΤΊ
910 1639 994 1674 ICO
1021 1639 1060 1675 S.

210 1696 454 1742 Trebatium
483 1712 542 1741 v1.
572 1698 779 1747 Kalend.,
826 1710 908 1750 quo
940 1697 1008 1739 die
1038 1700 1114 1740 has
1141 1698 1289 1740 literas
1321 1699 1441 1748 dedi,
1489 1712 1558 1741 ex-

95 1758 355 1812 spectabam.
414 1758 480 1797 Ex
509 1756 598 1797 eius
625 1756 774 1796 nuntio
800 1755 1008 1806 Matiique
1026 1757 1161 1797 literis
1191 1757 1444 1809 meditabor,
1474 1769 1559 1808 quo

98 1815 222 1856 modo
260 1827 356 1856 cum
396 1813 474 1853 illo
512 1814 676 1863 loquar.
737 1813 770 1853 0
800 1815 962 1865 tempus
996 1813 1211 1855 miserum!
1270 1813 1360 1854 Nec
1399 1813 1560 1862 dubito,
1609 1843 1615 1854 ,

99 1873 203 1924 quin
232 1885 258 1912 a
287 1882 351 1911 me
382 1869 628 1919 contendat,
658 1869 712 1910 ad
740 1869 889 1910 urbem
919 1872 965 1910 ut
993 1872 1175 1913 veniam.
1234 1870 1432 1912 Senatum
1448 1870 1560 1911 enim

99 1996 369 2038 vermbgen
395 1993 581 2029 bedeuten
606 1994 715 2028 kann.
763 1993 803 2030 S.
823 1996 851 2038 ξ).
869 1997 910 2030 3:
943 1995 1015 2028 tuis
1039 1994 1207 2029 consiliis
1231 1997 1336 2038 alque
1360 1994 1496 2038 opibus.
1515 2012 1560 2020 —-

101 2043 143 2076 oe'n
171 2052 290 2086 super.
325 2041 466 2083 literis,
514 2040 552 2074 in
583 2040 722 2075 seinem
754 2041 930 2075 fruheren
955 2041 1102 2085 Briete,
1139 2052 1196 2086 ep.
1217 2040 1461 2077 CCCXLVII
1484 2042 1561 2075 An-

101 2090 188 2133 lage
212 2089 258 2121 A.
291 2087 365 2130 vgl.
392 2087 457 2120 mit
483 2098 541 2131 ep.
566 2087 754 2129 CCCLII,
780 2087 802 2121 2
833 2087 907 2121 und
932 2089 1052 2130 Anlag
1056 2099 1075 2121 e
1101 2089 1146 2121 A.

189 2133 306 2168 2-3.
328 2137 540 2176 auguraris.
568 2134 638 2167 Cas
642 2144 681 2167 ar
696 2134 898 2176 gebraucht
915 2134 1016 2168 diess
1031 2134 1155 2176 Wmt,
1173 2132 1261 2167 weil
1278 2131 1411 2173 Cicero
1429 2133 1563 2176 Augur

101 2190 182 2215 war
214 2179 288 2213 und
325 2190 367 2213 er
399 2179 461 2213 ihn
496 2180 550 2213 315
582 2180 734 2213 solchen
767 2190 811 2213 zu
837 2180 1021 2214 benutzen
1047 2180 1190 2213 dachte.
1233 2178 1272 2213 S.
1298 2188 1380 2212 zum
1405 2179 1561 2222 vorigen

101 2227 231 2261 Briefe
256 2227 284 2270 §.
304 2226 632 2269 2.1apz·emur.-
667 2225 848 2270 ἰ7ἱ7ιῃφῖιο
872 2226 1012 2269 gaudio
1038 2226 1070 2260 is
1075 2233 1086 2259 t
1110 2224 1341 2259 verstarkter
1364 2225 1564 2259 Ausdruck

102 2273 163 2308 fiir
193 2272 351 2315 gaudeo.
405 2272 470 2306 Sic
502 2272 892 2307 Cd.Cr11sell.B0.c.
932 2273 1066 2306 Graev
1107 2271 1192 2306 Scb
1232 2272 1326 2305 Liin.
1353 2269 1562 2315 triumpho,

103 2320 246 2361 gaudeo
281 2318 357 2352 Md.
386 2329 407 2352 a
436 2330 491 2363 pr.
520 2330 568 2352 m.
605 2318 786 2353 Tornaes.
821 2319 1001 2363 iwzumplzo
1028 2323 1061 2351 et
1084 2319 1226 2361 gaudeo
1257 2317 1335 2351 Md.
1368 2328 1389 2350 a
1413 2328 1488 2350 sec.
1515 2328 1563 2352 m.

105 2364 312 2400 Petrarcha
342 2364 419 2397 vita
446 2365 548 2399 caes.
574 2376 611 2409 p.
634 2365 711 2399 226.
746 2365 867 2398 Oxou.
902 2366 932 2398 1.
959 2365 992 2398 2.
1025 2366 1112 2399 Asc.
1135 2366 1166 2398 1.
1203 2364 1303 2398 Crat.
1343 2363 1441 2399 vict.
1469 2364 1501 2398 1.
1527 2363 1564 2398 2.

104 2411 233 2446 Lamb.
270 2410 465 2444 ORELLI.
498 2430 540 2436 —
589 2411 735 2444 dimissi
757 2415 839 2444 sunt
865 2410 1043 2452 Cmfinii,
1080 2416 1118 2444 ut
1140 2410 1351 2452 Domitius,
1383 2408 1566 2443 Lentulus

106 2463 193 2492 cett.
232 2475 276 2480 —
333 2457 460 2500 opibus
490 2469 537 2490 :z
568 2457 886 2500 Vermtigenbeit3
933 2457 1099 2491 insofern
1136 2457 1267 2491 Cicero
1309 2455 1568 2499 persouliches

105 2503 283 2539 Ansehen
317 2503 391 2536 und
421 2513 578 2546 grossen
603 2503 769 2537 Einfluss
803 2503 919 2537 durch
944 2502 1251 2542 Beredsamkeit,
1286 2500 1468 2545 Klugheit
1494 2500 1568 2534 und

32 2590 46 2593 ..
108 2546 330 2592 Thatigkeit
372 2548 420 2581 im
457 2550 555 2583 Foro
598 2550 672 2584 und
710 2549 846 2584 senate
887 2550 1025 2584 besass.
1067 2568 1111 2574 —
1166 2547 1261 2581 m'lzil
1376 2548 1570 2581 iucundius

107 2595 248 2639 krastig
273 2601 319 2628 st.
345 2594 524 2633 neminem
550 2595 818 2630 iucundiorem.
852 2615 895 2620 ——
943 2596 1048 2629 Hanc
1075 2621 1082 2629 .
1102 2621 1110 2629 .
1128 2622 1136 2628 .
1161 2593 1323 2636 gratiam
1348 2594 1426 2637 z’llz‘,
1461 2593 1570 2627 dasiir

108 2641 206 2676 wird
240 2651 281 2674 er
304 2640 401 2674 mich
426 2641 505 2674 also
531 2643 624 2676 auch
649 2642 766 2675 durch
792 2642 1037 2685 Geffilligkeit
1061 2640 1140 2674 sich
1165 2639 1434 2683 verptlichten;
1479 2639 1515 2675 d.
1541 2640 1568 2673 i.

107 2699 151 2722 er
173 2686 270 2721 wird
296 2692 404 2720 unter
427 2687 617 2722 Auderem
641 2688 735 2722 auch
759 2688 880 2731 Dicin,
915 2688 1043 2722 §einen
1068 2686 1418 2729 Schwiegcrvater‚
1458 2685 1571 2719 dahin

108 2743 156 2767 zu
186 2735 387 2775 vermiigen
423 2733 582 2776 wissen,
622 2733 706 2768 dass
739 2745 781 2767 er
814 2734 959 2768 meinen
993 2732 1161 2768 Wunsch
1196 2731 1344 2766 ert'iille.
1381 2749 1422 2757 -
1471 2732 1505 2766 is
1528 2742 1574 2766 z:

107 2785 230 2814 tantus
254 2789 397 2818 sensus,
429 2790 470 2813 so
496 2779 569 2813 fein
596 2779 729 2815 dessen
755 2780 903 2815 Get'iihl.

167 2839 235 2866 Cic.
256 2839 368 2866 Briefe
391 2849 423 2868 v.
445 2839 584 2867 Billerb.
607 2842 650 2868 11.
1212 2840 1264 2879 31
