1795 3043
237 57 335 105 148
516 51 581 98 Μ.
603 52 658 97 Τ.
681 50 1026 98 CICERONIS
1059 50 1437 99 EPISTOLAE.

234 166 422 205 facturus
450 163 691 217 putabatur,
723 163 981 213 defenderet,
1012 164 1258 206 adolescens
1286 165 1329 204 et
1358 162 1548 215 equitatu
1567 165 1610 204 et
1627 175 1699 217 pe-

235 222 371 262 ditatu
401 222 442 260 ct
469 221 653 272 pecunia
681 222 854 273 paratus
882 234 934 262 ex
961 223 1051 262 toto
1080 222 1134 262 iis
1163 222 1237 274 qui
1265 221 1414 261 novari
1443 219 1605 273 aliquid
1626 233 1698 262 vo-

236 278 400 319 lebant:
437 278 621 334 perfeci,
667 280 716 318 ut
745 291 768 318 e
795 291 925 331 regno
954 278 1031 319 ille
1061 278 1296 320 discederet
1324 289 1487 328 rexque
1516 278 1605 318 sine
1635 279 1700 318 tu·

238 337 375 375 multu
403 346 453 374 ac
482 336 574 375 sine
590 335 733 384 armis,
758 338 872 376 omni
887 336 1139 376 auctoritate
1165 337 1287 376 aulae
1308 334 1581 384 communita,
1608 347 1700 387 reg-

186 399 214 438 7
238 404 337 433 num
367 404 462 431 cum
490 391 695 445 dignitate
724 391 947 433 obtineret.
1005 393 1174 433 Interea
1203 392 1381 445 cognovi
1401 392 1628 432 multorum
1649 392 1700 432 li-

234 449 339 490 teris
372 450 498 500 atque
527 449 689 490 nuntiis
717 463 887 502 magnas
917 450 1170 490 Parthorum
1201 451 1343 502 copias
1373 455 1415 489 et
1432 447 1621 489 Arabum
1644 447 1698 489 ad

236 505 439 559 oppidum
448 506 717 547 Antiochiam
736 505 961 547 accessisse
979 519 1257 560 magnumque
1277 518 1423 547 eorum
1452 505 1698 558 equitatum,

236 565 312 614 qui
340 563 387 602 in
418 563 611 603 Ciliciam
640 563 877 616 transisset,
907 563 962 604 ab
989 565 1178 615 equitum
1208 575 1395 605 meorum
1422 563 1572 603 turmis
1602 563 1644 602 et
1672 575 1699 603 a

236 621 413 660 cohorte
441 620 669 671 praetoria,
700 633 808 672 quae
837 622 928 661 erat
948 621 1224 673 Epiphaneae
1240 620 1441 674 praesidii
1462 632 1602 672 causa,
1630 632 1699 660 oc-

236 676 405 718 cidione
434 678 634 717 occisum.
705 678 845 725 Quare
874 689 1001 729 quum
1029 678 1216 719 viderem
1245 692 1270 718 a
1300 676 1569 730 Cappadocia
1596 676 1699 717 Par-

236 736 405 774 thorum
435 734 578 786 copias
607 747 795 785 aversas,
836 746 920 774 non
957 735 1083 786 longe
1117 750 1141 775 a
1178 735 1333 776 finibus
1375 746 1467 775 esse
1497 733 1696 774 Ciliciae:

235 803 361 842 quam
389 791 511 843 potui
541 791 730 832 maximis
758 791 982 832 itineribus
1011 792 1064 832 ad
1086 791 1291 833 Amanum
1319 793 1554 833 exercitum
1584 789 1697 831 duxi.

236 848 327 895 Quo
357 850 404 887 ut
431 847 542 895 veni,
574 849 735 888 hostem
766 848 819 888 ab
851 847 1084 889 Antiochea
1112 850 1355 897 recessisse,
1387 848 1585 889 Bibulum
1613 847 1698 888 An·

235 905 427 944 tiocheae
458 917 547 944 esse
577 905 773 958 cognovi:
811 905 1059 946 Deiotarum
1086 906 1308 947 confestim
1335 907 1420 946 iam
1450 906 1502 946 ad
1531 917 1598 945 me
1627 916 1697 945 ve-

235 962 420 1001 nientem
450 974 546 1002 cum
575 973 723 1014 magno
753 963 795 1001 et
832 961 952 1002 firmo
982 963 1174 1014 equitatu
1210 965 1251 1003 et
1288 963 1479 1015 peditatu
1516 964 1559 1002 et
1598 973 1696 1001 cum

236 1018 427 1059 omnibus
455 1019 542 1058 suis
571 1019 705 1071 copiis
736 1020 961 1059 certiorem
990 1019 1073 1059 feci
1109 1032 1194 1060 non
1222 1020 1356 1061 videri
1393 1031 1484 1059 esse
1513 1030 1696 1070 causam,

237 1087 315 1116 cur
345 1075 508 1115 abesset
537 1089 561 1115 a
590 1087 743 1127 regno:
776 1089 926 1127 meque
955 1076 1010 1116 ad
1038 1088 1146 1128 eum,
1176 1077 1212 1117 si
1242 1077 1344 1128 quid
1373 1077 1473 1117 novi
1496 1077 1607 1116 forte
1627 1087 1695 1115 ac-

185 1141 213 1180 8
236 1132 427 1184 cidisset,
457 1133 599 1172 statim
627 1134 773 1173 literas
801 1134 1056 1185 nuntiosque
1085 1135 1307 1174 missurum
1328 1147 1430 1174 esse.
1474 1133 1697 1183 Quumque

236 1201 286 1229 eo
316 1189 454 1230 animo
484 1190 702 1242 venissem,
729 1194 777 1230 ut
804 1191 975 1241 utrique
1002 1191 1262 1242 provinciae,
1294 1192 1330 1231 si
1351 1191 1412 1231 ita
1430 1192 1593 1243 tempus
1614 1190 1696 1229 fer-

235 1247 314 1298 ret,
332 1244 620 1285 subvenirem:
651 1248 740 1286 tum
759 1246 815 1298 id,
845 1247 957 1297 quod
975 1247 1060 1286 iam
1085 1249 1182 1287 ante
1202 1249 1444 1295 statueram,
1472 1248 1697 1288 vehemen-

234 1305 300 1343 ter
329 1303 533 1343 interesse
570 1303 788 1355 utriusque
827 1304 1073 1355 provinciae
1111 1317 1268 1357 pacare
1294 1304 1502 1344 Amanum
1531 1304 1574 1343 et
1603 1315 1696 1355 per-

234 1454 331 1483 tanta
355 1447 544 1492 religione
568 1447 718 1492 colitur,
744 1458 784 1482 ut
810 1448 985 1484 sacerdos
1010 1448 1090 1483 eius
1117 1448 1209 1483 deae
1233 1448 1446 1492 maiestate,
1470 1445 1630 1492 imperio
1656 1451 1694 1480 et

235 1494 401 1539 potentia
425 1494 611 1528 secundus
636 1506 657 1528 a
681 1506 771 1538 rege
795 1506 979 1530 consensu
1003 1495 1127 1539 gentis
1152 1496 1255 1529 illius
1272 1497 1468 1538 habeatur,
1494 1494 1532 1527 id
1551 1493 1693 1528 homini

234 1541 468 1574 nobilissimo
503 1541 701 1574 Nicomedi
729 1541 911 1586 Bithynio
944 1541 1185 1575 adiudicavit.
1233 1541 1442 1576 MANUT.
1479 1541 1571 1584 Vgl.
1598 1540 1694 1573 eben

233 1587 310 1620 das.
337 1598 368 1620 c.
387 1587 443 1621 34.
462 1587 517 1621 36.
550 1586 650 1621 Plin.
677 1588 722 1620 H.
749 1588 795 1622 N.
817 1588 935 1630 V1,3.
966 1587 1089 1622 strab.
1118 1587 1182 1621 lib.
1205 1588 1293 1621 XII.
1315 1606 1360 1612 —
1386 1591 1561 1631 para-tus,
1587 1585 1693 1621 wohl

234 1633 487 1667 versehen.—-
518 1643 562 1665 ex
593 1637 666 1665 toto
696 1633 765 1676 iis,
797 1644 892 1677 ganz
917 1634 977 1666 fiir
996 1633 1075 1667 Die
1098 1645 1145 1666 =
1177 1633 1245 1667 der
1269 1634 1399 1667 Partei
1428 1633 1600 1676 ganzlich
1632 1643 1690 1665 er-

231 1679 372 1722 geben,
408 1678 470 1712 die
494 1690 564 1711 nur
587 1679 1059 1722 Regirungsveriinderung
1080 1680 1284 1714 wiinschte.
1327 1679 1392 1714 Sic
1424 1679 1558 1722 scripsi
1591 1677 1690 1713 coni.

233 1736 323 1759 mea.
346 1729 503 1768 paratus
527 1729 559 1758 et
585 1729 658 1758 toto
683 1726 732 1759 iis
755 1726 832 1760 Md.
861 1726 960 1761 vict.
975 1726 1008 1759 2.
1036 1726 1170 1759 Graev.
1197 1726 1288 1759 Ern.
1313 1725 1456 1759 Bened.
1479 1728 1634 1769 paratus
1657 1727 1690 1756 et

231 1771 377 1804 omnino
403 1771 452 1804 iis
475 1771 592 1816 Neap.
619 1772 720 1807 Vict.
741 1774 770 1805 1.
791 1772 918 1805 Lamb.
940 1775 1096 1815 paratus
1120 1776 1155 1804 et
1176 1772 1296 1806 socius
1319 1772 1369 1805 iis
1393 1772 1479 1806 Sch.
1505 1772 1600 1804 Lim.
1628 1771 1691 1813 (ex

231 1821 305 1850 toto
337 1817 374 1850 in
405 1817 536 1861 primis
568 1818 780 1861 frequentat
809 1819 983 1860 Celsus).
1026 1818 1223 1852 ORELLI.
1244 1837 1288 1843 -
1323 1819 1402 1851 sine
1427 1818 1558 1856 armis,
1592 1817 1690 1849 ohne

230 1863 610 1898 Schwertstreich.—
636 1864 735 1897 omni
759 1868 850 1897 auct.
876 1864 949 1898 cml.
975 1875 1122 1907 comm„
1147 1865 1326 1898 nachdem
1352 1875 1394 1898 so
1419 1864 1499 1897 sein
1523 1862 1690 1905 konigli-

229 1910 319 1944 ches
343 1910 519 1944 Ansehen
544 1920 590 1943 an
615 1910 756 1944 seinem
781 1911 878 1943 Hofe
904 1922 939 1944 u.
966 1910 1015 1944 im
1038 1921 1182 1954 ganzen
1202 1912 1348 1944 Reiclie
1372 1910 1549 1954 besestigt
1572 1920 1662 1943 war.

321 1967 352 2000 7.
387 1970 421 1999 et
452 1977 501 2000 ex
532 1968 715 2012 supplem.
751 1967 854 2001 omis.
890 1971 924 2000 et
955 1967 1034 2002 Md.
1067 1968 1167 2002 Crat.
1193 1986 1238 1993 ——
1277 1979 1299 2001 α
1330 1967 1407 2001 coh.
1438 1971 1579 2011 praet,
1611 1976 1685 1999 von

229 2012 372 2045 meiner
396 2013 530 2047 Garde.
555 2032 599 2039 —-
635 2014 797 2057 praesz‘cl.
833 2024 961 2056 cansa,
995 2014 1049 2048 als
1072 2014 1296 2058 Besatzung.
1349 2014 1610 2057 Epiphaneffiffl
1647 2013 1686 2047 in

227 2058 409 2102 Cilicien,
434 2060 563 2093 friiher
579 2060 813 2102 Oeniandos,
840 2059 931 2094 ietzt
948 2060 1210 2103 Serfandacar,
1237 2060 1354 2093 durch
1377 2061 1516 2094 schone
1531 2061 1685 2093 Tannen
1709 2082 1711 2084 -

228 2103 412 2138 beriihmt.
429 2124 471 2130 -—
504 2107 618 2140 occid.
644 2106 775 2146 occis„
798 2106 973 2149 ganzlich
995 2117 1206 2140 zusammen
1228 2107 1396 2151 gehauen
1421 2106 1489 2140 sei.
1509 2125 1554 2130 —
1586 2116 1683 2140 max.

224 2150 331 2193 itin„
370 2151 408 2184 in
433 2163 591 2195 grossen
615 2153 884 2186 Eilmarschen.
910 2171 956 2177 —
998 2153 1079 2188 Quo
1103 2165 1150 2186 =
1172 2152 1211 2186 in
1235 2163 1345 2197 quem
1368 2153 1491 2186 locum
1522 2157 1561 2185 ut
1584 2152 1681 2195 veni,

226 2196 359 2230 sobald
383 2197 444 2231 ich
468 2198 578 2231 dahin
594 2199 747 2232 kam.—
771 2199 973 2232 recessisse.
999 2200 1090 2233 Was
1105 2198 1254 2233 Cassius
1278 2198 1387 2233 dabei
1410 2199 1558 2243 gethan,
1584 2198 1684 2233 wird

223 2242 325 2276 nicht
349 2243 450 2286 hier,
484 2245 644 2278 sondern
676 2245 783 2289 epist.
802 2245 1057 2286 CCXXVIII,
1077 2247 1100 2280 3
1124 2246 1279 2279 erzahlt.
1299 2264 1343 2269 —
1377 2245 1586 2289 confestim,
1619 2256 1683 2279 so-

221 2289 317 2333 fort,
343 2290 479 2333 gehort
502 2300 548 2324 zu
573 2292 765 2324 certiorem
789 2291 879 2334 feci,
914 2291 977 2325 ich
1008 2291 1097 2327 liess
1129 2290 1194 2325 ihu
1223 2291 1375 2326 wissen.
1395 2310 1440 2317 --
1476 2302 1557 2325 cum
1587 2302 1681 2326 omn.

222 2346 321 2381 cop.,
356 2336 424 2370 mit
447 2336 543 2370 aller
568 2337 975 2380 Kriegsgerathschaft.

310 2382 344 2416 8.
378 2393 419 2415 eo
444 2383 581 2426 animo,
607 2383 645 2416 in
670 2384 738 2417 der
762 2383 934 2427 Absicht,
958 2393 1004 2416 eo
1025 2383 1198 2417 consilio.
1215 2401 1261 2408 —
1284 2384 1393 2428 utriq.
1411 2395 1516 2428 prov.
1543 2382 1680 2429 Syriae

222 2432 261 2461 et
295 2428 463 2463 Ciliciae.
485 2448 527 2454 —
565 2429 600 2462 si
623 2430 678 2463 ita
701 2433 807 2473 temp.
837 2430 885 2472 fi,
916 2440 1025 2463 wenn
1057 2440 1097 2464 es
1128 2429 1191 2464 die
1214 2430 1417 2464 Umstande
1448 2442 1491 2465 so
1522 2429 1678 2464 sordern

220 2474 448 2510 wiirden.-—
478 2478 552 2508 tum
575 2476 617 2509 id
641 2501 649 2509 .
667 2501 674 2509 .
690 2501 697 2509 .
726 2475 1026 2519 agerefierrezi,
1055 2485 1097 2509 so
1123 2476 1213 2510 eilte
1237 2476 1298 2510 ich
1322 2476 1414 2510 ietzt
1438 2476 1504 2510 das
1528 2476 1678 2512 Vorha-

219 2520 290 2554 ben
314 2521 384 2556 in's
408 2521 529 2556 Werk
561 2532 604 2555 zu
638 2527 777 2555 setzen.
796 2540 840 2546 —
875 2526 1074 2555 statueram
1098 2528 1134 2555 et
1159 2522 1431 2567 indicaveram,
1464 2522 1555 2557 oder
1579 2521 1676 2556 iudi-

219 2577 326 2611 cans,
357 2579 435 2603 was
467 2569 517 2602 im
548 2569 777 2613 pragnanten
807 2572 1006 2602 statueram
1037 2569 1227 2603 versteckt
1261 2569 1377 2613 liegt;
1422 2579 1457 2603 u.
1485 2568 1532 2602 ad
1559 2568 1673 2603 Attic.

216 2612 274 2656 X,
297 2615 331 2648 8.
369 2615 469 2649 Orat.
494 2614 556 2657 ΙΙ,
581 2615 625 2648 28
656 2615 754 2648 steht
784 2624 823 2647 es
854 2614 1093 2648 beisammen.
1115 2634 1158 2641 —-
1199 2615 1374 2650 nimirum
1398 2614 1474 2649 veh.
1500 2615 1674 2648 interesse

213 2663 286 2694 atr.
310 2671 435 2703 prov„
460 2661 547 2695 weil
564 2661 625 2694 ich
641 2671 680 2694 es
697 2661 754 2694 fiir
777 2659 886 2693 beide
900 2660 1112 2694 Provinzen
1139 2661 1271 2695 hochst
1295 2661 1539 2696 vortheilhaft
1565 2661 1669 2695 hielt.

214 2705 389 2741 W‘arum!
420 2718 448 2740 s.
476 2718 535 2753 ep.
556 2706 765 2749 CCXXVI,
785 2706 816 2740 2.
843 2707 1092 2750 comm,
1104 2709 1138 2742 3.
1154 2727 1199 2733 —
1226 2718 1364 2753 pacare
1387 2708 1495 2751 Am„
1521 2707 1670 2742 endlich
