1795 3043
513 59 824 108 EPISTOLA
860 61 1144 111 CCCXLIV.
1456 70 1555 119 433

270 175 587 225 EPISTOLA
621 170 903 221 CCCXLIV.
948 173 1030 236 (ad
1064 176 1155 222 Att.
1194 177 1271 223 IX.
1308 179 1377 239 3.)

195 251 280 287 scr.
312 251 473 288 Formiis
504 252 597 288 vn.
623 250 680 286 Id.
712 251 822 286 Mart.
864 252 910 283 A.
943 250 989 285 U.
1024 250 1064 285 c,
1098 252 1177 287 705.
1222 255 1271 295 (a.
1298 252 1339 288 c,
1362 253 1438 295 49.)

138 321 237 358 Quid
265 321 422 355 Domitii
456 320 557 354 filius
591 319 638 353 de
662 326 768 365 patre
792 317 1022 361 narraverit,
1059 320 1216 363 exponit
1240 331 1375 365 seque,
1413 320 1505 366 quid

307 367 500 402 Brundisii
525 373 676 411 agatur,
724 364 886 398 nondum
911 363 1009 398 scire
1033 365 1176 401 scribit.
1215 366 1333 402 1-2,

582 433 768 468 CICERO
798 432 990 467 ATTICO
1016 431 1056 467 S.

203 492 377 534 Domitii
406 492 518 535 {ilius
547 492 715 534 transiit
742 492 932 532 Formias
961 503 1059 531 vm.
1089 490 1149 531 Id.
1181 504 1356 535 currens
1385 494 1437 536 ad
1466 506 1547 537 ma·

90 550 198 589 trem
234 550 457 602 Neapolim
500 550 687 600 mihique
724 548 913 589 nuntiari
951 548 1073 587 iussit
1101 549 1264 600 patrem
1304 551 1357 591 ad
1403 551 1550 594 urbem

89 617 202 658 esse,
251 619 382 657 quum
417 607 468 647 de
505 618 554 646 eo
593 606 759 645 curiose
788 604 1023 657 quaesisset
1052 617 1194 646 servus
1222 609 1366 647 noster
1393 608 1550 663 Diony-

88 662 190 705 sius.
247 663 333 704 Nos
371 666 510 705 autem
550 662 813 703 audieramus
841 674 936 701 eum
965 663 1202 713 profectum
1229 663 1318 705 sive
1347 664 1399 705 ad
1429 666 1549 707 Pom-

88 720 234 771 peium
275 721 363 760 sive
400 721 445 760 in
483 719 745 771 Hispaniam.
802 718 851 759 Id
890 718 1123 758 cuiusmodi
1168 720 1245 772 sit,
1296 722 1406 762 scire
1447 735 1548 763 sane

89 776 230 817 velim.
288 776 395 816 Nam
425 776 476 816 ad
506 776 572 823 id,
615 776 726 827 quod
756 775 970 826 delibero,
1009 774 1217 828 pertinet,
1260 776 1296 816 si
1324 777 1400 818 ille
1430 781 1548 820 certe

87 844 293 883 nusquam
322 833 526 884 discessit,
555 833 793 885 intelligere
806 832 991 872 Gnaeum
1020 844 1104 872 non
1126 844 1216 873 esse
1245 833 1393 875 faciles
1423 836 1546 877 nobis

88 901 140 930 ex
158 889 280 930 Italia
310 890 471 941 exitus,
502 902 631 941 quum
660 902 710 929 ea
730 890 820 929 tota
848 887 975 929 armis
1003 889 1309 941 praesidiisque
1336 892 1545 945 teneatur,

86 945 225 986 hieme
253 947 518 998 praesertim.
577 945 708 993 Nam,
747 947 783 986 si
813 944 1071 986 commodius
1101 946 1200 986 anni
1228 949 1393 999 tempus
1423 951 1546 1002 esset,

86 1004 155 1044 vel
191 1002 330 1043 infero
360 1003 467 1043 mari
495 1003 647 1043 liceret
675 1002 753 1044 uti.
811 1002 934 1042 Nunc
962 1002 1074 1042 nihil
1101 1004 1241 1053 potest
1279 1003 1361 1043 nisi
1389 1017 1545 1056 supero

83 1059 287 1109 'tramitti3
341 1071 423 1111 quo
459 1059 543 1099 iter
585 1060 860 1099 interclusum
891 1060 965 1097 est.
1024 1059 1209 1106 Quaeres
1244 1058 1375 1112 igitur
1413 1064 1455 1101 et
1492 1061 1544 1102 de

10 1117 14 1151 ¹,-
85 1115 272 1169 Domitio
321 1118 364 1155 et
402 1115 454 1155 de
490 1116 686 1157 Lentulo.
754 1115 791 1155 A
828 1113 1052 1154 Brundisio
1094 1115 1214 1155 nulla
1253 1116 1392 1157 adhuc
1431 1119 1594 1162 famaz

83 1173 277 1214 venerat:
316 1174 357 1212 et
386 1173 478 1212 erat
506 1172 577 1212 hic
606 1172 695 1211 dies
722 1170 913 1220 v11.1d.;
945 1183 1029 1222 quo
1047 1171 1115 1211 die
1133 1171 1450 1224 suspicabamur
1471 1177 1545 1216 aut

11 1224 13 1274 Ξ
84 1229 222 1281 pridie
251 1228 524 1269 Brundisium
552 1229 717 1269 venisse
739 1227 972 1269 Caesarem.
1031 1227 1135 1268 Nam
1154 1228 1251 1270 Kal.
1281 1229 1410 1281 Arpis
1428 1243 1544 1272 man-

12 1279 13 1295 ³
85 1287 213 1327 serat.
271 1284 354 1325 Sed
394 1284 430 1324 si
458 1285 700 1324 Postumum
735 1283 883 1323 audire
916 1285 1071 1331 velles,
1115 1287 1413 1335 persecuturus
1451 1290 1542 1328 erat

13 1352 15 1379 ἱ
86 1342 281 1382 Gnaeum.
340 1341 556 1381 Transisse
587 1340 808 1381 enim-iam
837 1339 1017 1391 putabat
1047 1341 1290 1381 coniectura
1319 1344 1542 1394 tempesta-

14 1424 15 1429 =
85 1400 176 1438 tum
206 1410 255 1438 ac
277 1397 452 1437 dierum.
511 1397 601 1450 Ego
631 1398 779 1437 nautas
810 1408 904 1435 eum
933 1408 1018 1436 non
1046 1396 1248 1448 putabam
1278 1398 1538 1444 habiturum:

15 1446 17 1490 Ϊ
85 1455 161 1495 ille
190 1453 449 1506 confidebat,
498 1456 541 1493 et
569 1466 618 1494 eo
648 1453 800 1505 magis,
847 1453 959 1504 quod
987 1453 1134 1493 audita
1162 1455 1433 1497 naviculariis
1462 1458 1539 1498 ho-

16 1541 18 1562 }
83 1512 208 1553 minis
244 1511 478 1551 liberalitas
515 1512 637 1551 esset.
696 1509 779 1551 Sed
816 1510 905 1549 tota
941 1521 1008 1549 res
1037 1510 1291 1552 Brundisina
1327 1511 1413 1554 iam
1454 1527 1539 1567 quo

17 1572 18 1586 ³
83 1569 204 1610 modo
234 1566 390 1608 habeat
420 1579 484 1616 se,
525 1567 681 1607 diutius
709 1566 874 1606 nescire
902 1578 987 1607 non
1015 1577 1201 1618 possum.

172 1688 204 1720 1.
241 1687 401 1720 Domitii
422 1687 670 1721 Ahenobarbi.
704 1687 743 1722 S.
772 1698 830 1732 ep.
846 1688 1109 1733 CCCXXXV,
1134 1691 1167 1725 6.
1202 1691 1405 1737 CCCXLI,
1431 1696 1464 1730 2.
1492 1715 1536 1723 -

82 1732 231 1767 transiit
255 1733 444 1777 Formias,
489 1733 538 1767 ist
562 1734 679 1767 durch
703 1733 877 1786 Formiae
901 1735 1064 1777 gereis't.
1097 1754 1143 1761 —
1194 1736 1302 1772 VIII.
1329 1741 1385 1774 Id.
1411 1742 1536 1787 Mart„

20 1783 21 1792 ¹
81 1790 137 1814 am
160 1781 194 1813 8.
221 1780 338 1813 Marz.
364 1797 407 1804 -
448 1784 621 1822 matrem,
647 1780 798 1814 Catonis
824 1791 991 1814 sororem
1016 1781 1203 1816 Porciam.
1237 1783 1325 1819 Vid.
1343 1786 1534 1825 Plutarch.

21 1825 22 1831 ¹
81 1825 288 1860 MANUT.
326 1843 370 1849 —
418 1826 466 1858 ad
490 1825 633 1868 urbem,
681 1825 718 1859 in
753 1825 820 1859 der
844 1826 948 1859 Nahe
980 1838 1051 1861 von
1083 1827 1190 1863 Rom.
1223 1847 1269 1854 —
1321 1831 1536 1878 Dionysius,

21 1863 24 1900 ἐ
82 1881 213 1906 servus
245 1870 456 1908 Ciceronis,
497 1877 718 1914 anagnostes
752 1874 796 1915 (s.
827 1883 885 1916 ep.
909 1873 978 1907 655
1011 1884 1046 1907 u.
1081 1874 1199 1917 619.)‚
1241 1875 1304 1918 qui
1342 1878 1534 1915 Ciceronis

22 1907 24 1956 i
83 1916 344 1951 bibliothecam
376 1917 574 1959 tractabat3
629 1917 798 1951 diversus
834 1919 879 1951 ab
915 1919 983 1952 illo
1016 1920 1068 1954 M.
1095 1920 1305 1966 Pomponio
1330 1923 1518 1965 Dionysio

23 1992 26 2012 ι
81 1962 199 1998 Attici
223 1962 373 1996 liberto.
405 1962 495 1998 Vid.
525 1973 584 2007 ep.
603 1962 883 1997 CCCXXXIII.
916 1965 1115 2008 CCCLIII,
1139 1967 1173 2000 2.
1192 1985 1236 1992 -—
1276 1979 1364 2013 quo,
1391 1953 1534 2008 wfihjnf

28 2036 29 2039 ,
81 2025 126 2034 -—
162 2009 234 2042 iter
266 2009 500 2042 interclusum
531 2012 583 2041 est
613 2007 722 2051 mihi,
760 2009 830 2043 mir
862 2010 1141 2054 abgeschnitten
1175 2012 1235 2045 ist.
1268 2032 1313 2038 —
1363 2017 1532 2062 Quaeres,

25 2094 28 2098 ¹
82 2054 398 2098 erkundigeDich
413 2056 492 2088 also
517 2054 623 2088 nach.
649 2055 779 2089 Futur.
798 2055 930 2100 imper.
956 2057 1053 2091 loeo.
1079 2076 1124 2082 —
1155 2057 1309 2092 Lentulo
1323 2060 1530 2106 Spintheri,

170 2101 202 2134 2.
240 2104 274 2133 et
297 2112 343 2133 =
367 2107 404 2134 et
429 2108 560 2135 tamen.
585 2119 630 2125 —
682 2100 768 2134 VII.
789 2102 846 2135 Id.
873 2103 1004 2145 Mart„
1037 2102 1105 2136 der
1128 2104 1160 2137 9.
1174 2104 1292 2138 Miirz.
1319 2125 1363 2132 —
1400 2111 1531 2154 Arpis,

81 2146 186 2181 einer
210 2145 317 2181 stadt
349 2145 385 2179 in
411 2147 549 2191 Apulia
572 2145 740 2187 Daunia,
781 2146 843 2180 die
868 2158 947 2181 man
974 2148 1075 2181 nicht
1099 2148 1165 2181 mit
1187 2150 1372 2194 Arpinum
1396 2155 1431 2188 in
1458 2157 1531 2190 La-

80 2193 170 2227 tium
186 2192 454 2227 verwechsele.
480 2211 525 2217 --
556 2192 776 2226 Postumum.
804 2192 841 2226 S.
863 2205 920 2238 ep.
937 2194 1178 2237 CCCXLIV,
1203 2197 1236 2230 3.
1258 2215 1301 2222 —
1339 2200 1531 2236 Transisse

32 2247 33 2252 ¹
79 2249 192 2273 mare.
218 2258 262 2263 —
308 2249 379 2271 non
399 2239 592 2282 putabam,
621 2239 720 2280 quod
747 2245 873 2271 nautas
897 2240 1076 2273 abductos
1098 2240 1311 2286 aPompeio
1335 2248 1528 2291 putabam3

80 2290 118 2320 et
142 2295 228 2317 sane
245 2283 395 2318 Caesari
421 2284 588 2318 omnibus
613 2283 752 2318 coactis
778 2284 931 2318 navibus
957 2292 1189 2329 praesentem
1206 2288 1414 2325 facultatem
1431 2293 1530 2327 inse-

81 2329 221 2373 quendi
245 2329 302 2363 sui
326 2330 525 2374 Pompeius
550 2329 699 2363 ademit.
735 2329 826 2365 vid.
853 2331 957 2365 Caes.
984 2331 1030 2364 de
1046 2332 1091 2366 Β.
1107 2332 1146 2366 C.
1173 2334 1206 2375 1,
1231 2334 1287 2368 29.
1315 2336 1528 2374 CORRAD,

79 2394 125 2401 —
155 2375 372 2418 confidebat,
409 2376 597 2409 zweifelte
621 2376 722 2408 nicht
758 2376 884 2409 daran.
920 2395 963 2400 —
1010 2378 1136 2411 audita
1166 2381 1409 2415 naviculariis
1443 2390 1530 2419 statt

80 2433 102 2456 a
125 2421 365 2455 naviculariis
392 2447 399 2456 .
419 2447 426 2456 .
447 2447 454 2455 .
482 2425 590 2464 esset,
624 2421 712 2455 weil
737 2422 805 2455 der
829 2422 906 2455 Rus
926 2432 996 2456 von
1021 2424 1152 2458 Casars
1164 2425 1446 2471 Freigebigkeit
1471 2430 1529 2464 bis

35 2483 37 2485 ¹
80 2478 126 2502 zu
151 2467 221 2501 den
248 2465 508 2500 Schiffsleuten
540 2467 756 2510 gedrungen
793 2468 904 2501 ware.
948 2468 1075 2503 Dativ.
1103 2470 1234 2504 Graec.
1268 2490 1313 2497 -—
1357 2472 1528 2519 hominis,

80 2512 263 2549 Caesaris.
291 2530 333 2536 —-
380 2513 517 2546 nescire
540 2523 611 2545 non
632 2523 799 2557 possum,
832 2524 928 2548 muss
954 2514 1014 2548 ich
1038 2515 1122 2550 bald
1148 2516 1329 2553 ersahren.
1378 2519 1528 2556 Ramsh.

80 2559 108 2602 §.
130 2560 217 2601 173,
239 2560 271 2594 3.
321 2557 463 2593 Grotet.
487 2559 515 2602 ᾗ.
535 2561 614 2594 337.

868 2635 955 2642 .-,-.-.

35 2731 44 2870 ἱ
140 2776 208 2804 cxc.
232 2777 342 2805 Briese
364 2785 397 2804 v.
421 2775 559 2804 amerb.
582 2776 624 2804 11.
1174 2779 1230 2820 28

16 2871 45 3043 i
