1795 3043
262 75 367 126 5⁰8
518 70 583 118 M.
617 71 676 118 T.
713 67 1052 116 CICERONIS
1085 67 1454 116 EPISTOLAE.

264 185 416 226 stolam
444 183 497 224 ad
525 182 760 223 Vestorium
789 183 930 223 statim
959 180 1116 234 detuli,
1147 193 1197 222 ac
1221 180 1349 223 «valde
1377 179 1592 232 requirere
1606 181 1712 222 sole-

213 243 241 283 8
265 242 349 282 bat.
407 240 670 280 Commodius
696 241 835 280 tecum
849 240 1075 280 Vectienus
1103 240 1165 279 est
1194 239 1380 286 locutus,
1409 249 1537 289 quam
1569 237 1621 277 ad
1649 247 1713 278 me

264 299 505 349 scripserat.
565 296 647 337 Sed
664 296 811 336 mirari
834 297 936 337 satis
964 295 1145 336 hominis
1163 296 1460 348 negligentiam
1489 306 1572 335 non
1592 306 1713 345 queo.
1773 319 1775 332 .

265 356 402 402 Quum
441 353 554 394 enim
588 353 695 393 mihi
724 353 974 394 Philotimus
1005 353 1178 393 dixisset
1217 352 1298 403 [se]
1325 353 1401 393 HS
1426 365 1466 393 L.
1498 363 1634 391 emere
1663 350 1715 390 de

266 411 468 452 Canuleio
497 409 780 452 deversorium
809 410 917 451 illud
946 422 1089 462 posse,
1121 409 1293 450 minoris
1311 410 1439 449 etiam
1465 409 1713 460 empturum,

265 469 302 508 si
333 467 581 508 Vectienum
611 479 840 520 rogassem3
880 467 1047 520 rogavi,
1087 470 1153 519 ut,
1194 467 1229 507 si
1259 466 1359 517 quid
1388 467 1548 519 posset,
1586 476 1716 513 exea

265 537 426 565 summa
465 525 730 565 detraheret:
785 524 999 576 promisit:
1050 524 1102 564 ad
1130 536 1197 564 me
1225 535 1384 575 nuper,
1432 535 1477 562 se
1515 522 1589 562 HS
1616 534 1714 563 xxx.

266 583 433 622 emisse:
487 583 534 621 ut
575 581 829 628 scriberem,
877 581 947 621 cui
984 582 1135 622 vellem
1165 580 1323 621 addicit
1374 579 1485 619 diem
1512 578 1719 631 pecuniae

264 638 330 681 Id.
358 638 581 680 Novembr.
614 649 717 678 esse.
774 637 988 689 Rescripsi
1017 638 1057 680 ei
1085 637 1390 678 stomachosius
1417 649 1513 677 cum
1536 635 1628 676 ioco
1657 636 1716 674 ta-

265 708 361 737 men
391 694 603 736 familiari.
662 693 804 745 Nunc,
834 693 1031 746 quoniam
1048 695 1133 746 agit
1148 693 1405 741 liberaliter,
1437 692 1546 734 nihil
1563 702 1718 732 accuso

266 752 499 804 hominem,
526 750 764 803 scripsique
793 750 845 790 ad
870 763 965 791 eum
992 762 1058 790 me
1088 763 1112 791 a
1131 752 1173 790 te
1191 752 1418 792 certiorem
1437 761 1528 791 esse
1544 750 1716 790 factum.

263 875 361 909 haud
396 873 514 907 minus
546 883 679 907 severa
707 878 790 906 utar
824 870 1040 916 disciplina,
1084 871 1184 915 quod
1214 871 1309 906 infra
1333 883 1392 917 ep.
1413 873 1480 907 378
1511 871 1568 906 his
1591 868 1718 906 verbis

265 920 470 965 significat:
510 920 680 955 Quintum
704 919 821 962 filium
844 920 1004 951 severius
1027 917 1219 960 cohibeb03
1250 918 1440 952 Ernestius
1462 924 1603 952 autem:
1629 917 1718 950 nolo
1747 914 1749 918 ’

260 967 443 1003 molestus
469 976 551 1000 esse
575 964 720 1007 Attico,
757 971 796 998 ut
822 963 948 1001 Quinti
973 964 1131 1007 regendi
1156 974 1248 999 onus
1273 964 1308 998 ei
1334 964 1529 1008 imponam.
1577 963 1619 998 Si
1642 974 1721 996 mo-

265 1014 405 1048 destior
439 1013 566 1056 legas,
607 1021 737 1046 sensus
770 1010 835 1044 sit:
875 1010 1023 1054 „lenior
1054 1020 1127 1044 non
1159 1011 1258 1045 ero.’'
1304 1010 1394 1044 Nam
1428 1010 1618 1044 modestus
1649 1015 1719 1051 est,

265 1060 331 1104 qui
357 1059 504 1092 modum
529 1056 617 1091 facit
642 1056 833 1091 severitati
858 1064 894 1091 et
914 1056 1004 1091 irae.
1029 1075 1072 1081 -—
1104 1058 1151 1090 ad
1176 1057 1217 1091 C.
1235 1056 1455 1092 Vestorium
1474 1056 1722 1090 Puteolanum

264 1104 527 1149 argentarium.
561 1103 653 1139 Vid.
669 1114 727 1148 ep.
742 1103 842 1137 CIX.
869 1103 1103 1137 CXXXVII.
1131 1103 1301 1137 CXLIX.
1327 1102 1462 1138 CLVI.
1488 1101 1722 1144 CLXXXV,

264 1151 431 1188 CCLVI.
467 1170 513 1188 A—
558 1149 689 1192 detuli,
730 1148 791 1181 ich
824 1148 920 1182 habe
952 1148 1108 1192 bringen
1146 1149 1281 1182 lassen.
1337 1148 1399 1181 De
1433 1147 1587 1182 Graevii
1618 1158 1719 1192 susp.

266 1198 355 1233 Sch.
390 1198 484 1230 Liin.
525 1195 643 1229 decula·
679 1194 778 1228 Ball.
819 1194 949 1229 detulit
977 1195 1132 1227 Helmst.
1172 1196 1215 1228 de
1242 1195 1367 1227 Tullia
1401 1195 1494 1229 Cett.
1536 1205 1616 1228 cum
1641 1194 1721 1228 Md.

267 1251 308 1279 ut
341 1242 499 1277 videtur.
546 1240 727 1274 Defendit
759 1240 830 1273 hoc
854 1240 944 1272 Ern.
982 1240 1176 1273 ORELLI.
1209 1258 1251 1265 —-
1300 1252 1342 1273 ac
1366 1251 1397 1274 v.
1423 1243 1561 1284 requir.
1584 1240 1723 1275 solebat

265 1286 599 1382 i‘l‘lzaffitgpistolam
635 1286 671 1320 h.
706 1296 739 1320 e.
777 1295 979 1330 quaerere,
1028 1296 1074 1320 an
1098 1285 1259 1319 nondum
1293 1292 1392 1320 esset
1422 1286 1467 1320 ad
1502 1286 1720 1321 Ciceronem

357 1394 391 1427 3.
427 1390 681 1433 Commodius,
716 1389 943 1434 gesalliger,
980 1389 1196 1435 gelegener.
1244 1390 1425 1425 Nimirum
1458 1389 1661 1425 Vectienus
1691 1401 1721 1425 S.

267 1438 467 1475 Vettienus
492 1437 746 1472 deversorium
771 1437 865 1471 illud
899 1437 980 1480 (das
1004 1437 1351 1481 Absteigequartier
1384 1437 1420 1469 in
1454 1436 1574 1469 einem
1600 1435 1724 1470 stadt-

269 1486 363 1520 ehen
390 1484 576 1519 zwischen
602 1483 743 1517 zweien
768 1484 902 1518 weiter
925 1484 979 1517 als
1004 1482 1088 1517 eine
1114 1483 1317 1527 Tagereise
1345 1493 1417 1516 von
1444 1482 1622 1516 einander
1644 1489 1724 1517 ent-

268 1531 415 1568 fernten
439 1530 678 1573 Landgiitern
703 1530 769 1563 des
794 1529 942 1564 Cicero.
990 1529 1079 1574 Vgl.
1113 1541 1172 1574 ep.
1199 1530 1284 1563 124:
1327 1531 1397 1562 ista
1421 1528 1562 1573 quidem
1583 1540 1724 1563 summa

270 1589 339 1611 nae
363 1588 431 1620 ego
455 1577 568 1609 multo
594 1576 764 1609 libentius
796 1576 943 1608 emerim
973 1577 1219 1609 deversorium
1247 1576 1486 1618 Terracinae,
1520 1586 1563 1608 ne
1586 1586 1725 1620 semper

270 1624 406 1668 hospiti
428 1623 599 1656 molestus
621 1623 742 1664 sim.),
774 1632 848 1664 quo
871 1621 917 1654 de
941 1621 1084 1665 agitur,
1111 1622 1284 1656 Ciceroni
1311 1627 1449 1661 emerat
1472 1628 1515 1654 ac
1539 1621 1634 1655 diem
1659 1633 1727 1667 pe-

270 1670 401 1704 cuniae
435 1668 635 1703 solvendae
660 1668 714 1702 Id.
739 1668 947 1712 Novembr„
972 1667 1130 1701 dixerat.
1178 1667 1251 1701 Hic
1281 1666 1362 1701 dies
1387 1667 1560 1702 Ciceroni
1585 1667 1725 1702 incom-

269 1716 402 1751 modus
427 1721 517 1758 erat,
541 1719 672 1759 utpote
695 1713 733 1748 in
759 1714 828 1747 hac
852 1724 1080 1746 nummorum
1101 1713 1320 1747 difficultate
1344 1712 1452 1747 nimis
1476 1714 1724 1758 propinquus.

270 1763 361 1799 Cum
387 1761 511 1796 Attico
538 1760 672 1794 deinde
697 1759 751 1794 sic
776 1760 922 1794 locutus
943 1765 999 1792 est
1021 1759 1247 1801 Vectienus,
1285 1766 1323 1792 nt
1360 1760 1419 1794 vel
1445 1759 1589 1794 differri
1613 1771 1726 1805 posse

270 1809 377 1843 illum
402 1808 500 1842 diem
524 1807 687 1849 diceret,
720 1807 780 1840 vel
806 1817 846 1840 se
871 1805 1065 1851 pecuniam
1090 1817 1111 1839 a
1135 1805 1170 1839 d.
1198 1805 1250 1840 Id.
1277 1805 1370 1839 Nov.
1394 1805 1613 1840 'soluturum
1636 1818 1726 1852 pro-

269 1854 457 1895 mitteret,
491 1864 598 1896 quam
624 1852 757 1887 Cicero
783 1851 877 1896 sibi,
910 1852 974 1885 ubi
1000 1851 1229 1885 commodum
1255 1858 1370 1894 esset,
1403 1851 1591 1886 redderet.
1616 1853 1723 1888 SCH.

270 1920 316 1926 -—
351 1900 561 1942 Veceienus,
596 1898 735 1932 amicus
760 1897 975 1941 Ciceronis,
1007 1897 1207 1933 Monetalis
1232 1898 1461 1942 appellatus,
1493 1899 1726 1943 argentarius

270 1954 333 1981 aut
357 1946 545 1980 fenerator
570 1945 687 1979 fuisse
706 1944 867 1978 videtur.
904 1944 992 1980 Vid.
1019 1944 1064 1978 ad
1082 1944 1195 1978 Attic.
1221 1944 1271 1988 V,
1298 1946 1351 1980 ll.
1381 1944 1471 1987 XII,
1495 1946 1528 1979 3.
1558 1945 1651 1989 XV,
1668 1947 1724 1981 13.

271 2012 316 2020 --
351 1991 593 2034 Philotimus,
631 1990 824 2026 Ciceronis
859 1990 1029 2025 libertus.
1062 2009 1104 2016 —
1153 1991 1220 2034 [se]
1262 1989 1326 2025 Sic
1357 2001 1377 2024 e
1411 1990 1582 2035 vestigiis
1606 1991 1725 2027 Codd.
1760 2020 1765 2026 .

271 2040 376 2074 Infra
395 2050 452 2081 se,
477 2037 576 2082 quod
601 2047 718 2080 aeque
742 2037 847 2071 abest
872 2048 892 2070 a
915 2037 993 2071 Md.
1020 2041 1057 2070 et
1079 2036 1181 2072 Vict.
1196 2037 1255 2079 2.‚
1279 2037 1374 2071 Cett.
1393 2037 1569 2071 tolerant:
1603 2049 1727 2082 neque

271 2086 409 2130 video,
448 2095 541 2127 quae
573 2083 608 2117 h.
633 2084 657 2118 l.
692 2083 781 2118 insit
806 2084 992 2126 elegantia
1026 2083 1065 2116 in
1090 2083 1227 2117 omisso
1251 2083 1490 2127 pronomine,
1529 2084 1630 2128 quod
1665 2095 1725 2119 re-

271 2130 374 2177 quiri
406 2130 554 2165 videtur
585 2140 607 2162 a
634 2129 807 2174 praeced.
832 2129 933 2163 mihi.
972 2129 1048 2163 OR.
1081 2147 1124 2155 —
1170 2128 1245 2162 HS.
1270 2129 1313 2162 L.
1346 2140 1391 2162 Ξ
1421 2130 1525 2172 5‚000
1547 2131 1650 2165 Flor.
1682 2149 1726 2155 -

272 2177 432 2212 hominis
456 2177 480 2210 i.
507 2187 541 2210 e.
567 2175 743 2211 Vectieni
769 2175 1051 2220 negligentiam,
1091 2175 1156 2218 qui
1187 2180 1257 2208 tam
1289 2174 1522 2218 negligenter
1551 2187 1631 2210 cum
1656 2177 1727 2211 Ca-

273 2223 402 2259 nuleio
427 2222 474 2256 de
497 2222 559 2256 die
584 2221 785 2256 solutionis
811 2221 961 2266 egisset.
1008 2221 1235 2265 Longiorem
1268 2220 1363 2254 enim
1396 2221 1527 2256 fuisset
1551 2222 1726 2267 impetra-

274 2276 408 2313 turus,
442 2267 474 2303 si
499 2268 762 2302 contendisset.
787 2268 995 2302 MANUT.
1026 2286 1071 2292 —
1119 2267 1313 2309 Canuleio,
1346 2278 1453 2310 quem
1478 2267 1627 2302 aliunde
1652 2280 1726 2303 non

274 2315 457 2351 novimus.
499 2315 543 2348 In
567 2314 674 2349 Brut.
698 2325 729 2349 c.
742 2315 786 2349 92
812 2315 863 2349 M.
889 2313 1090 2349 Canuleius
1114 2320 1348 2348 memoratur.
1373 2332 1418 2338 --
1465 2315 1514 2348 ad
1536 2326 1591 2348 me
1614 2326 1727 2359 nuper

276 2361 449 2408 scripsit,
474 2359 594 2403 misit,
619 2371 657 2394 se
680 2361 768 2402 (om.
792 2361 869 2394 Md.
887 2360 989 2396 Vict.
1009 2362 1041 2394 1.
1061 2360 1122 2402 2.).
1149 2378 1192 2384 —-
1225 2360 1301 2394 HS.
1326 2359 1500 2394 XXX:
1521 2362 1626 2404 3,000
1647 2362 1725 2396 Flr.

275 2419 323 2436 —‘
364 2412 403 2442 ut
433 2407 638 2441 scriberem.
687 2406 833 2441 delend.
870 2411 909 2440 ut
939 2406 1112 2441 censebat
1144 2406 1235 2439 Ern.
1285 2404 1508 2450 Quamquam
1543 2406 1630 2442 item
1671 2412 1728 2442 est

273 2454 390 2497 alibi,
430 2465 464 2488 v.
491 2464 521 2487 e.
547 2452 618 2496 Ep.
647 2452 710 2486 15:
744 2453 960 2497 adscripsit,
998 2456 1036 2485 ut
1063 2452 1183 2485 Gallio
1210 2478 1217 2485 .
1241 2478 1248 2486 .
1276 2453 1411 2486 darem.
1453 2453 1648 2488 ORELLI.
1683 2472 1728 2479 -

275 2501 339 2536 mi
361 2500 489 2533 vellem
512 2499 655 2542 addici,
679 2499 788 2532 Wem
814 2509 853 2532 es
879 2499 989 2533 sollte
1013 2498 1227 2542 iibergeben
1254 2498 1417 2533 werden.
1441 2517 1486 2524 —
1521 2500 1616 2533 diem
1634 2510 1725 2544 pec„

277 2547 347 2581 der
372 2546 622 2589 Zahlungstag
645 2544 699 2579 sei
723 2544 791 2578 der
815 2547 869 2580 13.
890 2544 1112 2579 November.
1138 2563 1182 2569 --
1222 2545 1497 2587 stomachantis,
1521 2545 1580 2579 ein
1604 2546 1728 2589 wenig
1772 2546 1773 2550 ’

277 2592 459 2638 ageruch.
503 2591 567 2626 Sic
591 2592 690 2626 Man.
719 2591 848 2624 Lamb.
883 2591 983 2627 Vict.
1007 2591 1039 2624 2.
1066 2590 1179 2634 Seqq.
1227 2591 1277 2624 Et
1308 2591 1362 2625 sic
1396 2597 1452 2625 est
1476 2592 1546 2635 Ep.
1562 2593 1603 2625 ll
1630 2593 1726 2634 (377)
1772 2595 1773 2605 ³

279 2637 594 2683 θυμικώτερον
620 2648 719 2671 eram
741 2637 892 2671 locutus.
934 2637 1004 2680 Ep.
1025 2638 1086 2671 16:
1124 2637 1288 2681 asperius
1312 2638 1360 2671 ad
1383 2641 1416 2670 te
1440 2638 1482 2671 de
1507 2649 1546 2670 eo
1569 2638 1727 2671 scribere

278 2685 448 2720 colebam.
498 2685 546 2718 Et
568 2683 788 2718 stomachose
813 2683 986 2717 Ciceroni
1012 2683 1142 2717 tribuit
1166 2683 1306 2718 Charis.
1343 2695 1379 2728 p.
1398 2684 1472 2719 193.
1500 2684 1542 2718 Ρ.
1580 2685 1652 2717 OR..
1683 2703 1729 2709 —-

281 2742 363 2767 σωκ
391 2730 469 2765 ioco
503 2735 528 2764 t.
563 2731 670 2774 fam„
709 2729 804 2764 doch
834 2728 873 2763 in
908 2729 989 2764 dem
1024 2730 1154 2773 Tone,
1195 2730 1313 2765 worin
1345 2737 1432 2773 gute
1462 2730 1632 2765 Freunde
1664 2730 1726 2764 mit
