1795 3043
263 89 362 137 438
513 82 578 129 Μ.
613 82 671 128 Τ.
710 80 1051 128 CICERONIS
1085 81 1455 130 EPISTOLAE.

266 196 365 249 quid
412 195 554 237 actum
599 192 656 234 sit
696 191 926 236 Brundisii.
990 193 1057 234 Ex
1095 205 1145 234 eo
1182 194 1361 235 fortasse
1403 205 1497 234 mea
1541 195 1716 238 consilia
1776 179 1778 195 ³

266 253 491 296 nascentur
523 249 717 303 aliaeque
745 250 906 293 literae.

420 409 734 457 EPISTOLA
771 409 1075 456 CCCXLVII.
1121 409 1204 468 (ad
1238 410 1328 456 Att.
1367 409 1446 455 lx.
1483 411 1552 469 6.)

403 486 486 523 Ser.
518 486 682 523 Formiis
713 486 783 524 lv.
808 485 866 521 Id.
895 487 1006 522 Mart.
1038 487 1086 521 A.
1113 485 1156 520 U.
1183 485 1224 520 c,
1247 487 1326 521 705.
1369 488 1417 529 (a.
1443 485 1484 521 c.
1509 486 1583 529 49.)

267 553 367 592 Quid
400 555 540 591 Balbus
570 553 689 590 Roma
720 553 933 597 scripserit,
966 558 1103 589 narrat.
1158 553 1209 589 Se
1239 554 1422 599 Arpinum
1453 552 1550 588 haud
1584 553 1720 588 iturum

266 601 465 646 significat.
498 604 532 636 1.
581 601 671 643 quid
702 599 749 633 de
785 600 955 633 Domitio
987 599 1171 642 audierit,
1212 601 1338 635 refert.
1372 601 1405 634 2.
1453 606 1509 643 et,
1541 610 1651 644 quum
1682 600 1719 634 in

266 647 389 684 literis
413 649 539 693 Capua
568 646 692 680 allatis
727 646 934 679 nuntiatum
964 652 1086 689 esset,
1125 647 1218 680 falso
1250 652 1368 680 tamen
1401 656 1572 689 rumore,
1609 647 1721 680 Pom-

265 694 390 740 peium
423 694 495 729 iam
526 704 627 727 mare
660 691 858 735 transisse,
907 702 948 725 se
985 691 1093 725 valde
1127 692 1200 726 sibi
1230 692 1458 737 displicere,
1501 692 1601 735 quod
1637 703 1719 726 eum

394 751 469 775 nou
493 745 641 776 secutus
666 738 736 781 sit,
770 737 823 772 ait
846 737 1004 780 eiusque
1029 737 1172 772 doloris
1196 738 1370 773 solatium
1393 739 1439 772 ab
1463 737 1590 773 Attico

865 783 971 829 petit.
1003 785 1120 819 3—7.

751 851 939 886 CICERO
970 851 1161 887 ATTICO
1198 851 1238 887 S.

378 911 465 954 Nos
493 910 633 951 adhuc
662 909 887 951 Brundisio
917 909 1042 952 nihil.
1100 909 1234 952 Roma
1262 911 1433 963 scripsit
1449 910 1620 962 Balbus,
1649 923 1724 963 pu-

266 972 359 1010 tare
396 968 483 1009 iam
510 967 735 1008 Lentulum
775 969 992 1009 consulem
1020 967 1249 1009 tramisisse
1278 980 1357 1009 nec
1388 981 1481 1008 eum
1508 981 1535 1008 a
1561 968 1725 1008 minore

266 1025 399 1066 Balbo
430 1026 703 1073 conventum,
743 1024 854 1076 quod
882 1024 919 1065 is
949 1026 1032 1065 hoc
1060 1025 1145 1065 iam
1177 1025 1345 1066 Canusii
1375 1024 1580 1065 audisset:
1627 1023 1725 1064 inde
1775 1041 1776 1044 ¹

266 1082 321 1123 ad
350 1094 393 1121 se
423 1094 517 1121 eum
546 1081 784 1132 scripsisse:
823 1082 1101 1132 cohortesque
1130 1094 1226 1130 sex,
1257 1094 1364 1133 quae
1381 1081 1514 1122 Albae
1534 1081 1726 1132 fuissent,

266 1138 320 1179 ad
359 1139 532 1179 Curium
577 1137 681 1189 [via]
722 1138 913 1179 Minucia
961 1138 1186 1186 transisse3
1242 1139 1286 1178 id
1327 1138 1544 1179 Caesarem
1592 1137 1643 1179 ad
1681 1149 1725 1177 se

267 1195 483 1248 scripsisse
521 1196 563 1235 et
592 1194 712 1234 brevi
741 1196 933 1245 tempore
971 1207 1067 1235 eum
1097 1194 1149 1234 ad
1178 1194 1327 1235 urbem
1356 1196 1555 1235 futurum.
1612 1195 1726 1246 Ergo

269 1254 364 1292 utar
393 1254 464 1291 tuo
496 1251 701 1299 consili03
738 1263 876 1302 neque
905 1263 973 1290 me
1000 1251 1206 1302 Arpinum
1236 1253 1318 1292 hoc
1335 1256 1523 1303 tempore
1553 1250 1726 1300 abdam3

269 1308 369 1356 etsi,
409 1307 605 1348 Ciceroni
634 1318 728 1347 meo
757 1309 895 1360 togam
924 1319 1074 1358 puram
1106 1320 1235 1358 quum
1264 1308 1364 1348 dare
1382 1308 1534 1359 Arpini
1559 1308 1726 1358 vellem,

269 1365 378 1406 hanc
408 1377 522 1406 eram
547 1364 684 1417 ipsam
707 1365 1020 1405 excusationem
1043 1364 1269 1404 relicturus
1288 1364 1340 1405 ad
1361 1365 1596 1406 Caesarem.
1645 1365 1725 1405 Sed

270 1487 409 1522 wollen
434 1492 511 1521 erst
534 1485 736 1520 abwarten.
756 1504 800 1510 —
831 1496 912 1519 mea
935 1485 1111 1528 consilia,
1138 1484 1197 1519 ein
1215 1484 1435 1520 Entschluss
1460 1484 1603 1520 meiner
1617 1485 1727 1521 Seits.

269 1533 335 1569 Sic
359 1532 437 1567 Md.
464 1543 486 1566 a
503 1543 576 1566 sec.
597 1542 644 1566 m.
677 1531 775 1566 Edd.
802 1542 904 1565 meae
922 1542 1060 1567 omnes.
1087 1542 1130 1565 ea
1154 1531 1231 1566 Md.
1259 1542 1280 1565 a
1296 1542 1351 1576 pr.
1366 1543 1412 1566 m.
1440 1532 1529 1567 Cod.
1548 1533 1727 1566 Tornaes.

272 1579 367 1614 cdd.
392 1578 510 1613 Bosii.
547 1579 656 1621 (nova
679 1578 740 1611 vel
765 1578 845 1612 alia
867 1578 994 1612 Lamb.
1022 1583 1059 1611 et
1083 1577 1173 1613 Ern.
1192 1588 1291 1622 susp.
1324 1582 1423 1612 certa
1448 1578 1582 1613 Graev.
1609 1581 1728 1623 susp.)
1765 1596 1767 1599 ·

273 1625 470 1660 ORELLI.
504 1642 550 1650 ·--
603 1624 766 1668 aliaeque
804 1624 951 1666 literae,
998 1623 1074 1658 und
1118 1623 1346 1667 wenigsteus
1382 1623 1484 1659 Stoff
1517 1635 1562 1659 zu
1608 1624 1728 1659 einem

274 1681 397 1708 neuen
420 1670 565 1705 Briefe.

363 1719 397 1752 1.
429 1715 634 1753 Brundisio
653 1715 748 1749 nihil
764 1714 984 1759 accepimus.
999 1732 1042 1738 -
1069 1718 1210 1758 putare.
1236 1716 1350 1750 Forte
1362 1716 1502 1759 putari.
1532 1716 1727 1751 ORELLI.

272 1763 414 1798 Balbus
447 1762 579 1798 maior.
626 1761 666 1797 S.
700 1772 747 1795 zu
779 1761 1130 1806 ep.CCCXXXIX
1160 1761 1306 1805 Anlage
1339 1763 1383 1795 A.
1418 1782 1458 1786 —
1519 1766 1730 1796 conventum

272 1809 444 1844 Caesaris
473 1807 623 1843 nomine
654 1813 854 1852 rogaturo,
886 1812 925 1840 ut
950 1805 987 1840 in
1012 1806 1121 1841 Italia
1146 1812 1323 1841 maneret.
1353 1807 1560 1843 MANUT.
1601 1808 1640 1843 S.
1669 1819 1728 1852 ep.

272 1855 354 1890 332.
380 1874 424 1881 ——-
471 1855 565 1899 quod
588 1854 641 1894 is,
674 1854 815 1888 Balbus
838 1852 981 1895 minor,
1025 1852 1088 1896 qui
1119 1853 1164 1886 ad
1187 1853 1343 1888 Balbum
1369 1853 1544 1888 maiorem
1569 1854 1730 1888 Canusio

275 1901 315 1936 id
339 1900 501 1946 scripsit.
528 1918 570 1924 -
609 1899 746 1938 Albae,
773 1899 878 1933 einer
902 1909 946 1932 an
973 1898 1040 1932 der
1063 1898 1264 1933 Nordseite
1290 1899 1355 1933 des
1374 1899 1620 1934 Fuciniscben
1639 1900 1730 1935 Sees

275 1947 484 1992 gelegenen
498 1945 606 1980 Stadt
629 1945 697 1979 der
722 1946 867 1980 Marser
892 1944 1132 1988 (inAbruzzo
1152 1946 1275 1987 ultra).
1317 1946 1397 1980 Der
1419 1947 1553 1980 Priitor
1566 1947 1610 1981 L.
1625 1947 1731 1980 Man-

275 1993 371 2033 lius,
403 1993 463 2027 ein
487 1991 762 2036 Pompeianer,
801 1991 870 2024 der
900 1990 1029 2024 diesen
1054 1992 1195 2026 Posten
1232 1991 1296 2025 mit
1321 1993 1426 2025 seclis
1452 1993 1640 2027 Cohorten
1666 1993 1732 2026 be-
1772 2007 1773 2011 ¹

277 2044 374 2074 setzt
397 2038 509 2082 hielt,
533 2038 665 2072 wollte
689 2038 781 2072 nach
806 2037 876 2071 den
904 2037 1193 2081 ungliicklichen
1207 2037 1448 2081 Ereignissen
1469 2049 1513 2072 zu
1528 2038 1730 2073 Corfinium

278 2085 381 2127 sich,
407 2085 481 2120 wie
506 2095 547 2119 es
572 2083 736 2127 scheint‚
761 2094 845 2118 zum
868 2083 1071 2128 Pompeius
1096 2083 1389 2127 zuriickziehen‚
1416 2084 1470 2118 als
1496 2095 1536 2118 er
1561 2084 1626 2118 dus
1651 2084 1730 2119 bier

276 2132 467 2166 erwahnte
497 2130 673 2174 Ungliick
708 2130 820 2163 hatte.
858 2129 1009 2164 WIEL.
1050 2148 1095 2154 —-
1149 2129 1189 2165 S.
1222 2140 1279 2174 ep.
1302 2131 1390 2171 336,
1436 2130 1583 2173 Anlage
1614 2130 1663 2172 C,
1696 2132 1729 2165 l.

279 2176 353 2211 und
378 2178 433 2221 A,
468 2179 499 2210 l.
525 2194 569 2202 -
617 2177 709 2220 [via]
734 2175 924 2219 Minucia,
958 2175 1019 2209 die
1045 2176 1137 2210 iiber
1161 2174 1347 2211 Samnium
1372 2176 1465 2209 nach
1488 2176 1730 2210 Brundisium

279 2223 414 2260 siibrte.
450 2221 567 2257 Ornis.
592 2224 655 2256 via
677 2222 757 2257 Md.
784 2233 806 2256 a
828 2233 883 2267 pr.
909 2233 955 2256 m.
980 2220 1081 2258 Vict.
1100 2223 1131 2256 1.
1147 2222 1181 2256 2.
1207 2222 1346 2256 Manut.
1371 2221 1499 2256 Lamb.
1535 2222 1731 2257 Habebam

279 2268 374 2303 Cdd.
403 2267 523 2303 Bosii.
564 2268 647 2311 Ego
679 2270 692 2313 [
718 2270 742 2312 ].
788 2268 827 2302 in
860 2267 922 2301 via
953 2267 1032 2302 Md.
1067 2278 1090 2301 a
1112 2278 1186 2302 sec.
1213 2278 1260 2300 m.
1296 2268 1417 2302 oxon.
1444 2269 1478 2303 1.
1503 2267 1535 2302 2.
1578 2269 1665 2305 Asc.
1698 2271 1731 2303 1.

280 2315 382 2350 Crat.
419 2314 493 2348 ΟΒ.
541 2313 667 2348 Ueber
700 2314 871 2349 Minucia
912 2323 943 2348 s.
977 2314 1122 2348 Gesner
1158 2313 1203 2347 ad
1237 2313 1367 2347 Horat.
1398 2315 1465 2359 Ep.
1500 2315 1540 2357 l,
1578 2315 1641 2358 18,
1674 2315 1730 2350 20.

282 2361 396 2396 Gasar
427 2360 474 2393 de
497 2358 543 2395 B.
571 2359 652 2393 Civ.
680 2362 719 2403 1,
744 2361 788 2394 24
828 2365 942 2394 nennt
977 2359 1086 2394 einen
1116 2359 1249 2393 Rivius
1275 2360 1428 2403 Curius,
1468 2361 1612 2395 erzahlt
1641 2361 1732 2395 aber

280 2407 383 2442 diess
415 2404 612 2484 Er52iguiss
644 2411 760 2440 etwas
795 2406 940 2440 anders.
972 2424 1011 2431 —
1067 2405 1186 2448 Ergo.
1234 2404 1299 2440 Sic
1331 2406 1410 2440 Md.
1446 2407 1533 2441 Asc.
1565 2409 1599 2441 1.
1633 2407 1730 2443 Crat.
1769 2422 1771 2425 ’

282 2453 383 2489 Vict.
419 2453 450 2486 1.
507 2475 516 2485 .
562 2451 687 2486 Lamb.
722 2451 818 2487 coni.
864 2452 966 2486 Infra
993 2450 1065 2496 Ep.
1093 2453 1125 2485 7.
1174 2452 1300 2495 ltaque
1337 2456 1423 2486 utar
1462 2456 1523 2486 tuo
1564 2452 1729 2487 consilio.

284 2499 423 2534 Contra
447 2508 516 2540 ego
539 2498 639 2532 Man.
663 2497 754 2532 Bos.
779 2498 912 2532 GraeV.
943 2497 1033 2531 Ern.
1058 2496 1145 2533 Sch.
1170 2497 1264 2532 Liin.
1293 2498 1366 2535 ΟΒ.
1400 2516 1445 2523 -
1491 2499 1640 2542 abdam,
1672 2498 1731 2534 ich

282 2545 411 2580 werde
434 2543 532 2577 mich
555 2544 658 2578 nicht
681 2544 773 2576 nach
798 2544 980 2588 Arpinum
1006 2542 1292 2579 zuruckziehen.
1327 2564 1370 2570 —
1418 2544 1483 2579 hoc
1505 2548 1633 2589 temp.,
1670 2545 1730 2579 bei

283 2602 325 2625 so
351 2589 573 2625 bewandten
590 2589 826 2624 Umstiinden.
851 2607 895 2614 —-
941 2589 1033 2623 hanc
1136 2599 1253 2624 excas.
1278 2602 1309 2625 r.
1336 2591 1384 2625 ad
1406 2591 1530 2633 Caes„
1555 2590 1732 2634 obgleich

285 2637 345 2671 ich
370 2636 472 2671 diese
497 2635 716 2670 caremonie
739 2646 785 2669 zu
810 2634 950 2668 meiner
973 2635 1298 2681 Entschuldigung
1321 2636 1419 2671 beim
1439 2637 1552 2672 casar
1574 2636 1731 2671 zuriick-

284 2683 455 2716 zulassen
488 2682 681 2726 gedachte.
735 2681 789 2715 Er
831 2681 961 2715 wollte
997 2680 1077 2714 sich
1108 2681 1268 2715 namlich
1299 2682 1414 2717 damit
1444 2693 1573 2726 wegen
1607 2682 1730 2717 seiner

285 2727 550 2762 Abwesenbeit
582 2727 680 2763 beim
716 2727 828 2763 casar
862 2726 1147 2771 entschuldigen
1184 2728 1330 2773 lassen,
1378 2727 1443 2764 mit
1479 2728 1656 2764 welchem
1690 2739 1730 2763 er
