1795 3043
221 32 322 82 168
480 29 545 78 Μ.
580 31 635 78 Τ.
672 30 1011 82 CICERONIS
1045 32 1413 84 EPISTOLAE.

222 152 306 192 que
348 141 615 196 cognossem?
660 143 756 186 Non
794 147 1006 200 poteram,
1047 149 1197 200 credo,
1239 150 1335 190 ante
1373 149 1579 201 hiemem3
1618 148 1680 191 sic

222 198 336 238 enim
365 200 524 252 scribis.
573 201 700 249 Quasi
728 216 829 244 vero
849 204 900 244 ad
922 206 1257 257 cognoscendum
1279 219 1355 259 ego
1379 205 1430 247 ad
1452 206 1563 255 illos,
1594 219 1680 247 non

221 254 291 295 illi
330 255 382 295 ad
420 269 486 297 me
523 259 668 300 venire
704 260 938 302 debuerint.
999 263 1101 303 Tam
1138 264 1290 317 longe?
1331 263 1483 314 inquis.
1541 263 1681 312 Quid?

223 324 353 362 quum
383 312 512 354 dabas
539 315 593 355 iis
630 316 799 366 literas,
840 331 918 371 per
957 331 1061 369 quas
1101 332 1267 360 mecum
1305 319 1480 372 agebas,
1519 332 1573 360 ne
1610 332 1682 361 eos

220 368 493 422 impedirem,
533 384 615 423 quo
652 374 787 414 minus
827 377 923 415 ante
952 376 1132 417 hiemem
1160 376 1455 425 aedificarent,
1493 390 1578 417 non
1609 389 1680 417 eos

223 425 276 465 ad
298 438 364 466 me
381 430 580 469 venturos
608 429 905 474 arbitrabare?
945 433 1130 474 Tametsi
1157 434 1199 473 id
1221 434 1389 485 quidem
1412 434 1605 474 feceruut
1626 433 1682 474 ri·-

222 482 388 533 dicule3
427 497 529 536 quas
559 487 671 527 enim
699 489 846 529 literas
873 487 1120 538 afferebant,
1152 493 1198 531 ut
1220 504 1323 543 opus
1353 492 1509 531 aestate
1537 492 1681 530 facere

222 542 416 592 possent,
450 554 520 583 eas
548 544 652 585 mihi
682 547 776 598 post
806 545 999 586 brumam
1029 547 1313 591 reddiderunt.
1385 547 1467 588 Sed
1497 547 1600 588 scito
1638 548 1682 587 et

223 597 357 637 multo
388 599 530 650 plures
561 614 662 649 esse,
693 602 767 653 qui
797 602 848 643 de
878 603 1049 643 tributis
1077 606 1285 656 recusent,
1316 617 1442 656 quam
1469 605 1542 656 qui
1569 603 1681 656 exigi

223 653 383 705 velint,
423 657 464 695 et
493 671 558 698 me
587 659 748 710 tamen,
779 659 891 711 quod
920 662 962 699 te
991 661 1103 700 velle
1131 662 1384 714 existimem,
1426 674 1516 702 esse
1544 662 1680 701 factu-

172 713 201 753 4
223 722 333 753 rum.
387 712 450 752 Dc
479 715 682 766 Appianis
711 716 930 758 hactenus.
988 716 1026 757 A
1056 717 1284 766 Pausania,
1314 719 1484 759 Lentuli
1513 718 1682 767 liberto,

223 779 402 808 accenso
432 782 546 820 meo,
579 772 745 822 audivi,
778 785 906 825 quum
927 772 1104 821 diceret,
1136 776 1177 815 tc
1200 788 1341 815 secum
1359 788 1449 816 esse
1470 776 1680 828 questum,

223 825 336 876 quod
366 826 444 865 tibi
475 828 640 869 obviam
664 842 746 869 non
768 830 1010 882 prodissem.
1056 831 1233 871 Scilicet
1255 834 1486 885 contempsi
1508 835 1568 872 te:
1600 843 1681 873 nec

222 883 363 934 potest
402 882 495 924 fieri
532 897 597 925 mc
637 887 865 938 quidquam
908 887 1148 939 superbius!
1205 889 1338 936 Quum
1367 902 1473 941 puer
1501 891 1598 930 tuus
1628 887 1682 929 ad

222 950 289 980 me
318 940 502 981 secunda
528 943 618 983 fere
646 944 793 996 vigilia
811 944 994 985 venisset
1012 944 1131 995 isque
1152 946 1194 985 te
1216 947 1312 986 ante
1332 947 1472 986 lucem
1490 946 1681 987 Iconium

221 996 329 1037 mihi
363 999 585 1039 venturum
623 1001 879 1050 nuntiasset,
920 1001 1234 1052 incertumque,
1274 1004 1372 1043 utra
1411 1003 1502 1051 via,
1551 1014 1680 1054 quum

222 1055 362 1093 essent
391 1054 518 1097 duae:
551 1058 686 1098 altera
702 1058 945 1107 Varronem,
975 1060 1095 1098 tuum
1125 1059 1515 1108 familiarissimum,
1545 1060 1681 1100 altera

221 1109 271 1157 Q.
294 1110 491 1162 Leptam,
531 1116 793 1166 praefectum
832 1114 998 1155 fabrum
1036 1128 1197 1163 meum,
1238 1116 1318 1156 tibi
1361 1117 1526 1157 obviam
1566 1116 1680 1156 misi.

216 1166 419 1209 Mandavi
447 1171 616 1221 utrique
646 1184 804 1224 eorum,
832 1174 880 1212 ut
909 1174 1006 1211 ante
1036 1172 1089 1212 ad
1116 1184 1182 1212 me
1209 1175 1498 1220 excurrerent,
1528 1174 1576 1212 ut
1599 1173 1680 1213 tibi

219 1223 389 1265 obviam
417 1227 587 1278 prodire
617 1240 794 1279 possem.
850 1229 1033 1268 Currens
1056 1229 1188 1281 Lepta
1217 1230 1332 1270 venit
1360 1230 1547 1281 mihique
1574 1242 1681 1269 nun-

218 1280 343 1321 tiavit
370 1284 412 1322 te
441 1283 526 1323 iam
556 1287 694 1325 castra
716 1287 1075 1339 praetergressum
1094 1297 1198 1327 esse.
1239 1286 1467 1326 Confestim
1489 1286 1681 1327 Iconium

216 1413 311 1448 zen,
349 1416 424 1440 was
454 1408 620 1442 nachher
652 1408 760 1443 dabei
795 1410 903 1444 steht.
926 1427 971 1435 -·
1014 1413 1182 1454 poteram
1221 1408 1301 1444 scil.
1340 1419 1419 1442 rem
1459 1419 1680 1452 causamque

215 1460 462 1495 cognoscere.
484 1473 525 1480 —
565 1455 655 1488 Tam
680 1456 816 1498 longe?
848 1467 889 1490 so
923 1456 1013 1491 weit
1037 1456 1184 1490 hert-
1224 1455 1294 1498 iis,
1320 1454 1398 1489 Md.
1426 1454 1529 1491 Vict.
1548 1455 1580 1488 2.
1607 1454 1679 1489 his.

214 1515 263 1524 --
293 1508 382 1532 mec.
409 1500 566 1543 agebas,
592 1502 656 1534 Du
680 1502 752 1535 mir
776 1502 978 1535 ansinnest.
998 1519 1041 1526 -—
1065 1505 1174 1543 vent„
1200 1501 1362 1535 n'amlich
1387 1500 1678 1545 personlich.

216 1560 263 1568 —
299 1544 526 1580 Tametsi:
550 1547 725 1591 sreilich,
760 1547 1000 1592 gleichwohl.
1027 1565 1071 1573 -
1113 1547 1292 1592 ridicule,
1329 1546 1467 1582 iedoch
1499 1548 1565 1582 auf
1586 1547 1681 1581 ‘eine

212 1587 447 1625 lacherliche
472 1593 551 1628 Art.

307 1637 342 1671 4.
373 1636 532 1675 Lentuli.
580 1639 722 1674 Dieser
749 1639 795 1675 P.
823 1639 1021 1674 Cornelius
1051 1638 1233 1674 Lentulus
1265 1637 1445 1684 Spinther
1469 1638 1538 1673 der
1559 1639 1683 1675 vater

215 1690 295 1717 war
319 1683 406 1728 698,
433 1686 519 1727 699,
547 1687 612 1721 700
637 1686 848 1721 Proconsul
881 1697 955 1721 von
985 1685 1170 1729 Cilicien,
1207 1685 1286 1719 also
1319 1685 1385 1719 des
1410 1686 1555 1729 Appius
1580 1686 1682 1721 Vor-

215 1729 358 1772 ganger
383 1730 549 1765 daselbst
572 1743 760 1776 gewesen.
810 1733 847 1767 S.
879 1732 927 1766 ad
950 1731 1081 1766 Famil.
1101 1731 1140 1774 I,
1168 1733 1198 1767 1.
1217 1732 1249 1767 5.
1276 1730 1322 1764 ad
1348 1731 1389 1766 Q.
1409 1732 1528 1766 Fratr.
1545 1732 1605 1774 ΙΙ,
1623 1733 1678 1767 13.

215 1784 253 1809 u.
266 1784 293 1809 S.
312 1775 337 1809 f.
355 1794 400 1803 —-
432 1788 614 1822 accensuS,
642 1778 958 1816 Gerichtsdiener.
979 1796 1024 1802 —
1059 1778 1204 1821 audivi,
1230 1788 1337 1822 quum
1361 1778 1495 1811 diceret
1519 1783 1562 1812 st.
1579 1778 1679 1811 Pau-

214 1821 357 1856 saniam
385 1849 392 1856 .
409 1849 417 1858 .
435 1850 443 1858 .
473 1824 659 1859 dicentem
685 1825 822 1859 audivi.
871 1824 945 1858 Ein
969 1825 1182 1867 Pleonasm‚
1209 1824 1284 1858 wie
1309 1823 1359 1857 im
1383 1823 1489 1858 Brut.
1515 1835 1543 1857 c.
1561 1823 1620 1858 22.
1644 1825 1675 1868 §.

213 1867 331 1902 85.—
365 1870 433 1903 tibi
457 1870 534 1905 obv.
562 1882 632 1904 non
653 1872 783 1914 prod.,
816 1871 975 1904 n'amlich
999 1871 1061 1904 bei
1086 1871 1226 1904 seinem
1243 1870 1398 1912 Abzuge
1423 1881 1489 1903 aus
1504 1869 1675 1904 Cilicien.

212 1928 260 1939 -—
292 1914 382 1949 Scz'l.
417 1917 614 1960 contempsi
645 1922 697 1960 te,
731 1917 791 1951 ich
824 1918 917 1950 habe
948 1917 1129 1959 nannich,
1161 1927 1203 1950 so
1237 1916 1372 1949 denkst
1393 1916 1480 1958 Du,
1513 1915 1678 1949 dadurch

211 1958 289 1994 Dir
314 1960 375 1994 ein
399 1961 562 1996 Zeichen
588 1974 659 1997 von
686 1963 1034 2007 Geringschatzung
1059 1964 1181 2006 geben
1214 1963 1366 1996 wollen.
1383 1980 1428 1986 —
1467 1972 1578 2005 puer,
1602 1962 1678 1996 Be-

212 2004 367 2050 diener,
400 2018 541 2043 servus.
561 2026 608 2035 —-
646 2010 759 2054 isque.
792 2010 939 2044 Ramsh.
975 2011 1003 2052 §.
1023 2011 1109 2051 158,
1133 2009 1175 2051 2,
1196 2008 1291 2042 h.-
1339 2007 1519 2042 Iconium.
1554 2007 1593 2041 S.
1628 2018 1675 2042 zu

212 2051 322 2096 epist.
346 2054 502 2098 CCXII,
523 2057 615 2090 l.-
655 2056 899 2099 incertumque
934 2067 1016 2090 esse
1050 2055 1111 2089 od.
1145 2061 1255 2089 esset.
1279 2073 1324 2079 -—
1370 2053 1504 2088 Varro.
1543 2054 1601 2087 Ob
1627 2056 1673 2090 A.

211 2097 414 2134 Terentius
441 2102 580 2145 Varro,
605 2102 771 2136 welcher
795 2102 840 2135 ad
864 2102 995 2137 Famil.
1018 2101 1130 2142 XVI,
1151 2102 1209 2143 12,
1236 2112 1270 2133 u.
1289 2099 1400 2142 XIII,
1420 2100 1478 2142 22,
1504 2099 1596 2132 oder
1619 2101 1672 2136 M.

210 2143 414 2180 Terentius
439 2147 565 2183 Varro
592 2148 728 2191 Gibba,
755 2148 823 2181 der
847 2149 894 2181 ad
918 2149 1047 2183 Famil.
1068 2148 1181 2190 XIII,
1206 2148 1248 2180 10
1275 2147 1440 2179 erwahnt
1465 2145 1582 2179 wird?
1621 2145 1673 2181 So

210 2189 289 2224 viel
313 2191 412 2226 sieht
436 2203 537 2235 man,
573 2193 656 2228 dass
684 2206 725 2228 er
751 2194 908 2228 Officier
933 2194 994 2229 bei
1019 2194 1152 2229 Cicero
1177 2203 1324 2227 war.—
1360 2193 1400 2227 Q.
1417 2192 1542 2236 Lepta.
1570 2191 1607 2226 S.
1627 2191 1674 2225 ad

210 2237 327 2273 Attic.
349 2238 417 2281 VI,
439 2240 471 2273 8.
503 2239 615 2282 VIII,
637 2242 671 2275 3.
706 2241 778 2283 IX,
800 2241 854 2274 12.
875 2241 930 2276 14.
966 2241 1012 2274 ad
1036 2240 1166 2275 Famil.
1180 2239 1256 2281 VI,
1276 2239 1331 2272 18.
1363 2238 1441 2281 IX,
1460 2240 1512 2272 13.
1531 2257 1576 2263 —
1612 2248 1672 2271 ex-

211 2288 415 2327 currerent,
442 2285 538 2318 dann
563 2287 700 2320 sollten
725 2286 780 2321 sie
806 2287 925 2321 davon
951 2298 1089 2321 sennen
1107 2297 1152 2318 ’.Ξ
1169 2288 1396 2318 recurrerent
1421 2284 1466 2317 ad
1492 2296 1571 2327 me,
1596 2295 1673 2318 was

210 2330 363 2364 Ernesti
388 2331 663 2376 vorschlug.—
696 2336 817 2367 castra
851 2344 941 2367 mea.
988 2333 1121 2368 Cicero
1153 2331 1228 2364 tras
1257 2331 1321 2365 auf
1349 2330 1473 2364 seiner
1497 2330 1675 2381 Hinreise

211 2375 251 2410 in
291 2376 597 2423 Grossphrygieu
629 2389 686 2411 am
717 2381 762 2413 31
781 2379 902 2413 Iulius
919 2380 985 2414 703
1018 2379 1077 2411 ein
1107 2377 1180 2410 und
1215 2377 1407 2410 verweilte
1441 2376 1606 2409 daselbst
1635 2387 1672 2409 111

210 2421 421 2466 Laodicea,
452 2425 618 2468 Apamea
644 2435 676 2458 u.
702 2424 897 2469 Synnada,
924 2424 981 2458 bis
1007 2435 1048 2457 er
1072 2424 1165 2456 nach
1190 2423 1356 2457 Iconium
1392 2423 1428 2455 in
1454 2421 1673 2468 Lykaonien

209 2469 420 2512 abreisete,
456 2481 515 2504 wo
547 2481 589 2503 er
620 2481 677 2503 am
701 2471 746 2505 26
763 2472 908 2514 August
941 2469 1123 2513 anlangte.
1173 2468 1211 2503 S.
1239 2481 1298 2514 ep.
1317 2469 1417 2510 CCI,
1439 2470 1470 2503 l.
1508 2468 1617 2507 CCV,
1637 2468 1669 2501 4.

211 2514 365 2558 CCVII,
383 2517 414 2550 1.
461 2515 610 2550 Anstatt
642 2516 725 2550 dass
749 2517 896 2562 Appius
926 2516 997 2550 den
1022 2516 1154 2549 Cicero
1189 2516 1225 2549 in
1251 2515 1438 2549 Laodicea
1469 2516 1567 2548 hatte
1597 2524 1671 2546 em-

210 2561 372 2604 psangen
398 2562 540 2604 sollen‚
566 2573 644 2596 war
669 2574 730 2605 er,
756 2563 810 2596 als
828 2574 868 2596 er
883 2563 1017 2596 desseu
1037 2561 1335 2595 bevorstehende
1351 2561 1514 2595 Ankunft
1529 2560 1669 2602 erfuhr,

209 2617 284 2640 von
307 2607 356 2641 da
379 2609 471 2642 nach
496 2608 636 2642 Tarsus
662 2608 701 2642 iu
726 2609 884 2643 Cilicieu
910 2608 1243 2652 zuruckgegangen
1269 2607 1343 2640 und
1367 2608 1466 2641 hatte
1492 2606 1669 2657 daselbst,

210 2653 390 2687 wahrend
416 2655 520 2688 iener
544 2655 659 2688 sehon
684 2654 720 2688 in
748 2655 1054 2700 Grossphrygieu
1080 2655 1160 2688 sein
1177 2656 1264 2687 Amt
1288 2654 1456 2695 ausiibte,
1482 2652 1577 2685 noch
1604 2663 1671 2684 im-

210 2709 290 2733 mer
313 2699 368 2733 als
393 2700 606 2736 Procousul
631 2701 739 2745 agirt.
778 2701 817 2737 S.
844 2712 904 2747 ep.
924 2701 1102 2745 CCVIII,
1119 2701 1152 2735 4.
1179 2700 1353 2743 CCXIII,
1366 2700 1399 2735 4.
1415 2700 1447 2734 6.
1475 2697 1668 2739 CCXXII,
