1795 3043
197 68 326 115 *498
488 62 553 107 M.
589 62 644 108 Τ.
682 60 1020 108 CICERONIS
1054 61 1423 111 EPISTOLAE.

177 181 205 224 6
230 174 348 216 sticis
367 172 595 215 commodis
613 173 707 214 fuit.
763 173 991 216 Praeclara
1018 174 1150 228 igitur
1178 174 1438 217 conscientia
1465 175 1686 228 sustentor,

228 244 358 284 quum
388 232 527 284 cogito
556 243 623 271 me
653 230 705 270 de
732 243 780 271 re
808 232 981 284 publica
1011 234 1083 272 aut
1111 234 1313 273 meruisse
1341 232 1519 285 optime,
1555 244 1685 283 quum

227 288 462 341 potuerim,
503 290 575 328 aut
605 290 721 328 certe
751 301 965 341 nunquam
995 290 1078 330 nisi
1108 290 1251 330 divine
1279 290 1505 343 cogitasse3
1552 301 1686 340 eaque

226 347 320 398 ipsa
349 346 598 397 tempestate
630 357 818 387 eversam
847 359 936 386 esse
964 358 1053 386 rem
1076 346 1310 399 publicam,
1338 359 1463 398 quam
1493 359 1568 399 ego
1597 358 1706 388 xlv.-

227 403 350 443 annis
378 404 476 442 ante
504 403 802 455 prospexerim.
862 405 955 444 Hac
975 404 1107 456 igitur
1129 403 1390 445 conscientia
1409 404 1563 444 comite
1590 414 1689 455 pro·

227 458 422 511 ficiscar,
460 471 609 512 magno
640 460 836 512 equidem
867 473 964 501 cum
994 461 1164 514 dolore,
1214 458 1294 501 n'ec
1323 463 1411 501 tam
1439 460 1483 501 id
1511 461 1688 513 propter

229 527 296 556 me
326 517 399 556 aut
426 519 600 569 propter
630 518 802 558 fratrem
831 530 987 566 meum,
1020 531 1198 570 quorum
1227 526 1290 559 est
1317 518 1401 559 iam
1431 519 1525 559 acta
1546 519 1688 566 aetas;

230 585 355 624 quam
391 576 566 626 propter
595 586 775 626 pueros,
824 575 983 625 quibus
1006 576 1219 616 interdum
1248 575 1441 617 videmur
1469 575 1688 628 praestare

229 630 357 670 etiam
396 642 486 670 rem
526 631 742 683 publicam
779 631 991 672 debuisse:
1034 645 1212 683 quorum
1251 632 1421 684 quidem
1460 633 1570 673 alter
1601 642 1687 671 non

223 688 336 735 itam,
386 688 486 739 quia
526 688 684 728 maiore
723 688 883 739 pietate.
924 690 1008 740 est,
1052 701 1118 729 me
1154 689 1406 730 mirabiliter
1447 688 1687 736 excruciat3

230 744 362 792 alter,
392 766 450 773 —
491 756 516 784 o
546 757 636 786 rem
666 745 877 786 miseram!
915 746 1023 786 nihil
1045 746 1156 786 enim
1184 747 1289 787 mihi
1317 746 1473 788 accidit
1499 746 1544 786 in
1574 743 1689 785 omni

230 800 319 841 vita
359 800 555 841 acerbius
592 825 648 833 -—
705 802 966 856 indulgentia
1001 802 1203 844 videlicet
1240 806 1384 844 nostra
1422 803 1689 855 depravatus,

231 869 281 896 eo
307 869 552 911 progressus
580 860 656 911 est,
687 871 769 910 quo
797 872 882 902 non
913 859 1047 900 audeo
1077 860 1232 901 dicere.
1289 861 1345 901 Et
1374 862 1574 912 exspecto
1594 861 1690 899 tuas

321 968 356 1002 5.
388 979 571 1013 nunquam
605 970 680 1003 nisi
711 969 834 1004 divine
868 971 1050 1014 cogitasse
1082 971 1109 1005 i.
1137 982 1168 1005 e.
1195 970 1444 1015 praescientia
1466 971 1689 1012 futurorum,

229 1013 352 1059 „oder
375 1014 459 1048 dass
484 1015 544 1059 ich
568 1015 796 1059 wenigstens
820 1018 882 1051 nie
909 1019 1006 1052 ohne
1030 1017 1224 1052 ahnenden
1247 1017 1360 1051 Blick
1382 1017 1422 1051 in
1447 1017 1508 1051 die
1527 1015 1692 1050 Zukunst

229 1061 297 1094 auf
316 1060 381 1094 das
398 1061 515 1095 Wohl
541 1061 605 1095 des
623 1061 745 1096 Staats
770 1063 930 1097 bedacht
954 1074 1125 1107 gewesen
1143 1064 1241 1097 bin.’'
1274 1064 1389 1098 Diess
1414 1068 1517 1108 passt
1542 1073 1588 1096 zu
1606 1062 1690 1095 dem

228 1106 320 1150 folg.
344 1107 605 1150 prospexerim.
655 1107 792 1142 Schutz
818 1109 958 1143 erkliirt
981 1111 1103 1143 divine
1128 1110 1244 1143 durch
1276 1109 1494 1154 praeclare,
1527 1109 1691 1154 optime;

228 1151 301 1187 wie
326 1152 387 1186 bei
413 1153 588 1188 Quinctil.
616 1155 656 1196 l,
684 1155 745 1188 10:
781 1165 870 1198 quae
896 1154 1024 1189 Cicero
1049 1156 1088 1189 in
1114 1160 1261 1189 oratore
1294 1155 1452 1188 divine
1477 1155 1600 1188 omnia
1625 1165 1689 1188 ex-

228 1199 392 1242 sequitur
428 1199 502 1232 und
536 1199 619 1232 hier
643 1210 701 1243 ep.
723 1201 811 1242 116,
845 1211 905 1234 wo
930 1211 972 1233 er
996 1207 1095 1244 sagt:
1129 1207 1294 1235 senatum
1318 1201 1481 1234 divinum
1504 1200 1619 1234 fuisse
1650 1199 1690 1233 in

228 1245 505 1289 supplicatione
531 1244 691 1278 Gabinio
724 1245 950 1288 deneganda.
1000 1248 1108 1279 Auch
1140 1246 1290 1280 Ernesti
1324 1247 1483 1280 erklart:
1519 1246 1624 1279 Bene
1648 1255 1690 1279 se

230 1290 410 1332 sensisse,
451 1289 648 1324 animatum
681 1289 798 1324 fuisse
828 1291 866 1324 in
891 1302 969 1324 rem
993 1292 1181 1335 publicam
1207 1292 1335 1326 dicere
1359 1292 1452 1326 vult.
1482 1291 1688 1327 ORELLI:

230 1335 295 1370 Sic
318 1336 416 1370 Edd.
444 1346 546 1369 meae
577 1341 726 1381 praeter
758 1337 844 1370 Asc.
872 1347 944 1371 sec.
981 1342 1018 1370 et
1054 1338 1155 1372 Crat.
1203 1338 1326 1372 divine
1358 1337 1390 1372 si
1421 1348 1442 1371 a
1467 1338 1546 1372 Cic.
1579 1348 1689 1372 manu

231 1387 305 1425 est,
331 1382 442 1415 aliter
466 1381 650 1426 explicari
674 1381 823 1425 nequit,
850 1393 957 1425 quam
984 1394 1064 1417 cum
1090 1384 1269 1418 Graevio:
1300 1384 1560 1428 praescientia.
1587 1395 1689 1418 num-

229 1439 336 1471 quam
361 1428 482 1470 infidie
498 1431 697 1470 cogitasse;
731 1428 798 1461 sed
822 1428 838 1461 i
861 1435 999 1473 puncto
1018 1434 1185 1473 notatur,
1213 1436 1253 1464 ut
1267 1430 1334 1465 sit:
1371 1431 1491 1473 infide.
1518 1431 1688 1465 Oxon.1.

229 1485 411 1518 nunquam
435 1475 510 1507 nisi
532 1474 590 1507 die
622 1474 714 1509 Cod.
732 1474 914 1510 Tornaes.
941 1476 1061 1509 Oxon.
1076 1477 1109 1510 2.
1139 1477 1201 1520 pie
1224 1478 1314 1512 Bos.
1329 1488 1429 1522 susp.
1460 1477 1573 1519 digne
1597 1477 1687 1511 Ern.

230 1520 304 1554 nisi
335 1521 377 1553 de
409 1532 450 1553 ea
484 1521 605 1553 divine
637 1530 717 1561 cog.
764 1521 847 1554 Asc.
874 1522 908 1554 2.
946 1522 1045 1555 Crat.
1097 1523 1301 1557 Praeterea
1330 1524 1445 1557 Beier
1477 1523 1685 1556 adnotavit:

230 1567 384 1610 „cogito
409 1577 464 1599 me
492 1592 526 1600 ..
544 1592 551 1600 .
579 1569 778 1608 cogitasse,
814 1577 887 1600 non
913 1568 1070 1610 placet.⁷’
1118 1570 1167 1602 At
1200 1569 1289 1614 quid
1315 1569 1425 1603 alteri
1448 1569 1524 1603 utri
1549 1568 1687 1603 substi-

229 1612 398 1646 tuamus‘}
444 1611 614 1645 Ferenda
644 1611 715 1644 erit
746 1611 860 1655 igitur
891 1612 986 1656 ista,
1027 1613 1059 1647 si
1091 1620 1209 1648 tamen
1245 1621 1320 1658 est,
1362 1615 1603 1659 negligentia.
1643 1631 1689 1642 —-

227 1658 496 1702 prospexerim,
522 1669 633 1701 quum
658 1657 740 1701 ipse
757 1658 887 1692 consul
907 1669 1034 1692 essem.
1073 1660 1185 1695 Vidit
1210 1662 1306 1694 enim
1331 1661 1534 1695 coniuratis
1559 1662 1687 1695 favere

229 1705 365 1739 multos
396 1704 543 1738 nobiles
580 1710 616 1737 et
646 1703 681 1737 in
709 1703 756 1737 iis
781 1704 975 1738 Caesarem
1000 1705 1130 1748 ipsum.
1166 1707 1374 1741 MANUT.
1425 1707 1545 1742 Simul
1570 1707 1687 1751 signi-

229 1751 333 1794 ficat,
365 1761 406 1784 se
431 1750 489 1784 illi
512 1749 742 1793 tempestati,
773 1750 908 1792 quibus
933 1750 1051 1784 modis
1076 1753 1266 1796 potuerit,
1306 1764 1507 1788 occurrere
1531 1764 1686 1797 eamque

228 1807 251 1830 a
283 1796 469 1830 communi
501 1802 606 1840 peste
642 1795 835 1840 depellere
867 1796 1045 1830 voluisse.
1082 1798 1188 1832 SCH.
1231 1817 1275 1823 —-
1327 1803 1518 1843 praestare
1544 1825 1552 1833 .
1571 1825 1581 1834 .
1607 1810 1685 1833 ‘rem

223 1843 348 1887 publ„
383 1843 453 1876 den
478 1842 661 1876 Freistaat
686 1842 759 1875 und
784 1842 916 1876 mithin
942 1843 1012 1876 den
1031 1844 1150 1888 Weg,
1176 1844 1282 1877 darin
1308 1855 1355 1878 zu
1372 1845 1588 1879 VVohlfahrt
1610 1845 1686 1879 und

228 1889 490 1922 Ehrenstellen
516 1898 563 1921 zu
586 1888 787 1931 gelangen,
812 1888 938 1922 hatten
964 1889 1036 1922 wir
1060 1908 1104 1915 —-
1133 1901 1173 1923 so
1200 1890 1318 1924 diinkt
1342 1891 1412 1925 mir
1436 1891 1617 1926 zuweilen
1641 1909 1686 1916 —

227 1945 362 1968 unsern
388 1934 558 1968 Kindern
582 1934 655 1967 wie
681 1934 739 1967 ein
766 1935 867 1967 wohl
891 1936 1133 1970 erworbenes
1157 1936 1383 1979 Eigenthum
1408 1938 1587 1982 verbiirgt
1611 1937 1685 1972 und

228 1981 443 2016 unverletzt
465 1978 693 2014 iiberliesern
717 1981 876 2015 miissen.
902 1999 945 2005 ——
993 1982 1105 2025 alter,
1140 1983 1259 2016 Marci
1284 1984 1397 2018 filius.
1424 2002 1469 2009 —
1516 1995 1587 2017 non
1611 1989 1686 2017 tam

229 2027 310 2063 scil.
343 2038 451 2071 quam
483 2027 597 2069 alter,
643 2025 772 2061 Quinti
802 2027 915 2062 filius.
971 2037 1043 2061 non
1077 2032 1152 2061 tam
1185 2028 1270 2072 quia
1299 2030 1421 2072 filius,
1459 2041 1566 2074 quam
1597 2031 1685 2074 quia

227 2074 316 2108 mai.
338 2085 376 2117 p.
405 2077 456 2107 est
486 2072 532 2107 de
556 2072 754 2117 Malaspin.
781 2083 879 2117 susp.
905 2073 1031 2108 Lamb.
1067 2074 1209 2109 Placet.
1247 2075 1442 2109 ORELLI.
1481 2094 1528 2102 —
1574 2077 1681 2116 alter,

228 2119 359 2155 Quinti
381 2119 504 2163 filius,
537 2119 653 2153 Attici
679 2129 795 2163 nepos
821 2119 969 2162 (Neffe).
1000 2139 1045 2146 —
1082 2131 1131 2154 'eo
1152 2131 1374 2164 progressus
1396 2125 1467 2165 est,
1500 2132 1568 2166 quo
1593 2133 1683 2167 pro-

227 2176 398 2209 gressum
422 2176 504 2200 esse
528 2176 600 2199 non
622 2165 737 2199 audeo
768 2166 908 2209 dicere,
949 2165 1030 2201 sich
1052 2177 1094 2201 so
1120 2178 1333 2211 vergangen
1356 2168 1438 2210 hat,
1475 2167 1559 2203 dass
1584 2168 1682 2201 mein

225 2211 329 2246 Herz
353 2212 423 2245 mir
450 2218 601 2255 versagt
623 2222 663 2245 es
687 2212 999 2257 auszusprechen.
1048 2213 1205 2248 Quintus
1230 2213 1325 2247 enim
1344 2213 1472 2249 Quinti
1487 2214 1681 2248 Ciceronis

225 2257 329 2292 filius
352 2264 459 2303 patre
485 2263 523 2291 et
545 2263 679 2302 patruo
703 2258 948 2293 inscientibus
971 2258 1017 2294 ad
1037 2259 1231 2293 Caesarem
1255 2259 1384 2294 literas
1407 2259 1573 2304 miserat,
1598 2260 1682 2303 qui-

225 2304 295 2338 bus
320 2311 600 2348 cumrogarat,
633 2310 691 2348 ut,
719 2316 951 2349 quocumque
974 2305 1084 2339 modo
1106 2311 1255 2350 posset,
1274 2310 1449 2350 =patruum
1476 2311 1513 2340 et
1537 2311 1679 2350 patrem

223 2360 246 2383 a
270 2350 430 2385 consilio
455 2349 599 2399 Italiam
622 2350 859 2394 relinquendi
881 2358 1088 2386 revocaret.
1137 2351 1330 2395 Quumque
1355 2352 1404 2386 ob
1427 2351 1467 2386 id
1491 2352 1678 2397 inceptum

223 2406 245 2430 a
269 2405 374 2442 patre
400 2402 437 2430 et
459 2402 591 2441 patruo
617 2397 834 2440 gravissime
860 2404 958 2432 esset
975 2397 1200 2441 increpitus,
1225 2397 1332 2442 quasi
1349 2398 1567 2443 expiaturus
1583 2399 1678 2433 hanc

222 2443 469 2477 temeritatem
494 2453 594 2477 suam
619 2449 656 2476 et
678 2443 963 2488 imprudentiam
986 2444 1143 2478 Romam
1167 2444 1358 2488 profectus
1383 2450 1452 2479 est.
1498 2443 1591 2479 Inde
1615 2444 1678 2479 Ci-

224 2489 354 2522 ceroni
387 2489 589 2523 nuntiatum
626 2495 682 2524 est
714 2500 796 2523 eum
829 2501 912 2524 cum
944 2489 1068 2524 Hirtio
1100 2489 1344 2536 collocutum3
1386 2501 1509 2535 neque
1541 2497 1674 2534 tamen,

222 2535 431 2569 cuiusmodi
467 2545 655 2570 sermones
684 2535 862 2579 fuissent,
903 2542 1131 2581 compertum
1155 2537 1323 2572 habebat.
1353 2537 1461 2572 SGH.
1511 2536 1676 2572 Cicero’s

222 2581 377 2624 eigener
402 2580 505 2615 Sohn
529 2581 672 2615 scheint
696 2582 789 2615 auch
814 2583 940 2616 darum
964 2588 1130 2627 gewusst
1154 2592 1199 2617 zu
1224 2583 1362 2626 haben5
1398 2583 1490 2618 aber
1525 2593 1567 2617 er
1590 2593 1676 2617 ver·

220 2626 312 2671 ging
347 2627 426 2661 sich
458 2627 560 2662 nicht
591 2639 633 2663 so
664 2627 775 2671 weit,
811 2629 866 2662 als
895 2629 964 2662 der
988 2628 1089 2664 Sohn
1124 2628 1190 2663 des
1221 2630 1391 2665 Quintus.
1437 2629 1579 2664 Daher
1603 2639 1675 2663 non

220 2676 295 2706 tum
321 2697 330 2707 .
346 2699 354 2707 .
373 2698 382 2707 .
409 2684 466 2707 mc
490 2699 500 2710 .
518 2697 528 2708 .
553 2674 748 2708 excruciat.
780 2675 872 2718 Vgl.
900 2686 960 2720 ep.
981 2675 1225 2720 CCCLX1‚4.
1253 2677 1297 2709 de
1320 2676 1517 2711 iuvenibus.
1549 2675 1673 2719 Celer,

217 2717 286 2752 der
301 2719 475 2754 Libertus
500 2720 565 2755 des
583 2720 733 2755 Attikus
744 2745 754 2763 ,
780 2720 882 2756 hatte
897 2721 972 2757 wol
997 2720 1113 2755 durch
1130 2723 1438 2768 unverstandiges
1451 2720 1674 2758 Geschwiitz
