1795 3043
245 95 345 144 446
513 90 578 137 Μ.
614 90 670 135 Τ.
707 89 1042 139 CICERONIS
1074 92 1443 142 EPISTOLAE.

243 202 437 249 landum,
468 200 724 254 ungendum,
766 202 827 243 εἰσ
856 203 963 245 mihi
993 203 1295 250 dormiendum.
1352 205 1521 248 Etenim
1547 207 1697 250 literae

241 262 340 302 tuae
369 260 471 300 mihi
501 270 688 301 somnum
718 260 966 303 attulerunt.

943 431 993 472 A.

456 505 655 542 BALBUS
681 507 747 542 ET
773 507 958 544 OPPIUS
992 507 1030 543 S.
1055 507 1105 544 D.
1142 509 1194 545 M.
1221 509 1478 545 CICERONI.

351 574 516 617 Nedum
545 577 759 617 hominum
788 578 1036 627 humilium,
1089 581 1135 620 ut
1161 592 1238 620 nos
1267 592 1429 629 sumus,
1471 577 1542 619 sed
1572 578 1696 619 etiam

240 632 594 686 amplissimorum
622 635 811 675 virorum
842 635 1018 675 consilia
1055 648 1107 677 ex
1136 639 1312 684 eventu,
1355 650 1440 677 non
1471 648 1522 677 ex
1550 638 1696 677 voluu-

238 691 326 730 tate
355 704 381 731 a
409 692 622 742 plerisque
650 690 826 742 probari
853 692 1010 731 solent:
1040 693 1177 733 tamen
1201 694 1302 734 freti
1324 695 1397 733 tua
1422 694 1695 744 humanitate,

238 747 351 798 quod
377 748 640 789 verissimum
668 747 789 788 nobis
818 748 1053 797 videbitur,
1087 749 1138 789 de
1167 762 1238 802 eo,
1266 750 1378 802 quod
1408 750 1460 790 ad
1489 762 1564 789 nos
1593 750 1695 790 scri·

238 804 380 857 psisti,
415 804 496 844 tibi
524 804 746 845 consilium
776 804 988 846 dabimus:
1027 806 1137 857 quod
1167 807 1201 846 si
1228 819 1312 846 non
1340 807 1471 848 fuerit
1492 806 1690 859 prudens,

237 863 281 901 at
309 862 426 902 certe
455 861 508 902 ab
538 862 698 913 optima
714 860 796 902 fide
826 864 867 901 et
898 862 1057 915 opt-imo
1076 863 1213 903 animo
1226 862 1536 916 proficiscetur.
1593 862 1693 913 Nos,

236 918 319 958 nisi
347 918 411 970 id,
447 918 561 970 quod
588 919 731 959 nostro
760 919 920 959 iudicio
951 919 1171 960 Caesarem
1198 921 1340 961 facere
1368 922 1563 973 oportere
1607 919 1692 959 exi·

238 975 483 1023 sumamus,
521 978 591 1024 ut,
636 976 763 1016 simul
792 976 966 1017 Romam
1000 977 1188 1029 venerit,
1238 978 1334 1030 agat
1363 977 1415 1017 de
1443 976 1694 1017 reconcilia-

234 1033 350 1073 tione
389 1032 551 1084 gratiae
589 1045 688 1073 suae
725 1034 767 1073 et
797 1033 1007 1085 Pompeii,
1048 1034 1093 1074 id
1132 1046 1227 1074 eum
1266 1035 1476 1074 facturum
1518 1045 1570 1073 ex
1598 1033 1690 1086 ipso

235 1089 596 1142 cognovissemus,
636 1092 677 1128 te
706 1090 873 1130 hortari
901 1090 1206 1143 desineremus,
1247 1096 1294 1130 ut
1323 1092 1456 1131 velles
1484 1091 1537 1130 iis
1565 1090 1691 1131 rebus

234 1147 453 1193 interesse,
486 1157 569 1197 quo
599 1146 769 1186 facilius
798 1148 839 1186 et
868 1147 1028 1186 maiore
1058 1159 1154 1187 cum
1186 1147 1390 1199 dignitate
1419 1160 1496 1199 per
1525 1149 1586 1199 te,
1617 1147 1690 1197 qui

234 1203 404 1254 utrique
433 1215 478 1242 es
507 1202 782 1254 coniunctus,
819 1215 886 1242 res
916 1206 1004 1242 tota
1034 1203 1258 1244 confieret:
1311 1206 1406 1251 aut,
1445 1204 1482 1243 si
1513 1215 1565 1244 ex
1594 1215 1691 1243 con-

231 1260 364 1299 trario
407 1260 648 1311 putaremus
679 1259 899 1299 Caesarem
936 1259 981 1298 id
1021 1271 1106 1299 non
1135 1262 1346 1300 facturum
1387 1262 1429 1300 et
1458 1272 1552 1300 eum
1580 1261 1691 1299 velle

231 1328 328 1357 cum
358 1315 560 1367 Pompeio
590 1315 750 1355 bellum
779 1327 924 1368 gerere
953 1316 1178 1363 sciremus,·
1227 1329 1455 1367 numquam
1482 1316 1564 1357 tibi
1599 1329 1691 1356 sua-

231 1373 448 1424 deremus,
486 1374 635 1413 contra
665 1373 876 1412 hominem
905 1372 1063 1424 optime
1091 1372 1142 1412 de
1173 1375 1213 1411 te
1241 1374 1435 1413 meritum
1465 1386 1579 1413 arma
1608 1374 1690 1412 fer-

231 1442 322 1480 res;
365 1429 492 1470 sicuti
522 1432 564 1469 te
592 1442 758 1482 semper
788 1429 1016 1481 oravimus,
1040 1442 1094 1470 ne
1124 1431 1271 1470 contra
1289 1430 1506 1470 Caesarem
1533 1441 1693 1483 pugna-

179 1504 209 1544 2
232 1499 314 1527 res.
373 1486 470 1538 Sed,
498 1499 628 1538 quum
660 1487 899 1535 etiamnum,
929 1486 1030 1538 quid
1060 1489 1248 1527 facturus
1278 1487 1430 1527 Caesar
1458 1487 1526 1535 sit,
1556 1486 1689 1539 magis

231 1543 398 1596 opinari
429 1556 554 1595 quam
583 1544 694 1584 scire
724 1544 951 1596 possimus,
990 1556 1073 1583 non
1104 1555 1322 1596 possumus
1350 1545 1431 1584 nisi
1460 1544 1562 1584 hoc:
1602 1555 1686 1583 non

228 1600 366 1642 videri
384 1613 476 1640 eam
492 1602 609 1640 tuam
639 1612 728 1640 esse
751 1600 996 1652 dignitatem
1027 1613 1163 1653 neque
1192 1600 1315 1641 fidem
1336 1600 1528 1641 omnibus
1549 1601 1688 1653 cogni-

227 1659 339 1709 tam,
380 1658 427 1697 ut
456 1659 604 1697 contra
634 1657 907 1704 alterutrum,
946 1669 1075 1708 quum
1112 1657 1280 1708 utrique
1322 1658 1378 1697 sis
1407 1659 1586 1698 maxime
1615 1668 1687 1697 ne-

229 1715 455 1765 cessarius‚
485 1726 600 1754 arma
626 1715 763 1754 feras:
816 1716 857 1753 et
886 1715 983 1763 hoc,
1012 1726 1095 1753 non
1125 1713 1385 1764 dubitamus,
1414 1714 1513 1764 quin
1534 1714 1687 1753 Caesar

228 1784 307 1824 pro
339 1784 413 1811 sua
440 1771 704 1811 humanitate
733 1771 912 1812 maxime
941 1771 995 1810 sit
1024 1771 1289 1823 probaturus.
1345 1770 1430 1811 Nos
1460 1772 1599 1810 tamen
1629 1792 1686 1799 --

227 1828 265 1869 si
302 1828 383 1867 tibi
421 1827 638 1868 videbitur
663 1848 722 1855 —-
779 1828 831 1868 ad
863 1828 1081 1868 Caesarem
1111 1827 1365 1875 scribemus,
1415 1829 1463 1866 ut
1491 1839 1566 1875 nos
1597 1838 1687 1867 cer-

227 1952 327 1985 Crat.
362 1969 407 1976 —
452 1959 616 1983 somnum
639 1950 857 1993 attulerunt,
898 1950 1063 1984 insosern
1090 1950 1145 1984 sie
1171 1950 1234 1984 ihn
1273 1950 1509 1994 beruhigten.
1560 1950 1598 1985 S.
1626 1961 1683 1995 ep.

229 1997 469 2037 CCCXXIV‚
495 1999 526 2030 4.
578 1996 786 2033 CCCXLV
812 1997 861 2030 im
886 1997 973 2031 Ans.
1000 2008 1032 2031 u.
1061 1996 1381 2036 CCCXXXVIIL
1407 1999 1439 2031 1.
1480 1997 1606 2032 CCCL
1629 2007 1685 2030 am

226 2044 346 2079 Ende.
397 2043 544 2077 CCCLI
568 2042 616 2076 im
644 2043 729 2076 Ans.

316 2099 538 2135 BALBUS.
595 2099 634 2134 S.
671 2110 732 2143 ep.
764 2099 1057 2143 CCCXXXIX,
1091 2099 1236 2143 Anlage
1259 2100 1306 2133 A.
1340 2098 1389 2133 im
1420 2099 1506 2133 Ans.
1539 2117 1585 2125 —
1643 2099 1681 2133 C.

227 2146 418 2182 OPPIUS.
468 2145 506 2180 S.
534 2156 578 2179 zu
606 2156 662 2189 ep.
682 2146 938 2181 DCCXLVII
962 2146 1011 2179 im
1038 2146 1123 2180 Anf.

317 2195 349 2226 l.
384 2191 527 2226 Nedum
550 2203 597 2225 =
621 2191 681 2224 ich
706 2192 788 2226 will
814 2191 916 2225 nicht
940 2202 1077 2236 sagen,
1103 2202 1150 2225 ne
1165 2190 1294 2224 dicam.
1329 2189 1367 2224 S.
1384 2189 1533 2224 Ramsh.
1561 2189 1682 2232 §.173‚

225 2240 255 2275 1.
288 2239 333 2274 N.
352 2239 386 2273 2.
431 2239 574 2271 Grotef.
599 2238 626 2280 §.
645 2239 733 2280 336,
758 2240 869 2272 Anm.
885 2238 918 2272 4.
965 2239 1101 2283 Zumpt
1125 2239 1155 2281 §.
1172 2238 1249 2273 573.
1285 2237 1361 2271 725.
1408 2236 1535 2270 Meum
1560 2236 1636 2270 Md.
1664 2246 1686 2269 a

224 2297 282 2331 pr.
309 2296 356 2319 m.
390 2285 518 2327 „Ante
542 2284 671 2316 nedum
694 2284 828 2318 melius
845 2290 924 2317 erat
947 2285 1014 2317 etsi
1037 2285 1214 2329 pone1·e.''
1239 2282 1406 2316 Weiske.
1440 2281 1683 2325 „Legendum

223 2331 406 2365 arbitror:
440 2329 524 2364 Etsi
546 2330 686 2363 nedum.
720 2329 809 2365 Sch.
844 2330 1039 2375 ORELLI.
1078 2349 1122 2355 —-
1167 2329 1240 2362 nisi
1265 2329 1321 2369 id,
1359 2328 1459 2371 quod
1483 2327 1684 2371 aliquoties

224 2378 280 2413 sic
304 2376 435 2411 iterari
458 2376 599 2409 notavit
623 2374 693 2408 iam
718 2377 878 2421 Malasp.
905 2396 949 2401 -
994 2375 1105 2410 simul
1126 2386 1173 2407 =
1195 2375 1305 2408 simul
1327 2386 1370 2408 ac
1406 2376 1490 2408 Asc.
1519 2375 1549 2408 1.
1582 2374 1682 2408 Crat.

226 2443 269 2448 —
309 2427 400 2465 agat
425 2423 467 2456 de
490 2432 561 2455 rec.
584 2430 668 2463 gr„
715 2422 800 2455 dass
826 2434 867 2456 er
891 2433 936 2457 zu
961 2423 1085 2456 seiner
1114 2421 1364 2464 Aussohnung
1388 2420 1455 2453 mit
1479 2419 1683 2464 Pompeius

224 2470 287 2504 die
312 2469 421 2503 Hand
446 2479 492 2502 zu
523 2467 648 2501 bieten
680 2478 873 2510 gesonnen
907 2468 975 2502 sei.
1007 2487 1051 2492 —
1103 2467 1172 2510 iis,
1208 2469 1294 2501 Asc.
1321 2469 1352 2500 l.
1387 2467 1484 2500 Crat.
1521 2466 1620 2501 Vict.
1648 2466 1681 2499 1.

223 2516 350 2550 Lamb.
383 2514 440 2549 his
463 2515 582 2556 rebus,
608 2523 701 2555 quae
725 2513 870 2548 Romae
893 2519 977 2548 sunt
1000 2500 1164 2557 agendae
1181 2512 1428 2556 (CORRAD).
1460 2512 1530 2545 Bei
1552 2511 1683 2544 diesen

223 2562 548 2604 Verbandlnngen
583 2569 629 2592 zu
660 2561 771 2593 Rom.
803 2578 849 2586 -
906 2564 938 2592 et
963 2569 1065 2601 eum,
1106 2559 1184 2593 Md.
1221 2570 1242 2593 a
1270 2570 1326 2604 pr.
1362 2569 1407 2592 m.
1444 2561 1478 2591 et
1509 2561 1543 2590 te
1576 2556 1680 2591 velle.

224 2608 378 2643 Fuitne:
410 2611 443 2640 et
468 2606 584 2639 velle?
620 2604 693 2639 ΟΒ.
726 2624 772 2631 —-
815 2606 1006 2647 meritum,
1037 2605 1269 2649 Pompeium.

315 2655 348 2688 2.
382 2664 454 2686 non
473 2663 571 2696 poss.
597 2653 671 2685 nisi
695 2651 762 2685 hoc
792 2651 860 2685 tibi
885 2651 1064 2685 scribere.
1113 2652 1192 2685 Das
1217 2652 1429 2685 Demonstr.
1455 2647 1587 2682 weiset
1620 2647 1685 2681 auf

225 2699 298 2733 den
323 2699 413 2742 folg.
438 2709 557 2732 accus.
584 2708 615 2732 c.
630 2698 734 2732 infin.
762 2697 836 2731 hin.
863 2716 905 2722 —
952 2708 1024 2730 non
1046 2698 1167 2731 videri
1190 2708 1269 2731 eam
1291 2706 1337 2730 =
1361 2695 1470 2728 talem
1495 2699 1564 2727 cet.
1592 2698 1680 2726 statt

223 2755 298 2780 non
326 2744 447 2779 videri
477 2750 562 2779 tuae
598 2755 681 2780 esse
719 2743 909 2788 dignitatis
940 2754 1061 2787 neque
1091 2742 1180 2778 fidei
1213 2769 1221 2778 .
1242 2768 1278 2777 ..
1309 2740 1501 2785 cognitae,
1548 2742 1598 2772 ut.
1636 2756 1681 2763 —
