1795 3043
197 72 299 119 320
454 67 520 113 Μ.
557 67 612 112 Τ.
658 64 999 114 CICERONIS
1031 66 1405 120 EPISTOLAE.

200 181 305 222 Cum
334 181 416 221 hoc
445 180 518 220 aut
546 177 870 232 depugnandum
907 182 971 221 est
1009 181 1081 221 aut
1119 181 1314 224 habenda
1350 196 1374 224 e
1415 184 1508 238 lege
1536 185 1661 227 ratio.

148 236 178 277 7
199 239 452 290 ‚,Depugna‚
480 236 635 287 inquis,
655 236 810 288 potius,
838 250 963 288 quam
980 238 1178 280 servias'’.
1236 240 1294 280 Ut
1314 240 1441 292 quid?
1472 243 1508 282 si
1526 244 1663 284 victus

197 296 309 342 eris,
341 292 638 347 proscribam?
678 293 713 332 si
742 294 922 343 viceris,
962 296 1102 335 tamen
1132 295 1316 338 servias?
1374 299 1517 346 „Quid
1547 312 1662 353 ergo,

195 351 361 403 inquis,
406 352 579 392 acturus
616 346 711 392 θεῖ’
768 350 885 391 Idem
912 352 1024 404 quod
1061 353 1268 404 pecudes,
1311 366 1422 405 quae
1451 356 1664 408 dispulsae

194 409 263 448 sui
292 408 458 460 generis
487 408 722 460 sequuntur
749 420 906 462 greges.
965 409 1023 449 Ut
1052 409 1128 450 bos
1158 412 1367 464 armenta,
1399 411 1459 452 sic
1487 425 1562 466 ego
1591 414 1664 455 b0‚-
1732 458 1738 462 ,

195 477 273 506 nos
302 465 417 506 viros
446 467 519 505 aut
548 478 640 512 eos,
673 465 917 516 quicunque
946 466 1144 507 dicentur
1173 466 1296 519 boni,
1329 481 1506 521 sequar,
1534 471 1664 511 etiam

194 522 232 563 si
261 524 400 564 ruent.
458 522 569 571 Quid
597 522 653 561 sit
681 522 885 574 optimum
922 525 1033 564 male
1070 525 1301 565 contractis
1340 525 1491 579 rebus,
1535 528 1663 579 plane

194 578 332 620 video.
391 578 560 620 Nemini
589 580 652 618 est
681 578 793 618 enim
823 579 1100 631 exploratum,
1131 594 1259 633 quum
1276 580 1329 621 ad
1351 595 1469 622 arma
1489 585 1664 624 ventum

196 638 284 689 est,
312 636 418 688 quid
447 638 637 676 futurum
666 635 741 675 sit:
781 636 824 675 at
852 637 961 676 illud
991 637 1205 686 omnibus,
1237 639 1271 678 si
1301 638 1402 679 boni
1431 640 1536 681 victi
1565 641 1667 692 sint,

194 706 276 735 nec
312 694 358 734 in
400 693 529 734 caede
567 691 813 743 principum
862 694 1177 735 clementiorem
1215 696 1331 736 hunc
1368 698 1485 745 fore,
1535 709 1662 748 quam

195 750 332 791 Cinna
358 750 510 802 fuerit,
539 761 619 788 nec
649 748 974 790 moderatiorem
1002 763 1126 802 quam
1158 753 1280 793 Sulla
1308 753 1351 793 in
1380 754 1574 805 pecuniis
1602 755 1666 794 lo-

191 807 447 860 cupletium.
504 803 850 855 Ἐμπολιτεύομαί
874 820 938 844 σοι
964 808 1228 858 iamdudum,
1266 810 1308 849 et
1346 811 1533 851 facerem
1571 811 1662 851 diu..

193 865 299 917 tius,
341 864 424 905 nisi
462 876 530 904 me
566 865 746 904 lucerna
783 863 1010 906 desereret.
1080 864 1147 905 Ad
1188 879 1412 917 summam,
1455 870 1564 909 DIC
1599 869 1660 908 M.

197 924 396 964 TULLI.
461 920 682 961 Assentior
731 921 808 962 Cn.
856 921 1081 974 Pompeio,
1129 922 1173 962 id
1215 925 1277 963 est
1320 924 1366 964 T.
1408 924 1658 976 Pomponio.

190 978 375 1027 Alexim,
407 977 756 1020 humanissimum
777 990 972 1030 puerum,
1001 980 1085 1020 nisi
1113 979 1236 1028 forte,
1269 979 1368 1019 dum
1391 993 1466 1034 ego
1497 982 1659 1033 absum,

189 1035 437 1077 adolescens
474 1037 612 1077 factus
652 1037 736 1088 est,
774 1057 833 1065 —-
868 1036 914 1077 id
952 1036 1064 1080 enim
1092 1049 1217 1091 agere
1243 1036 1467 1080 videbatur
1492 1057 1550 1068 ·—·
1580 1040 1661 1080 sal-

188 1104 292 1134 vere
319 1093 467 1134 iubeas
498 1093 639 1136 velim.

771 1156 1077 1167 κη’-...ψ

369 1220 688 1267 EPISTOLA
723 1221 965 1266 CCXCIX.
1013 1222 1096 1280 (ad
1130 1223 1222 1269 Att.
1257 1222 1363 1269 VII.
1399 1223 1469 1282 8.)

338 1297 419 1333 Ser.
451 1303 491 1332 ut
520 1296 670 1331 videtur
700 1295 739 1329 in
774 1297 974 1331 Formiano
1006 1297 1135 1342 paucis
1171 1297 1305 1332 diebus
1340 1302 1428 1343 post
1457 1298 1507 1332 X.

553 1343 627 1378 Kal
651 1343 730 1378 Ian.
765 1344 811 1378 A.
837 1344 883 1378 U.
908 1344 947 1378 C.
974 1345 1053 1378 704.
1099 1346 1144 1388 (a.
1172 1344 1213 1379 C.
1232 1345 1309 1385 50.)

187 1411 415 1458 Dionysium
440 1422 481 1446 se
505 1411 720 1458 suspicione
744 1411 942 1445 absolvere
967 1411 1111 1446 scribit.
1148 1411 1322 1446 LAttico
1345 1410 1571 1445 valetudinis
1591 1421 1657 1445 cu-

186 1469 267 1494 ram
292 1459 535 1494 commendat.
584 1459 616 1493 2.
643 1458 690 1493 de
724 1458 929 1538 Ιίἕέἃξὲἓέ
959 1458 1092 1539 ἓίνὶᾶὲ
1116 1458 1266 1493 herede.
1314 1459 1349 1494 3.
1375 1458 1423 1492 de
1447 1457 1505 1493 rei
1528 1457 1655 1504 publi-

679 1573 867 1607 CICERO
897 1573 1091 1608 ATTICO
1123 1571 1162 1607 S.

302 1632 414 1683 Quid
442 1645 549 1685 opus
579 1634 642 1673 est
673 1632 724 1672 de
753 1632 959 1685 Dionysio
999 1633 1085 1672 tam
1125 1630 1250 1673 valde
1288 1630 1529 1674 affirmare?
1585 1631 1653 1674 An

186 1757 221 1792 5.
248 1775 291 1782 --
328 1761 391 1790 aut
422 1755 711 1798 habendaelege
742 1755 854 1798 ratio,
882 1759 945 1788 aut
967 1765 987 1787 e
1011 1753 1096 1797 lege
1119 1763 1140 1787 a
1165 1753 1294 1787 decem
1319 1752 1479 1788 tribunis
1503 1753 1555 1800 pl.
1578 1753 1653 1789 lata

184 1803 351 1840 absentis
378 1803 473 1837 ratio
499 1802 667 1836 habenda
691 1801 727 1835 in
754 1801 938 1846 petitione
969 1800 1195 1834 consulatus.
1241 1800 1450 1834 MANUT.

278 1852 312 1884 7.
343 1848 392 1883 Ut
405 1849 514 1893 quid?
545 1848 629 1882 Und
644 1848 787 1882 wofiir'}
813 1859 891 1891 erg.
904 1851 942 1880 ut
954 1857 1023 1879 vor
1036 1846 1273 1890 proscribare
1286 1846 1367 1879 scil.
1385 1857 1406 1879 a
1421 1847 1593 1880 Caesare.
1605 1862 1651 1872 —-

184 1902 226 1930 ut
241 1896 384 1929 servias
398 1895 479 1930 scil.
496 1895 694 1939 Pompeio.
711 1913 756 1919 —
786 1894 982 1938 dispulsae,
1000 1892 1246 1926 auseinander
1260 1898 1476 1936 gesprengt.
1491 1910 1536 1917 —
1559 1902 1649 1936 seq„

183 1942 371 1976 zulausen.
397 1961 442 1966 -
489 1942 523 1975 si
547 1944 666 1983 ruent,
689 1951 798 1974 wenn
823 1942 878 1974 sie
902 1940 996 1973 auch
1023 1939 1059 1972 in
1085 1939 1156 1971 den
1174 1938 1356 1981 Abgrund
1382 1941 1532 1971 sturzen
1557 1939 1650 1972 soll-

183 1995 259 2023 ten.
286 2007 329 2013 —
376 1988 470 2020 male
494 1991 611 2022 contr.
637 1986 710 2021 reb.
735 1987 794 2020 fiir
819 1987 907 2020 oder
931 1984 994 2019 bei
1013 1995 1054 2018 so
1080 1984 1295 2018 misslichen
1321 1984 1562 2027 Umsfiinden,
1587 1983 1650 2018 die

182 2045 268 2069 man
293 2034 374 2069 sich
400 2034 487 2068 ubel
511 2043 729 2077 zugezogen
753 2033 833 2076 hat,
866 2032 905 2066 in
935 2031 997 2065 die
1031 2041 1113 2065 man
1145 2030 1226 2064 sich
1256 2030 1318 2063 hat
1353 2030 1481 2063 hinein
1515 2030 1648 2064 ziehen

181 2081 321 2115 lassen.
377 2080 506 2115 Dativ.
547 2080 641 2113 oder
672 2079 800 2113 Ablat.
830 2098 875 2104 -—
935 2078 1039 2111 video
1071 2076 1153 2112 scil.
1188 2075 1367 2120 optimum
1396 2086 1479 2109 esse
1510 2087 1580 2120 pro
1604 2086 1648 2110 re

182 2126 339 2172 publica
363 2137 444 2160 cum
469 2125 578 2159 bonis
602 2125 710 2159 mori.
744 2126 836 2169 Vgl.
865 2136 922 2170 ep.
942 2126 1021 2167 200,
1037 2124 1090 2157 4.:
1124 2123 1215 2156 Cum
1242 2123 1338 2155 bona
1363 2121 1513 2164 quidem
1538 2132 1646 2165 spe..

183 2174 246 2208 vel
271 2172 445 2206 vincendi
470 2172 529 2206 vel
545 2171 581 2205 in
599 2171 775 2205 libertate
788 2171 987 2205 moriendi.
1006 2189 1049 2194 --
1088 2169 1243 2201 enim:
1257 2167 1407 2211 quidem
1420 2167 1583 2202 freilich.
1601 2186 1648 2193 -

184 2231 281 2254 omn.
307 2219 543 2263 exploratum
570 2223 636 2251 est.
664 2237 708 2243 —
755 2218 844 2251 victi
868 2218 952 2253 sint.
997 2216 1062 2250 Sic
1085 2214 1212 2247 Lamb.
1230 2213 1316 2248 Sch.
1343 2217 1425 2246 sunt
1443 2214 1536 2248 Cett.
1562 2225 1646 2248 cum

184 2267 276 2302 cdd.
317 2265 390 2300 ΟΒ.
415 2284 461 2290 --
517 2263 557 2297 in
586 2274 664 2307 pec.
698 2264 852 2309 locupl.‚
888 2264 937 2297 im
968 2261 1160 2296 Plundern
1191 2259 1259 2293 der
1287 2259 1468 2294 Reichen.
1525 2260 1646 2294 Diese

182 2313 437 2356 Weissagung
451 2311 500 2345 ist
514 2309 648 2344 iedoch
673 2310 776 2344 nicht
799 2311 834 2344 in
853 2309 1053 2351 Ersiillung
1068 2317 1275 2350 gegangen.
1293 2325 1337 2331 —
1360 2306 1552 2350 Ἐμπολιτ.
1572 2320 1645 2349 σοι,

184 2365 308 2394 tecum
328 2369 398 2402 ago
416 2359 462 2392 de
479 2368 519 2390 re
540 2356 702 2400 publica.
724 2376 767 2382 —
816 2357 878 2390 Ad
891 2365 1080 2396 summam,
1107 2364 1166 2386 um
1192 2352 1291 2386 Dich
1315 2352 1410 2385 kurz
1435 2362 1481 2386 zu
1506 2353 1642 2386 sassen.

183 2407 313 2441 Ueber
350 2405 412 2438 die
444 2403 594 2438 Formel
624 2402 714 2436 DIC
747 2403 805 2437 M.
843 2401 1003 2436 TULLI
1031 2410 1058 2433 s.
1099 2409 1145 2432 zu
1176 2409 1235 2443 ep.
1256 2399 1468 2441 CCXCIV,
1492 2399 1526 2432 5.
1563 2399 1643 2433 bes.

183 2451 483 2493 CCLXXXIV‚
507 2450 537 2483 4.
561 2467 604 2472 —
653 2449 859 2492 Assentior,
887 2449 1009 2482 Oxou.
1032 2446 1063 2479 2.
1090 2446 1195 2479 Rom.
1222 2447 1309 2478 Asc.
1329 2444 1362 2478 2.
1390 2444 1493 2480 Vict.
1511 2445 1543 2478 1.
1570 2445 1644 2478 As-

181 2500 334 2534 sentiar.
360 2517 404 2523 -
439 2497 482 2531 T.
501 2495 702 2538 Pomponio
735 2495 760 2529 i.
788 2506 821 2528 e.
856 2494 945 2536 tibi,
984 2492 1034 2525 mi
1060 2491 1195 2525 Attice.
1221 2509 1266 2515 —
1312 2490 1475 2524 Alexim.
1513 2489 1551 2525 S.
1579 2501 1639 2536 ep.

181 2545 394 2587 GCXCIII,
419 2545 455 2579 3.
488 2561 533 2567 -
578 2542 620 2575 id
653 2551 785 2582 agere,
822 2539 971 2574 Anstalt
995 2538 1089 2571 dazu
1115 2547 1160 2570 zu
1190 2536 1336 2570 treffen.

272 2595 305 2627 l.
333 2601 421 2636 opus
446 2586 602 2623 esttibi.
645 2591 724 2621 erat
755 2587 802 2620 de
832 2587 923 2620 Ern.
953 2595 1054 2629 susp.
1089 2583 1176 2618 Sch.
1208 2581 1322 2624 Lim„
1354 2581 1443 2625 quia
1473 2579 1644 2624 sequitur

178 2639 327 2682 faceret.
363 2656 407 2663 —
462 2637 671 2679 affirmare,
712 2633 783 2666 den
813 2630 1023 2677 Dionysius
1060 2640 1101 2664 so
1134 2628 1434 2672 angelegentlich
1476 2627 1538 2660 bei
1572 2627 1643 2661 mir

178 2695 226 2719 zu
261 2683 537 2727 rechtsertigen.
594 2681 637 2715 de
664 2679 796 2721 Dion„
822 2690 931 2723 quem
961 2675 1107 2712 Atticus
1136 2674 1261 2708 multis
1293 2673 1416 2708 verbis
1448 2680 1645 2708 excusarat

178 2741 339 2774 eumque
364 2731 413 2765 ob
438 2729 623 2775 ingratum
647 2726 807 2761 animum
825 2722 1002 2761 Ciceroni
1025 2728 1238 2766 suspectum
1254 2719 1485 2756 defenderat.
1533 2718 1641 2755 SC'H.
