1795 3043
525 84 836 135 EPISTOLA
871 84 1587 135 cccxxxvl..113

128 211 265 253 neque
297 200 401 253 [se]‚
451 199 488 241 si
526 201 679 252 vellet,
726 197 927 251 expedire
964 199 1121 249 posset.
1187 194 1310 238 Nunc
1340 196 1490 237 scitote
1519 207 1585 236 me
1608 201 1638 241 2

127 270 217 299 esse
246 258 290 298 in
311 269 472 298 summa
492 256 790 297 sollicitudine.
848 254 954 295 Nam
984 256 1026 293 et
1054 256 1117 294 tot
1146 255 1188 294 et
1216 255 1323 294 tales
1343 254 1455 294 viros
1473 252 1586 304 peri

127 317 226 356 culo
255 314 481 355 obsidionis
508 314 697 354 liberare
725 312 872 365 cupio:
917 322 1055 362 neque
1083 311 1273 350 subsidio
1299 312 1366 350 ire
1393 321 1584 362 possum3

127 371 240 422 quod
278 371 346 411 his
386 371 544 412 duabus
580 370 818 423 legionibus
860 380 945 408 non
976 368 1076 419 puto
1106 379 1194 407 esse
1225 366 1582 413 committendum,

128 430 176 468 ut
203 429 308 469 illuc
346 428 576 476 ducantur3
630 440 682 467 ex
711 425 867 477 quibus
897 425 1035 464 tamen
1074 436 1158 463 non
1188 425 1367 477 amplius
1397 436 1483 464 ΧΠ.
1516 434 1587 462 co-

127 485 271 525 hortes
301 485 552 525 contrahere
581 484 720 535 potui3
758 495 861 534 quas
880 479 1151 521 Brundisium
1181 481 1435 532 praesidium
1464 479 1585 528 misi;

125 554 263 593 neque
294 542 517 582 Canusium
546 539 637 580 sine
665 538 899 591 praesidio,
937 537 1036 577 dum
1066 537 1275 589 abessem,
1319 537 1465 589 putavi
1496 547 1585 576 esse

126 598 434 639 dimittendum.
492 597 541 638 D.
572 597 719 637 Laelio
757 595 1025 641 mandaram,
1082 593 1196 646 quod
1233 594 1412 634 maiores
1440 594 1585 645 copias
1608 596 1636 635 3

124 655 347 708 sperabam
376 667 453 695 nos
481 654 725 705 habituros,
775 654 845 701 ut,
888 652 922 692 si
949 650 1070 692 vobis
1098 651 1335 699 videretur,
1385 651 1589 691 alteruter

127 714 314 753 vestrum
358 712 411 752 ad
450 723 517 751 me
553 711 741 752 veniret:
784 711 893 750 alter
933 709 976 748 in
1008 708 1198 748 Siciliam
1235 720 1330 748 cum
1369 720 1418 748 ea
1447 708 1585 759 copia,

126 781 250 820 quam
279 769 447 821 Capuae
482 769 525 808 et
565 767 726 808 circum
756 766 941 818 Capuam
971 765 1270 816 comparastis,
1319 769 1361 805 et
1398 776 1493 804 cum
1533 763 1588 803 iis

127 825 357 877 militibus,
416 837 519 876 quos
555 825 736 864 Faustus
779 824 901 876 legit,
955 821 1320 873 proficisceretur;
1376 820 1587 861 Domitius

126 893 222 922 cum
242 895 320 923 xli.
341 882 426 921 suis
444 881 689 922 cohortibus
713 880 858 920 eodem
876 879 1199 932 adiungeretur;
1228 879 1419 929 reliquae
1439 878 1588 928 copiae

125 951 270 978 omnes
299 938 568 978 Brundisium
599 940 854 991 cogerentur
883 938 925 975 et
952 937 1051 976 inde
1080 935 1257 977 navibus
1272 934 1586 988 Dyrrhachium

125 997 527 1047 transportarentur.
598 995 746 1042 Nunc,
790 1006 917 1044 quum
958 994 1039 1034 hoc
1078 996 1266 1045 tempore
1294 992 1430 1032 nihilo
1460 991 1589 1043 magis

127 1065 203 1106 ego
223 1065 348 1104 quam
378 1064 451 1093 vos
476 1050 662 1091 subsidio
686 1050 871 1091 Domitio
895 1051 957 1090 ire
980 1051 1155 1102 possim,
1197 1060 1241 1079 *ἢ
1271 1061 1316 1088 se
1331 1061 1408 1101 per
1427 1051 1589 1088 montes

1499 1131 1580 1139 --4

124 1174 346 1218 Fucentiae,
381 1174 472 1208 ietzt
495 1173 609 1216 Albi,
643 1174 737 1207 auch
762 1172 799 1207 in
817 1172 1004 1208 Samnium
1031 1173 1213 1217 gelegen,
1245 1172 1590 1215 Ausbewahrungs-

124 1221 226 1266 platz
256 1221 317 1254 fiir
348 1220 548 1254 Romisehe
580 1199 925 1264 S’taatsgefangene.
961 1238 1007 1245 —
1054 1219 1121 1262 [se]
1160 1219 1221 1251 Ex
1261 1219 1388 1253 Lamb.
1437 1219 1590 1263 supple-

124 1273 248 1300 mento
274 1267 319 1300 ab
346 1266 428 1310 ipso
455 1277 529 1299 non
555 1273 720 1310 recepto.
747 1266 854 1300 omis.
879 1276 917 1298 se
943 1266 1064 1307 Cett.,
1101 1263 1208 1298 etiam
1235 1264 1371 1298 G1aev.
1391 1276 1471 1298 cum
1493 1264 1585 1299 Cdd.

129 1312 325 1346 ORELLI.
352 1330 395 1336 -—
444 1313 612 1355 expedire
637 1312 719 1345 scil.
745 1322 826 1351 eas,
861 1311 916 1345 sie
940 1311 1085 1346 wieder
1109 1321 1154 1344 an
1180 1309 1260 1344 sich
1276 1310 1428 1353 ziehen3
1461 1317 1526 1344 mit
1541 1321 1590 1352 se,

125 1358 205 1392 sich
229 1368 294 1390 aus
321 1358 402 1390 dem
430 1358 630 1400 Gedrange
658 1335 883 1390 losmach'en.

216 1403 250 1437 2.
288 1414 397 1446 neque
428 1410 547 1437 tamen
579 1404 713 1437 subsid.
746 1404 803 1436 ire
830 1413 996 1447 possum,
1046 1402 1119 1436 und
1146 1402 1242 1436 doch
1266 1401 1363 1436 kann
1389 1402 1449 1435 ich
1474 1402 1586 1435 ihnen

126 1449 228 1483 nicht
253 1459 298 1483 zu
324 1450 436 1483 Hiilfe
460 1449 644 1483 kommen.
671 1469 716 1474 —
755 1449 811 1482 his
834 1450 971 1482 duabus
995 1448 1202 1490 legionibus
1226 1459 1297 1481 non
1397 1449 1586 1490 commite„

124 1500 163 1529 ut
189 1501 278 1539 cet.‚
306 1495 422 1538 „weil
439 1494 497 1529 ich
515 1496 652 1538 glaube
676 1495 805 1528 diesen
831 1495 925 1529 zwei
944 1495 1136 1538 Legionen
1163 1494 1266 1528 nicht
1290 1505 1331 1528 so
1357 1494 1432 1528 viel
1458 1500 1587 1528 tranen

125 1551 171 1575 zu
199 1541 348 1580 din-sen,
381 1541 466 1575 dass
492 1542 551 1574 ich
576 1541 632 1574 sie
657 1541 807 1574 dorthin
833 1542 964 1574 suhren
990 1542 1121 1574 lasse.''
1166 1540 1221 1574 Er
1245 1540 1360 1574 meint
1385 1540 1446 1574 die
1472 1541 1588 1575 Vete-

126 1598 258 1626 ranen‚
301 1588 362 1621 die
395 1598 435 1620 er
467 1587 548 1620 dem
573 1588 688 1621 Gasar
718 1597 786 1620 zur
810 1586 1053 1630 Vollendung
1085 1587 1151 1620 des
1183 1586 1400 1620 Gallischen
1426 1587 1588 1630 Krieges

127 1633 323 1677 genehen,
370 1634 460 1666 aber
485 1644 552 1666 vor
578 1632 722 1676 einiger
747 1632 830 1666 Zeit
856 1644 928 1666 von
954 1633 1028 1666 ihm
1054 1632 1199 1666 wieder
1224 1632 1587 1666 zuruckbekommen

127 1681 237 1714 hatte.
290 1679 476 1722 Obgleich
513 1678 569 1712 sie
600 1679 671 1712 den
704 1679 807 1712 Kern
849 1679 916 1712 der
955 1679 1154 1724 Tmppen,
1195 1678 1257 1712 die
1291 1678 1354 1712 bei
1384 1679 1587 1723 Pompeius

124 1736 270 1767 waren,
298 1726 554 1767 ausmachten3
588 1735 629 1758 so
648 1736 773 1758 waren
799 1725 854 1759 sie
879 1725 976 1758 doch
1001 1726 1089 1758 sehr
1112 1724 1313 1768 abgeneigt
1335 1736 1457 1768 gegen
1474 1726 1587 1759 Ciisar

125 1781 171 1805 zu
207 1770 353 1805 dienen.
405 1769 443 1805 S.
482 1782 540 1816 ep.
569 1771 745 1814 ccclx,
778 1772 810 1806 3.
856 1771 1084 1812 CCCXVII,
1120 1773 1149 1804 l.
1194 1781 1240 1804 zu
1272 1771 1424 1805 CCCIII
1457 1775 1586 1804 ament.

124 1817 253 1850 consil.
296 1817 402 1851 Caes.
442 1816 489 1849 de
525 1817 569 1850 B.
606 1818 684 1850 Civ.
718 1819 757 1860 1,
790 1818 846 1851 14.
891 1817 966 1851 Dio
1002 1818 1104 1851 Cass.
1133 1817 1242 1859 XLI,
1269 1819 1302 1852 6.
1339 1835 1379 1841 -
1429 1817 1587 1860 amplius

126 1874 248 1905 quam.
295 1863 334 1897 S.
363 1863 510 1895 Ramsh.
544 1865 571 1905 §.
600 1864 683 1901 155.
712 1864 745 1896 2.
791 1864 933 1898 Grotef.
961 1864 989 1906 §-
1010 1864 1087 1898 387.
1119 1881 1163 1887 —
1214 1873 1304 1907 quas
1337 1863 1479 1896 Brund.
1522 1862 1586 1898 Sic

125 1911 211 1942 Asc.
237 1919 292 1952 pr.
321 1909 422 1942 Crat.
455 1909 591 1942 Muret.
639 1908 777 1952 Sicque
802 1921 823 1943 e
848 1909 925 1942 suis
952 1909 1045 1942 Cod.
1073 1908 1226 1942 volebat
1253 1908 1343 1942 Bos.
1382 1909 1475 1952 quod
1506 1909 1583 1943 Md.

17 1931 21 1995 ,Ἴ
71 1964 72 1967 ’
126 1954 226 1990 Vict.
255 1956 286 1987 l.
310 1954 343 1987 2.
378 1954 507 1986 Lamb.
543 1954 663 1996 (Bos.)
695 1954 810 1997 Seqq.
855 1955 1036 1988 Defendit
1062 1954 1266 1989 Graevius:
1312 1955 1376 1988 sed
1402 1955 1586 1997 elegantia

126 2001 198 2034 ista
215 1999 281 2033 vix
306 1998 479 2034 convenit
504 1999 664 2044 simplici
691 2000 873 2044 epistolae
899 2001 1053 2034 huiusce
1072 2000 1172 2035 stilo.
1212 2001 1586 2034 Acceditauctoritas

125 2046 253 2090 optim.
288 2045 381 2080 Cdd.
433 2046 536 2079 Idem
577 2056 685 2079 error
719 2057 807 2080 mox
844 2047 1006 2081 recurrit
1045 2047 1081 2080 in
1115 2046 1193 2079 Md.
1231 2047 1435 2089 milztz'bus,
1479 2048 1585 2090 quod.

126 2092 324 2126 ORELLI.
362 2091 437 2125 Die
453 2092 620 2135 Eleganz
646 2092 824 2126 bestiinde
849 2092 887 2126 in
913 2092 981 2126 der
997 2092 1248 2134 Verbindung
1272 2103 1343 2125 von
1369 2093 1463 2136 quod
1475 2104 1587 2137 prae-

122 2139 270 2172 sidium.
303 2138 341 2172 S.
367 2138 513 2172 Ramsh.
539 2139 567 2181 ς.
586 2139 664 2181 159,
689 2140 724 2181 3,
749 2139 782 2172 d.
807 2158 851 2163 —
899 2139 995 2172 misi.
1029 2137 1228 2181 Vorliiufig
1252 2137 1321 2172 lies
1305 2149 1340 2172 ss
1362 2149 1403 2171 er
1427 2138 1482 2172 sie
1508 2145 1584 2172 erst

125 2184 161 2218 in
186 2184 348 2218 Luceria
371 2194 456 2217 vser
460 2184 635 2226 ammeln,
674 2195 752 2218 was
778 2195 822 2217 an
848 2184 915 2217 der
940 2185 1204 2228 Hauptstrasse
1229 2185 1321 2217 nach
1345 2184 1582 2218 Brundisium

124 2231 196 2273 lag.
240 2230 279 2264 S.
307 2241 364 2274 ep.
385 2231 467 2272 336,
492 2230 695 2273 Anlagec.
724 2231 788 2272 §.2
813 2241 867 2263 am
887 2231 1005 2265 Ende.
1033 2249 1076 2254 —
1123 2230 1275 2273 dimitt„
1307 2230 1410 2264 nicht
1434 2241 1499 2264 aus
1517 2231 1583 2264 der

125 2276 220 2310 Acht
247 2276 282 2309 d.
312 2276 338 2316 i,
364 2276 465 2309 nicht
488 2277 586 2309 ohne
590 2256 684 2309 DBes
687 2283 824 2318 atming
848 2276 899 2309 las
903 2287 966 2309 sen
992 2286 1036 2309 zu
1064 2276 1208 2310 diirsen.

215 2323 250 2356 3.
292 2323 339 2355 D.
366 2322 504 2355 Laelio.
554 2321 590 2355 S.
618 2332 664 2366 ep
669 2322 975 2364 WCCCXXXIV
1007 2322 1181 2356 D.1.—
1227 2320 1338 2356 habit.
1364 2331 1470 2364 esse,
1497 2320 1581 2355 dass

125 2367 185 2401 ich
213 2367 296 2400 eine
315 2368 414 2403 Vser
419 2367 577 2410 {atkung
602 2334 731 2401 unpseis
750 2369 869 2402 Heers
895 2367 1061 2401 ethalten
1086 2367 1229 2401 wiirde.
1257 2387 1300 2391 —
1348 2367 1467 2408 vobis,
1494 2378 1581 2400 con-

124 2412 282 2447 sulibus.
308 2431 352 2437 —-
399 2424 510 2456 quos,
550 2396 622 2449 Md.
650 2425 670 2446 a
694 2425 748 2458 pr.
776 2426 819 2449 m.
854 2413 954 2449 Vict.
977 2414 1005 2446 Ι.
1034 2414 1067 2447 2.
1094 2414 1197 2457 quod.
1237 2412 1276 2447 S.
1303 2423 1348 2445 zu
1381 2413 1409 2454 §.
1426 2412 1458 2445 2.
1493 2423 1582 2456 quas

126 2460 192 2492 Br.
219 2476 262 2484 -
309 2458 463 2491 Faustus
487 2457 605 2492 Sulla.
648 2459 686 2494 S.
714 2471 773 2504 ep.
795 2459 1033 2501 CCCXXVI,
1059 2462 1090 2493 7.
1119 2460 1190 2501 leg.
1217 2459 1352 2492 Fausto
1378 2469 1514 2492 conscr.
1537 2477 1585 2492 —·-.

124 2505 247 2538 eodem
272 2504 446 2546 adiung.,
492 2504 569 2537 sich
604 2505 716 2538 daran
751 2506 937 2547 schlosse,
977 2516 1022 2539 zu
1058 2505 1169 2539 ihnen
1203 2510 1347 2538 stossen
1378 2504 1503 2539 sollte.
1537 2523 1578 2531 —

125 2551 192 2585 hoe
217 2554 399 2593 tempore,
433 2548 630 2583 dermalen.
658 2570 701 2576 —
752 2573 796 2586 ‚2
824 2562 862 2584 se
882 2562 949 2595 per
971 2556 1118 2585 montes.
1153 2562 1173 2584 e
1198 2549 1290 2583 Cdd.
1317 2550 1402 2583 Bos.
1443 2550 1577 2584 Graev.

124 2597 213 2630 Ern.
241 2606 379 2639 semper
402 2599 537 2628 montes
561 2596 638 2630 Md.
665 2597 787 2630 Oxou.
813 2600 846 2631 l.
873 2598 905 2631 2.
931 2608 992 2630 seu
1014 2608 1081 2640 per
1103 2608 1151 2629 m.
1177 2596 1262 2628 Asc.
1290 2597 1321 2628 l.
1350 2597 1445 2629 Crat.
1476 2596 1577 2630 vict.

126 2644 159 2676 l.
185 2642 216 2675 2.
249 2642 375 2674 Lamb.
409 2641 508 2684 isque
543 2651 580 2673 se
606 2652 675 2683 per
705 2647 842 2675 montes
876 2643 1059 2685 explicare
1091 2642 1170 2675 scil.
1203 2641 1318 2683 possit
1354 2641 1400 2674 de
1426 2640 1576 2675 Graevii

125 2698 224 2732 susp.
260 2687 345 2721 Sch.
378 2686 472 2719 Liin.
521 2687 625 2720 Haud
662 2686 848 2732 displicet.
899 2689 1071 2722 Fortasse
1097 2694 1213 2720 tamen
1241 2697 1311 2719 non
1339 2685 1479 2720 excidit
1505 2687 1578 2722 nisi

123 2734 189 2767 ille
214 2733 271 2767 vel
296 2734 340 2767 is.
368 2732 563 2765 ORELLI.
612 2733 714 2775 „und
739 2745 781 2767 er
805 2734 885 2768 sich
911 2734 1027 2768 durch
1051 2733 1112 2766 die
1138 2732 1261 2775 Berge
1286 2733 1350 2767 des
1375 2733 1577 2768 Samniter-
