1795 3043
525 104 853 175 ‘EPISTOLA
889 104 1126 151 CCCLVI.
1463 110 1566 160 479

99 220 425 273 constitueram,
453 218 611 273 possim
628 217 787 260 videre.
832 217 984 259 Omnia
1009 217 1130 261 uobis
1150 216 1368 271 imparatis
1389 217 1564 269 agenda.

99 278 184 320 Sed
213 280 354 320 tamen

321 343 425 386 ἄλλα
453 344 528 394 μὲν
554 341 694 396 αὐτὸς,
735 346 782 385 ut
811 343 872 385 ait
902 344 992 392 ille,

212 400 319 442 ἄλλοι
350 404 394 442 δὲ
422 404 494 442 καὶ
524 403 682 451 δαίμων
708 399 981 451 ὑποθήσεται.

100 482 316 535 Quidquid
346 495 494 538 egero,
527 484 729 524 continuo
749 481 869 523 scies.
930 480 1131 522 Mandata
1162 481 1354 522 Caesaris
1384 481 1437 523 ad
1467 493 1565 522 con·

98 541 212 580 sules
251 542 294 580 et
333 542 387 582 ad
416 541 685 592 Pompeium,
734 552 842 591 quae
871 552 1016 592 rogaS‚
1066 539 1185 580 nulla
1214 540 1373 589 habe03
1428 550 1567 591 neque

99 597 314 649 descripta
335 599 477 638 attulit
496 599 573 638 illa
591 597 760 637 Lucius.
805 598 842 637 E
858 597 928 637 via
956 597 1049 637 misi
1080 596 1132 637 ad
1152 598 1193 636 te
1223 597 1344 648 ante,
1373 609 1397 636 e
1414 595 1568 648 quibus

98 654 296 695 mandata
324 657 428 708 puto
457 654 639 706 intelligi
669 666 805 706 posse.
863 653 1086 707 Philippus
1115 653 1296 705 Neapoli
1327 655 1413 706 est,
1461 653 1568 694 Len-

99 712 213 752 tulus
242 712 447 754 Puteolis.
504 711 569 753 De
599 711 806 761 Domitio,
852 713 901 751 ut
930 712 1056 764 facis,
1103 711 1347 759 sciscitare,
1390 710 1467 751 ubi
1496 711 1565 759 sit,

101 768 204 820 quid
233 771 403 822 cogitet.
463 769 582 818 Quod
604 768 780 817 scribis,
811 769 1000 821 asperius
1030 781 1119 821 me,
1148 780 1274 820 quam
1297 768 1379 809 mei
1406 768 1568 821 patian-
1591 768 1621 812 5

100 828 171 866 tur
199 838 358 874 mores,
390 826 443 867 de
464 826 667 880 Dionysio
695 826 939 879 scripsisse,
969 825 1089 876 vide,
1119 838 1243 877 quam
1272 826 1348 866 sim
1378 826 1571 876 antiquo-

100 895 195 922 rum
226 883 459 925 hominum.
518 885 579 924 Te
609 883 773 924 medius
802 882 926 924 fidius
955 884 1066 924 hanc
1096 895 1187 923 rem
1222 883 1392 936 gravius
1422 881 1571 935 putavi

101 940 289 980 laturum
320 953 410 981 esse
441 953 569 992 quam
598 953 676 981 me.
733 939 841 981 Nam
868 941 1167 992 praeterquam
1197 940 1312 992 quod
1340 942 1383 980 te
1410 938 1571 980 moveri

101 997 288 1037 arbitror
317 1000 513 1050 oportere
551 997 732 1049 iniuria,
772 1009 880 1050 quae
918 997 1023 1037 mihi
1050 1011 1075 1037 a
1105 1009 1321 1048 quoquam
1349 997 1466 1038 facta
1493 997 1568 1045 sit;

99 1056 321 1106 praeterea
350 1057 393 1095 te
422 1056 558 1108 ipsum
587 1054 767 1107 quodam
796 1054 921 1094 modo
950 1055 1022 1094 hic
1053 1054 1249 1101 violavit,
1282 1066 1409 1105 quum
1437 1053 1484 1093 in
1503 1064 1572 1093 me

102 1113 190 1151 tam
219 1111 438 1164 improbus
467 1113 564 1152 fuit.
625 1111 709 1151 Sed
739 1114 785 1151 tu
815 1111 860 1150 id
891 1111 1038 1161 quanti
1068 1111 1283 1160 aestimes,
1322 1112 1442 1150 tuum
1466 1109 1574 1150 iudi-

101 1168 215 1208 cium
245 1170 320 1210 est.
378 1168 467 1209 Nec
495 1169 636 1208 tamen
664 1168 709 1208 in
739 1168 822 1208 hoc
851 1166 932 1207 tibi
962 1167 1191 1219 quidquam
1213 1168 1354 1207 oneris
1382 1168 1592 1219 impono„

101 1225 191 1278 Ego
232 1227 370 1266 autem
400 1225 522 1265 illum
551 1226 662 1265 male
692 1236 842 1265 sanum
870 1236 1037 1276 semper
1075 1225 1245 1276 putavi,
1292 1237 1405 1264 nunc
1443 1224 1573 1264 etiam

101 1282 314 1334 impurum
345 1283 387 1321 et
416 1283 672 1323 sceleratum
700 1284 826 1334 puto:
873 1293 955 1322 nec
984 1282 1126 1321 tamen
1155 1282 1261 1321 mihi
1290 1281 1576 1322 inimiciorem.

102 1351 227 1390 quam
268 1339 362 1379 sibi.
419 1338 484 1378 De
514 1338 790 1391 Philargyro,
832 1337 962 1378 bene:
1011 1350 1182 1378 causam
1223 1339 1340 1378 certe
1380 1337 1572 1378 habuisti

103 1397 146 1436 et
184 1408 326 1437 veram
366 1396 408 1435 et
447 1395 626 1444 bonam;
674 1396 872 1435 relictum
913 1406 1002 1435 esse
1040 1406 1108 1434 me
1148 1395 1289 1448 potius
1318 1407 1445 1447 quam
1475 1395 1576 1435 reli-

104 1453 258 1504 quisse.
317 1452 454 1500 Quum
485 1451 691 1492 dedissem
720 1452 806 1492 iam
835 1452 982 1492 literas
1020 1465 1057 1492 a.
1090 1451 1133 1491 d.·
1169 1465 1269 1493 v111.
1297 1453 1418 1506 Kal.,
1464 1465 1572 1504 quos
1595 1456 1625 1497 6

104 1599 211 1632 Iahrs
242 1608 311 1631 vor
336 1598 468 1632 Gasars
493 1596 745 1641 Ermordung.
781 1616 824 1622 —
869 1597 1014 1639 videre,
1048 1602 1243 1641 antequam
1272 1598 1412 1632 Caesar
1446 1609 1577 1633 accur-

106 1644 213 1679 rerit.
247 1663 289 1669 -
338 1645 454 1679 ἄλλα
484 1648 559 1687 μὲν
592 1643 751 1685 αὐτὸς,
797 1641 871 1676 alia
895 1642 1046 1686 quidem
1072 1643 1154 1687 ipse
1180 1655 1377 1688 suggeram
1403 1645 1578 1689 (Einiges

105 1690 222 1725 werd'
256 1689 316 1724 ich
349 1690 476 1723 selber
506 1688 576 1722 mir
608 1689 775 1732 rathen),
815 1688 889 1723 alia
913 1696 1034 1723 autem
1058 1690 1118 1723 vel
1144 1690 1250 1725 Deus
1274 1696 1464 1736 suggeret.
1514 1692 1577 1726 Ex

105 1737 256 1772 Homer.
273 1735 409 1778 Odyss.
438 1736 510 1778 ΙΙΙ,
535 1735 581 1770 26
601 1746 658 1779 sq.
683 1753 729 1761 -
762 1745 895 1778 egere,
923 1735 983 1778 ich
1008 1736 1137 1770 werde
1161 1737 1416 1780 ausgerichtet
1440 1738 1576 1773 haben.

106 1801 149 1808 —-
184 1783 368 1817 Mandata
392 1783 464 1825 ad,
499 1782 664 1825 Antr'age
689 1792 747 1815 an.
773 1800 816 1806 -·
853 1782 958 1815 nulla
980 1793 1027 1816 Ξ
1052 1793 1136 1816 ηοη,
1164 1802 1209 1808 —
1257 1795 1368 1828 neque
1393 1785 1578 1829 descripta

106 1829 231 1863 attulit
255 1829 323 1862 illa
348 1828 488 1861 Lucius
523 1828 603 1861 scil.
630 1828 787 1871 Caesar,
824 1827 889 1871 qui
914 1835 1069 1862 venerat
1094 1840 1175 1863 cum
1200 1830 1382 1864 mandatis
1409 1837 1446 1864 et
1471 1830 1576 1865 visus

107 1882 188 1910 erat
225 1885 246 1908 a
277 1874 462 1908 Cicerone
495 1873 718 1917 Minturnis,
760 1873 859 1908 unde
890 1874 1023 1909 Cicero
1057 1883 1299 1919 cognoverat.
1336 1876 1574 1912 ERNESTI.

108 1921 145 1956 S.
173 1931 230 1965 ep.
256 1922 346 1964 307,
371 1920 404 1954 6.
444 1921 532 1963 311,
557 1921 592 1954 2.
632 1922 720 1962 314,
747 1920 780 1954 2.
825 1921 914 1963 315,
945 1921 979 1956 2.
1025 1923 1105 1956 316.
1145 1924 1232 1965 336,
1265 1923 1299 1957 2.
1355 1924 1576 1958 Tunstallus

107 1979 144 2012 p.
180 1968 270 2010 150,
303 1968 335 2001 1.
361 1966 394 2000 2.
427 1966 551 2000 locum
583 1966 785 2001 constituit.
837 1967 963 2012 Vulgo
997 1967 1044 2002 de
1076 1969 1246 2004 Turnebi
1278 1969 1375 2004 coni.
1411 1970 1574 2014 legitur:

108 2024 198 2059 quae
230 2014 404 2057 Aegypta
436 2013 581 2055 attulit,
620 2013 688 2046 illa
722 2023 739 2046 e
769 2012 832 2047 via
862 2015 950 2048 misi
982 2015 1031 2049 ad
1062 2019 1094 2048 te
1127 2020 1222 2049 ante.
1265 2014 1305 2050 S.
1337 2027 1394 2061 ep.
1416 2017 1508 2059 314,
1540 2016 1576 2051 5.

108 2060 141 2094 E
166 2059 247 2102 via,
288 2060 355 2093 aus
381 2059 525 2093 meiner
555 2058 814 2094 Hieherreise.
845 2078 888 2085 —
935 2061 981 2095 L.
1006 2062 1171 2096 Marcius
1195 2061 1408 2106 Philippus,
1440 2073 1577 2097 consu-

108 2105 212 2140 laris
261 2105 353 2139 Nam
388 2106 454 2140 698
488 2106 721 2139 consulatum
751 2111 932 2150 gesserat.
965 2127 1010 2133 —
1057 2108 1234 2141 Lentulus
1259 2108 1462 2153 Spinther,
1503 2119 1579 2144 von

108 2152 223 2186 Gasar
248 2161 293 2186 zu
310 2151 515 2186 Corfinium
542 2152 740 2196 gesangen,
766 2152 856 2186 aber
880 2153 1138 2188 entlassen.--
1168 2155 1224 2190 De
1239 2154 1408 2189 Domitio
1423 2155 1579 2190 Aheno-

108 2198 225 2233 barbo
251 2197 408 2233 Corfinii
433 2203 567 2243 capto,
593 2198 660 2233 sed
681 2208 703 2232 a
728 2199 888 2233 Caesare
914 2199 1080 2235 dimisso.

197 2267 232 2301 5.
263 2277 404 2310 mores,
435 2266 665 2310 Charakter,
702 2267 925 2301 namentlich
950 2268 1178 2314 Miissigung.
1212 2286 1256 2295 ·—
1302 2269 1360 2305 De
1384 2271 1577 2317 Dionysio.

111 2309 150 2346 S.
177 2323 234 2357 ep.
256 2313 344 2356 323,
369 2315 403 2348 3.
435 2314 516 2348 327.
549 2314 630 2349 328.
666 2315 747 2348 333.
779 2315 866 2357 353,
891 2314 924 2347 2.
951 2333 996 2340 -
1031 2326 1138 2360 quam
1164 2341 1173 2350 .
1191 2343 1200 2351 .
1225 2317 1337 2361 antiq.
1359 2317 1476 2360 hom„
1502 2318 1580 2353 wie

112 2358 198 2392 sehr
232 2358 293 2392 ich
329 2358 424 2406 no'ch
449 2370 532 2394 vom
558 2360 657 2394 alten
684 2359 846 2404 Schlage
870 2359 947 2394 bin.
979 2380 1025 2388 —-
1071 2363 1166 2396 male
1188 2373 1338 2407 sanum,
1375 2365 1436 2398 fiir
1467 2363 1579 2398 einen

112 2405 313 2439 Menschen
352 2409 427 2439 v‘on
458 2406 689 2441 schwachem
722 2406 946 2441 Verstande.
979 2426 1025 2433 -—
1077 2419 1184 2452 quam
1219 2409 1312 2452 sibi,
1357 2420 1438 2443 nam
1470 2409 1579 2444 illum

114 2449 341 2485 ulciscentur
374 2461 498 2486 mores
529 2454 611 2496 sui,
653 2459 693 2486 ut
717 2453 769 2486 ait
800 2464 858 2498 ep.
874 2454 962 2497 353,
986 2454 1008 2488 2
1043 2455 1112 2489 sub
1137 2456 1222 2490 fine.
1257 2474 1302 2481 -
1348 2456 1403 2489 De
1428 2455 1580 2490 Philar-

111 2507 229 2542 gyro,
257 2497 353 2549 bene·
368 2496 392 2531 i.
416 2508 449 2531 e.
476 2499 575 2542 quod
600 2499 697 2544 apud
711 2499 980 2546 Philargyrum
1005 2512 1063 2535 me
1088 2500 1290 2535 defendisti
1315 2500 1361 2535 de
1376 2501 1580 2548 Dionysio,

113 2543 208 2577 bene
234 2543 368 2577 fecisti.
417 2543 666 2591 Philargyrus
691 2557 771 2580 war
796 2546 1045 2581 vermuthlich
1070 2548 1164 2581 auch
1189 2547 1248 2581 ein
1268 2546 1477 2582 Graeculus
1503 2548 1578 2583 und
1647 2576 1650 2578 -

112 2589 262 2624 Freund
289 2590 353 2624 des
369 2588 597 2634 Dionysius,
631 2592 698 2626 der
723 2592 852 2627 diesen
878 2593 943 2627 auf
959 2593 1153 2627 Unkosten
1167 2594 1331 2628 Cicero's
1357 2605 1477 2638 gegen
1493 2595 1577 2633 „den

115 2635 265 2670 Attikus
292 2636 558 2680 reclusertigen
584 2638 727 2672 wollte.
766 2638 916 2674 WIEL.
964 2640 1037 2674 Hic
1063 2640 1311 2684 Philargyrus
1337 2640 1495 2675 libertus
1520 2642 1577 2677 vi-

114 2681 223 2716 detur
245 2682 360 2716 fuisse
385 2682 572 2724 Graecus,
607 2684 667 2718 cui
693 2684 850 2729 Cicero,
886 2697 996 2730 quum
1024 2685 1234 2731 Dionysius
1261 2686 1434 2729 abiisset,
1470 2698 1576 2722 suum

115 2733 152 2761 et
177 2728 302 2762 fratris
328 2728 444 2762 filium
471 2729 506 2762 in
534 2730 769 2775 disciplinam
794 2732 943 2766 tradere
970 2731 1144 2765 voluerit.
1177 2731 1291 2765 SCH:
1319 2753 1358 2759 -—
1408 2735 1577 2769 relictum

115 2783 190 2808 use
212 2785 268 2809 me
291 2775 373 2810 scil.
399 2785 421 2810 a
445 2774 656 2821 Dionysio,
686 2787 794 2821 quam
816 2788 874 2811 me
899 2778 1089 2823 reliquisse
1113 2788 1206 2812 eum.
