1795 3043
229 106 330 156 228
497 99 562 146 M.
599 99 654 145 Τ.
691 96 1029 146 CICERONIS
1064 98 1434 147 EPISTOLAE.

235 225 391 261 essem,
432 223 559 263 quum
590 212 632 251 te
661 223 713 252 ex
741 212 873 252 fratre
901 224 995 252 meo
1024 224 1078 252 ne
1107 213 1208 253 tunc
1239 211 1433 264 quidem,
1461 224 1591 264 quum
1618 211 1701 254 tibi

237 283 372 325 prope
402 281 574 309 necesse
604 273 712 308 esset
743 281 812 309 eas
842 282 965 322 agere
994 270 1155 321 partes,
1187 270 1408 309 inimicum
1438 270 1542 310 mihi
1571 270 1701 310 fuisse

240 325 514 380 cognossem?
567 326 701 373 Quum
736 338 836 367 vero
877 327 1060 366 reditum
1090 328 1278 367 nostrum
1306 326 1349 365 in
1378 327 1559 378 gratiam
1588 328 1701 367 uter·
1759 353 1760 359 ,

240 398 323 438 que
351 383 598 435 expetisset:
628 382 728 434 quid
755 383 799 423 in
833 385 1054 423 consulatu
1084 385 1157 423 tuo
1185 385 1344 423 frustra
1373 396 1538 424 mecum
1559 383 1700 437 egisti,
1759 397 1760 403 ¹

238 441 352 494 quod
380 453 446 480 me
478 441 550 479 aut
578 440 720 480 facere
749 442 821 480 aut
851 441 1006 480 sentire
1035 440 1268 480 voluisses?
1313 440 1422 487 Quid
1451 440 1556 480 mihi
1586 452 1702 481 man·
1754 468 1757 471 -

241 499 362 546 dasii,
394 509 521 549 quum
549 497 591 537 te
620 497 808 537 Puteolis
836 509 1137 550 prosequerer,
1183 499 1228 537 in
1259 509 1341 549 quo
1372 510 1456 537 non
1487 498 1703 555 exspecta-

189 557 218 598 9
240 556 399 597 tionem
428 556 542 594 tuam
568 553 789 606 diligentia
810 567 902 594 mea
931 553 1134 595 vicerim?
1172 554 1329 602 Quodsi
1357 554 1401 594 id
1431 555 1493 594 est
1521 554 1703 594 maxime

240 613 391 664 astuti,
431 612 572 651 omnia
602 612 656 651 ad
695 624 811 650 suam
841 612 1067 651 utilitatem
1107 612 1289 651 referre:
1329 612 1430 662 quid
1466 611 1574 651 mihi
1610 613 1703 652 tan·
1762 603 1764 611 ’

240 671 336 711 (10111
365 670 456 709 erat
485 668 655 715 utilius,
699 667 801 718 quid
831 666 1058 708 commodis
1088 668 1190 708 meis
1219 669 1380 720 apiiuS,
1417 680 1541 720 quam
1568 668 1703 708 homi-

240 728 307 769 nis
343 725 595 767 nobilissimi
632 726 758 775 atque
794 725 1104 764 honoratissimi
1141 726 1405 766 coniunctio:
1439 725 1559 765 cuius
1587 737 1703 777 opeS‚

241 785 475 837 ingenium,
504 781 651 828 liberi,
686 780 858 832 affines,
889 782 1140 833 propinqui,
1169 782 1273 822 mihi
1302 794 1451 835 magno
1481 783 1551 823 vel
1581 794 1703 822 orna-

241 843 384 882 mento
413 840 481 880 vel
510 837 722 891 praesidio
752 850 839 878 esse
876 838 1075 891 possent?
1112 839 1250 885 (Quae
1287 841 1426 879 tamen
1455 851 1531 892 ego
1561 838 1704 879 omnia

242 901 288 939 in
319 897 552 949 expetenda
581 896 770 936 amicitia
797 897 870 935 tua
906 907 990 935 non
1027 896 1181 935 astutia
1218 897 1419 947 quadam,
1459 896 1532 936 sed
1560 896 1706 947 aliqua

241 956 384 1009 potius
421 953 628 1006 sapientia
667 953 833 992 secutus
871 965 975 994 511111.
1034 952 1171 1000 Quid?
1206 954 1283 993 illa
1320 953 1514 1001 vincula,
1551 952 1708 1005 quibus

244 1012 414 1065 quidem
442 1009 717 1050 libentissime
746 1009 996 1061 adstringor,
1026 1010 1183 1060 quanta
1209 1012 1304 1049 sunt
1329 1010 1563 1050 studiorum
1592 1009 1706 1050 simi-

244 1069 393 1117 litudo,
426 1068 607 1108 suavitas
637 1066 963 1114 consuetudinis,
996 1066 1223 1107 delectatio
1252 1067 1365 1107 vitae
1394 1069 1523 1118 atque
1551 1067 1704 1114 victus,

245 1125 449 1168 sermonis
479 1124 672 1170 societas,
704 1124 855 1163 literae
883 1123 1119 1163 interiores.
1171 1123 1307 1174 Atque
1335 1125 1442 1164 haec
1460 1123 1706 1164 domestica.

245 1185 293 1232 (ῃ
313 1184 353 1223 id
382 1184 458 1222 illa
485 1181 654 1222 tandem
682 1181 939 1231 popularia?
969 1180 1130 1220 reditus
1160 1180 1338 1220 illustris
1367 1181 1411 1220 in
1439 1182 1632 1234 gratiam,
1659 1180 1708 1220 111

246 1253 328 1293 quo
359 1252 411 1280 110
442 1251 518 1291 per
547 1238 873 1290 imprudentiam
901 1237 1070 1288 quidem
1099 1238 1233 1277 errari
1274 1239 1412 1289 potest
1447 1239 1537 1277 sine
1576 1237 1709 1289 suspi-
1754 1240 1756 1247 ‘

246 1299 368 1338 cione
398 1294 624 1347 perfidiae,
665 1293 913 1345 ampliSsimi
943 1294 1168 1333 sacerdotii
1196 1294 1434 1346 collegium,
1455 1295 1497 1333 in
1519 1306 1602 1346 quo
1620 1305 1708 1334 non
1749 1338 1750 1343 Ἰ

245 1354 367 1394 inodo
399 1352 631 1393 amicitiam
659 1351 813 1391 violari
855 1350 966 1402 apud
996 1351 1176 1390 maiores
1205 1352 1367 1390 nostros
1397 1352 1459 1391 fas
1487 1363 1572 1390 non
1601 1351 1707 1398 erat,
1748 1343 1754 1393 J

247 1411 321 1451 sed
349 1422 403 1450 ne
431 1410 623 1461 cooptari
655 1407 826 1459 quidem
856 1407 1114 1448 sacerdotem
1142 1407 1312 1455 licebat,
1343 1409 1415 1459 qui
1437 1408 1634 1460 cuiquam
1655 1419 1709 1448 ex

173 1478 228 1517 10
250 1468 429 1520 collegio
460 1468 569 1506 05501
597 1465 808 1506 inimicus.
869 1466 983 1512 Quae
1011 1468 1058 1504 ut
1087 1466 1276 1504 omittam
1304 1468 1391 1505 tam
1418 1466 1552 1506 multa
1580 1466 1710 1516 atque

249 1528 385 1566 tanta:
418 1524 511 1574 quis
540 1535 724 1573 unquam
754 1522 860 1562 tanti
890 1534 1136 1573 quemquam
1166 1523 1268 1561 fecit
1297 1524 1370 1562 aut
1398 1523 1540 1563 facere
1569 1521 1709 1574 potuit
1750 1527 1752 1532 '

250 1584 323 1623 aut
352 1580 510 1631 debuit,
539 1579 685 1630 quanti
713 1591 787 1630 ego
820 1578 891 1618 Cn.
917 1579 1186 1630 Pompeium,
1218 1591 1411 1619 socerum
1439 1581 1537 1620 tuae
1564 1578 1710 1619 filiae?

250 1638 421 1680 Etenim
438 1637 473 1678 si
490 1637 640 1678 merita
655 1636 821 1678 valent:
851 1637 1032 1689 patriam
1051 1636 1223 1686 liberos,
1249 1637 1426 1677 salutem
1445 1636 1711 1690 dignitatem,

566 1733 928 1740 ..w—W

251 1797 331 1820 eam
364 1785 607 1819 occasionem.
628 1801 672 1809 --
721 1788 800 1817 erat
823 1795 868 1816 =
894 1787 1002 1817 esset.
1029 1792 1058 1816 5.
1083 1782 1232 1816 Ramsh.
1258 1782 1288 1825 §.
1306 1782 1387 1825 166,
1402 1781 1438 1824 2,
1463 1793 1495 1815 c.
1520 1780 1609 1816 Not.
1657 1779 1710 1815 So

251 1834 346 1867 iiber
377 1833 463 1876 quid
493 1835 602 1873 esset,
636 1841 701 1864 cur
731 1840 759 1864 s.
779 1830 925 1863 Ramsh.
953 1830 982 1872 §.
1005 1830 1083 1872 184,
1103 1829 1138 1871 2,
1164 1829 1251 1863 Not.
1267 1828 1345 1862 1.2.
1380 1839 1423 1861 ne
1447 1831 1530 1861 tunc
1554 1827 1709 1871 quidem,

252 1890 364 1923 quum
389 1879 506 1923 Appii
533 1877 679 1912 Claudii
714 1877 829 1910 1111101
862 1877 900 1910 C.
921 1875 1076 1910 Clodius
1107 1887 1164 1908 me
1197 1875 1446 1918 impugnabat.
1473 1873 1560 1909 Sch.
1597 1873 1636 1908 S.
1663 1872 1712 1907 ad

252 1926 402 1959 Divers.
424 1925 498 1965 HI,
520 1926 572 1957 lo.
607 1924 652 1956 ad
686 1922 795 1956 Attic.
811 1923 868 1965 n,
889 1923 945 1956 22.
962 1941 1006 1946 --
1045 1922 1202 1955 reditum
1238 1922 1275 1954 in
1300 1925 1424 1962 grat„
1456 1930 1591 1954 11115010
1615 1921 1713 1953 Aus-

252 1972 433 2014 sohnung.
457 1970 682 2013 Mart-Lag.
707 1968 802 2002 coni.
829 1968 913 2003 Sch.
948 1969 1105 2001 reditum
1128 1968 1167 2001 in
1190 1967 1355 2010 gratiam
1379 1970 1527 2010 uterque
1551 1965 1713 2000 nostram
1745 1979 1747 1981 ¹
1793 1968 1795 1978 ¹

270 2029 316 2051 Ξ
338 2017 411 2051 wir
436 2016 563 2059 beide,
591 2016 649 2049 ich
675 2027 710 2049 u.
738 2015 838 2056 Du).
867 2015 939 2050 ΟΕ.
975 2015 1107 2058 Vergl.
1135 2025 1191 2059 ep.
1210 2014 1404 2056 CCXXII,
1428 2015 1517 2047 7.—-
1556 2014 1711 2054 frastra,
1745 2015 1748 2018 ’
1790 2015 1795 2054 j

253 2064 482 2107 vergebens,
523 2063 558 2096 d.
581 2062 606 2097 i.
635 2073 675 2096 so
703 2062 784 2095 dass
811 2062 870 2095 ich
894 2061 1043 2094 Deinen
1069 2060 1235 2094 Wunsch
1258 2059 1360 2093 nicht
1385 2059 1513 2092 erffillt
1535 2058 1650 2092 hatte.
1669 2076 1713 2084 --
1744 2067 1745 2070 ’
1793 2058 1795 2061 “

252 2110 406 2151 sentire,
429 2109 551 2143 wofnr
578 2108 625 2141 im
651 2109 763 2143 Senat
789 2108 972 2149 stimmen,
999 2107 1037 2140 in
1061 2112 1188 2140 senatu
1211 2117 1282 2150 pro
1307 2105 1491 2138 sententia
1514 2104 1652 2138 dicere.
1668 2123 1714 2129 —

253 2156 427 2191 Puteolis.
470 2156 664 2189 Fortasse:
698 2154 878 2188 Puteolos.
912 2153 1108 2187 ORELLI.
1142 2153 1226 2195 „als
1256 2151 1317 2186 ich
1348 2151 1449 2185 Dich
1481 2150 1543 2184 bei
1568 2150 1715 2185 Deiner

254 2202 415 2236 Abi-eise
440 2212 511 2234 von
526 2202 623 2235 Rom
648 2201 685 2234 in
712 2201 772 2234 die
791 2200 956 2234 Provinz
981 2202 1044 2234 701
1069 2199 1126 2233 bis
1150 2199 1243 2232 nach
1258 2197 1403 2232 Puzzol
1427 2196 1670 2241 begleitete.''

345 2260 379 2294 9.
412 2259 452 2292 id
476 2259 610 2291 weiset
634 2259 699 2291 auf
720 2258 790 2291 den
816 2258 923 2291 Infin.
949 2258 1099 2300 referre.
1115 2274 1158 2280 —
1187 2258 1328 2288 secutus
1350 2263 1450 2295 sam,
1473 2252 1716 2287 berucksich-

256 2305 328 2349 tigt
352 2305 456 2338 habe.
481 2324 519 2328 —
559 2305 761 2338 studiorum.
785 2305 898 2337 simil.
932 2315 960 2337 s.
989 2314 1046 2347 ep.
1064 2301 1235 2344 CXCIV,
1258 2303 1290 2334 1.
1329 2300 1536 2342 CCXLIX,
1554 2302 1588 2335 3.
1631 2299 1715 2333 lite-

255 2363 320 2385 rae
344 2352 472 2394 inter„
507 2361 642 2384 11115010
675 2350 1040 2394 gemeinschaftliche
1063 2347 1312 2381 Liebhaberei
1344 2357 1427 2381 zum
1461 2346 1596 2380 tiefern
1619 2346 1714 2380 For·
1737 2371 1738 2374 η

256 2398 370 2432 5011011
396 2398 433 2430 in
457 2397 662 2439 gewissen‚
695 2408 765 2429 nur
788 2396 976 2440 VVenigen
1007 2393 1279 2437 zuganglichen
1304 2392 1635 2427 wissenschaften.
1672 2390 1713 2426 S.

255 2454 302 2477 zu
328 2454 387 2488 ep.
405 2444 580 2485 CXCIV,
599 2445 618 2477 1
643 2453 699 2476 am
719 2443 835 2477 Ende.
854 2461 898 2466 —
935 2443 1100 2483 domest„
1125 2440 1221 2473 doch
1246 2439 1328 2474 sind
1354 2439 1453 2473 diess
1478 2439 1580 2473 bloss
1605 2437 1715 2472 haus·
1735 2453 1740 2485 '.
1782 2469 1790 2484 ῃ

253 2490 354 2524 110110
372 2489 698 2527 Verhiiltnisse.——
724 2487 936 2533 popularia,
960 2489 1051 2521 WVas
1076 2487 1147 2520 soll
1172 2486 1233 2520 ich
1256 2486 1353 2519 doch
1376 2485 1476 2519 noch
1497 2495 1570 2519 von
1594 2484 1715 2518 denen
1735 2496 1736 2515 ;

255 2547 390 2580 sagen,
419 2536 480 2570 die
504 2535 597 2569 aller
621 2536 726 2569 Welt
751 2535 788 2568 in
814 2535 874 2568 die
900 2535 1031 2578 Augen
1056 2533 1192 2568 fallenl
1235 2533 1356 2568 Quid?
1386 2532 1456 2566 illa
1486 2534 1620 2574 quanta
1645 2540 1735 2574 pon

252 2583 432 2627 palmia?
463 2582 684 2626 Mart-Lag.
712 2581 807 2614 coni.
832 2580 917 2616 sch.
936 2581 1031 2614 Lnn.
1060 2580 1132 2613 ΟΕ.
1167 2579 1293 2613 Ueber
1317 2579 1460 2612 tandem
1482 2588 1529 2610 =
1548 2577 1634 2611 ποτέ
1654 2575 1735 2609 bei,
1788 2570 1791 2582 '

257 2628 542 2672 zudringlichen
566 2629 712 2672 Fragen
738 2638 766 2661 s.
784 2627 934 2662 Ramsh.
961 2628 989 2669 ᾖ.
1010 2629 1086 2660 177.
1104 2626 1150 2668 *).
1170 2643 1213 2650 —·-
1242 2625 1422 2664 illustris,
1446 2621 1650 2657 offentlich.
1670 2639 1716 2646 —-

257 2675 476 2717 sacerdotii,
503 2680 717 2718 auguratus.
751 2673 790 2708 S.
816 2685 874 2718 ep.
895 2673 1071 2716 CXCIV,
1090 2673 1122 2706 2.
1139 2691 1181 2696 -
1214 2670 1400 2716 cooptari,
1426 2667 1602 2712 erwahlt,
1634 2667 1714 2702 auf-

257 2731 474 2763 genommen
510 2721 676 2755 werden.
1710 2722 1715 2727 ”
1790 2750 1791 2759 ¹

350 2770 392 2801 ii>
415 2786 454 2791 —
474 2769 527 2801 11.
573 2769 606 2801 si
630 2767 762 2801 merim
786 2767 929 2809 valent,
964 2775 1074 2800 wenn
1099 2764 1182 2798 hier
1206 2763 1434 2800 Verdienste
1461 2760 1500 2795 in
1526 2759 1738 2809 Ansehlagb
