1795 3043
502 64 818 116 EPISTOLA
853 65 1127 114 CCXXXII.
1455 73 1558 125 137

23 167 27 180 ⁸
83 178 297 229 habuisse,
328 177 402 220 des
431 190 616 232 operam,
645 179 693 220 ut
721 191 875 219 usurae
896 179 1045 221 Cluvio
1075 178 1273 220 instituto
1294 180 1369 220 tuo
1388 192 1556 222 conser-

83 239 253 280 ventur.
311 236 393 278 His
421 236 474 277 de
501 237 629 277 rebus
658 248 709 277 eo
739 237 874 289 magis
896 237 1060 290 laboro,
1090 237 1204 288 quod
1235 237 1373 290 agitur
1391 250 1460 278 res
1478 239 1556 280 Cn.

83 295 275 348 Pompeii
305 294 455 342 etiam,
495 294 630 334 nostri
659 293 910 334 necessarii:
954 296 996 334 et
1033 294 1146 345 quod
1181 295 1218 335 is
1256 295 1386 348 magis
1425 295 1554 336 etiam

83 353 190 393 mihi
218 351 417 392 laborare
445 350 636 399 videtur,
669 363 793 403 quam
822 351 914 402 ipse
944 351 1140 399 Cluvius,
1181 353 1256 392 cui
1294 353 1556 394 satisfactum

22 432 25 441 ·
85 421 177 450 esse
206 423 232 450 a
260 410 383 449 nobis
410 407 532 448 valde
561 408 671 449 volo.
720 407 801 449 His
831 408 882 448 de
911 407 1039 449 rebus
1063 409 1106 448 te
1125 409 1398 451 vehementer
1427 411 1556 451 etiam

85 469 216 519 atque
244 467 372 507 etiam
399 476 517 518 rogo.

230 614 544 663 EPISTOLA
580 615 854 662 ccxxxn.
893 615 977 675 (aa
997 616 1102 662 niv.
1137 616 1272 662 xm.
1309 619 1412 675 55.)

219 702 303 739 Scr.
328 703 367 738 in
392 703 545 744 Cilicia,
580 708 743 738 exeunte
767 704 862 739 Dec.
886 703 934 739 A.
959 704 1006 739 U.
1033 705 1076 739 C.
1095 705 1174 740 703.
1211 706 1259 749 (a.
1286 705 1326 739 C.
1343 705 1418 748 51.)

85 770 269 806 Anneium
282 773 524 817 commendat,
544 773 709 818 legatum
725 783 829 807 suum
845 772 1049 818 praecipue
1064 772 1102 807 in
1119 785 1228 808 causa
1241 773 1434 810 Sardiana.
1452 775 1553 811 1-2.

458 842 648 878 CICERO
675 842 895 877 THERMO
920 842 1110 877 PROPR.
1138 841 1178 877 S.

199 911 293 953 Etsi
321 913 430 954 mihi
468 913 617 954 videor
654 913 940 966 intellexisse,
980 925 1108 964 quum
1140 915 1281 954 tecum
1311 914 1473 967 Ephesi
1502 915 1555 956 de

20 995 21 999 =
84 980 134 1010 re
161 969 220 1009 M.
241 969 411 1017 Anneii‚
441 970 573 1023 legati
602 971 699 1017 mei,
731 972 895 1011 locutus
926 982 1033 1022 sum,
1062 972 1105 1009 te
1125 971 1260 1022 ipsius
1282 984 1411 1013 causa
1430 974 1557 1014 vehe-

85 1027 251 1066 menter
280 1028 420 1067 omnia
449 1029 580 1069 velle:
625 1029 764 1068 tamen
797 1029 837 1066 et
866 1027 925 1069 M.
949 1027 1160 1067 Anneium
1190 1029 1298 1068 tanti
1329 1031 1466 1078 facio,
1507 1031 1556 1070 ut

18 1098 21 1119 z
85 1083 194 1123 mihi
223 1084 331 1124 nihil
359 1086 505 1137 putem
533 1084 971 1136 praetermittendum,
1003 1085 1114 1136 quod
1142 1086 1262 1126 illius
1292 1085 1480 1127 intersit:
1512 1090 1556 1127 et

18 1159 20 1162 ·
86 1153 155 1181 me
184 1154 209 1180 a
236 1143 278 1180 te
309 1142 417 1182 tanti
446 1141 540 1182 fieri
571 1146 685 1194 puto,
716 1143 868 1181 utnon
891 1141 1095 1190 dubitem,
1127 1143 1227 1193 quin
1259 1143 1311 1183 ad
1341 1145 1456 1184 tuam
1484 1156 1556 1184 vo-

17 1236 19 1238 ,
85 1198 290 1238 luntatem
304 1211 476 1252 magnus
492 1201 684 1240 cumulus
700 1199 877 1239 accedat
892 1198 1268 1240 commendationis
1286 1213 1416 1240 meae.
1448 1200 1555 1242 Nam

85 1267 217 1306 quum
245 1256 330 1295 iam
362 1257 434 1296 diu
462 1257 682 1309 diligerem
712 1256 993 1296 M.Anneium
1024 1257 1160 1308 deque
1192 1270 1241 1297 eo
1263 1257 1324 1297 sic
1346 1259 1557 1299 existima-

87 1324 204 1360 rem,
237 1314 284 1352 ut
312 1325 379 1352 res
407 1313 621 1361 declarat,
664 1313 775 1364 quod
804 1315 916 1353 ultro
948 1314 989 1353 ei
1019 1314 1242 1354 detulerim
1280 1315 1550 1367 legationem,

89 1381 221 1420 quum
251 1370 396 1409 multis
424 1370 665 1420 petentibus
695 1371 986 1423 denegassem:
1016 1373 1107 1410 tum
1137 1384 1252 1423 vero,
1283 1375 1555 1425 posteaquam

90 1439 258 1466 mecum
287 1427 332 1466 in
362 1426 474 1466 bello
506 1429 631 1479 atque
661 1427 704 1467 in
734 1440 780 1467 re
810 1428 986 1468 militari
1014 1428 1110 1476 fuit,
1142 1430 1301 1468 tantam
1328 1430 1372 1469 in
1402 1442 1451 1470 eo
1472 1430 1557 1470 vir-

88 1485 238 1531 tutem,
270 1483 549 1535 prudentiam,
581 1484 704 1524 fidem
735 1487 980 1536 tantamque
1010 1498 1108 1538 erga
1128 1497 1193 1524 me
1214 1486 1554 1527 benevolentiam

89 1540 292 1594 cognovi,
334 1542 382 1580 ut
410 1542 621 1581 hominem
657 1542 868 1581 neminem
903 1542 1039 1593 pluris
1077 1542 1247 1584 faciam.
1314 1544 1423 1583 Eum
1454 1557 1554 1584 cum

91 1598 308 1639 Sardianis
334 1597 492 1637 habere
513 1600 843 1639 controversiam
862 1599 963 1639 scis:
997 1612 1168 1639 causam
1188 1600 1268 1639 tibi
1287 1602 1556 1654 exposuimus

89 1655 266 1708 Ephesi,
296 1667 422 1706 quam
452 1659 496 1695 tu
527 1658 666 1696 tamen
696 1668 840 1696 eoram
867 1656 1038 1697 facilius
1055 1657 1290 1709 meliusque
1313 1670 1556 1711 cognosces.

89 1777 329 1821 allgemeines
355 1777 485 1822 Edict,
522 1779 618 1812 noch
651 1778 769 1812 durch
800 1778 860 1812 ein
894 1779 1125 1813 besonderes
1150 1780 1294 1814 Decret
1325 1791 1397 1814 von
1422 1782 1558 1817 Einem

89 1825 470 1868 Deinervorganger
495 1825 534 1858 in
558 1825 844 1869 derPropratur
869 1825 963 1860 dazu
988 1826 1279 1871 ermachtigt.—
1303 1827 1470 1862 instituto
1495 1833 1558 1863 tuo

90 1881 136 1905 =
164 1871 238 1904 wie
261 1871 323 1905 Du
351 1882 390 1905 es
416 1872 453 1905 in
477 1872 630 1905 solchen
654 1873 784 1907 Fallen
810 1872 939 1906 immer
973 1883 1020 1906 zu
1051 1873 1177 1907 halten
1213 1874 1364 1918 pflegst.
1386 1894 1432 1899 ——
1468 1876 1559 1920 reb„

91 1917 378 1951 Schuldsachen.
402 1938 443 1943 -
488 1919 582 1962 quod
613 1919 741 1960 agitur
770 1930 828 1952 res
862 1925 953 1963 cet.,
996 1919 1112 1963 „weil
1144 1921 1238 1953 auch
1268 1931 1381 1954 unser
1404 1922 1558 1956 Freund

92 1964 160 1997 Cn.
180 1964 311 2008 Pomp.
338 1963 448 1997 dabei
479 1964 691 1998 interessirt
722 1965 805 1999 ist.⁷⁷
843 1965 1108 2001 Vermuthlich
1144 1977 1224 2000 war
1254 1967 1458 2012 Pompeius
1490 1968 1560 2002 der

92 2010 232 2044 Grosse
257 2011 371 2044 selbst
397 2010 464 2044 der
488 2012 618 2044 wahre
641 2011 848 2055 Gliiubiger
873 2012 941 2046 der
965 2013 1173 2046 benannten
1201 2013 1350 2057 Stadte,
1376 2015 1450 2047 und
1469 2015 1559 2050 Clu-

90 2056 173 2090 vius
206 2057 305 2090 hatte
339 2068 402 2090 aus
437 2057 551 2091 leicht
584 2068 630 2091 zu
665 2058 912 2092 erachtenden
938 2059 1130 2092 Ursachen
1164 2070 1234 2092 nur
1263 2060 1391 2094 seinen
1415 2062 1559 2095 Namen

92 2102 185 2136 dazu
205 2103 506 2147 hergegeben.—-
539 2105 710 2137 laborare
729 2106 782 2143 cle,
800 2105 879 2138 sich
896 2116 954 2138 um
967 2105 1096 2139 Etwas
1112 2106 1418 2141 bek‘ummern.—
1447 2108 1558 2142 etiam

92 2153 197 2193 atque
222 2150 348 2192 eticmz,
376 2159 420 2182 zu
447 2150 719 2184 wiederholten
747 2151 871 2185 Malen
898 2153 995 2185 aut’s
1020 2152 1268 2196 instandigste
1295 2154 1482 2197 (vehem.).

185 2197 216 2229 l.
247 2195 392 2239 Ephesi.
418 2196 508 2231 vid.
535 2197 645 2241 epist.
665 2197 818 2231 CCL—
847 2198 904 2231 M.
922 2199 1079 2241 Αηηεὶἱ,
1106 2198 1208 2232 eines
1234 2200 1359 2233 seiner
1385 2201 1466 2234 vier
1483 2201 1559 2235 Le-

91 2247 214 2283 gaten.
262 2242 336 2275 Die
360 2242 519 2286 iibrigen
544 2243 625 2277 drei
651 2255 777 2277 waren
804 2244 884 2278 sein
915 2244 1064 2278 Bruder
1090 2245 1268 2290 Quintus,
1294 2247 1494 2281 Pontinius
1519 2258 1557 2283 ιι.

92 2286 136 2320 L.
157 2287 314 2321 Tullius.
355 2287 392 2322 S.
419 2289 464 2322 ad
495 2290 624 2324 Famil.
644 2291 737 2333 XV,
756 2290 788 2324 4.
829 2290 942 2324 Nicht
966 2301 1014 2324 zu
1045 2292 1302 2326 verwechseln
1328 2293 1393 2326 mit
1419 2294 1459 2328 C.
1481 2294 1558 2327 An-

94 2333 199 2366 neius
216 2335 306 2376 XII,
322 2334 378 2368 26.
399 2354 440 2359 ——
478 2339 511 2369 te
534 2337 604 2380 ips.
631 2347 726 2370 caus.
753 2348 783 2370 v.
812 2347 905 2370 omn.
932 2337 1043 2380 velle,
1076 2338 1159 2372 dass
1183 2339 1247 2372 Du
1279 2339 1354 2372 ihm
1379 2340 1467 2373 sehr
1492 2351 1559 2384 ge-

94 2379 197 2421 neigt
225 2380 325 2413 seist.
361 2379 399 2414 S.
424 2391 469 2414 zu
496 2393 553 2426 ep.
572 2384 805 2426 CCXXXV,
823 2386 854 2416 1.
882 2383 929 2416 ei.
957 2394 987 2417 e.
1015 2395 1165 2428 cupere.
1185 2404 1231 2409 —
1263 2386 1347 2429 quin
1367 2412 1374 2419 .
1393 2412 1422 2419 ..
1445 2397 1558 2431 meae,

93 2425 217 2459 Deine
245 2425 483 2469 Geneigtheit
506 2439 625 2472 gegen
652 2429 714 2462 ihn
749 2430 878 2462 werde
910 2429 1029 2463 durch
1061 2431 1182 2464 meine
1206 2432 1460 2476 Empfehlung
1492 2435 1559 2476 (ex

94 2482 175 2505 mea
207 2472 529 2507 commendatione.
566 2474 605 2509 S.
624 2475 774 2509 Ramsh.
812 2477 840 2518 ξ.
859 2476 938 2518 203,
964 2479 997 2519 7,
1022 2477 1059 2520 b,
1086 2479 1118 2517 l,
1140 2478 1188 2520 a.)
1213 2478 1348 2511 keinen
1375 2479 1558 2522 geringen

96 2518 276 2551 Zuwachs
293 2518 471 2552 erhalten.
496 2520 586 2564 Vgl.
601 2522 669 2556 485
687 2533 723 2555 u.
741 2522 818 2556 554.
847 2524 1155 2556 commendatione
1179 2535 1260 2557 mea
1285 2524 1434 2557 volebat
1459 2525 1558 2559 idem

92 2564 164 2599 vir
189 2565 320 2598 doctus
347 2564 530 2609 (Bened.)‚
557 2573 596 2600 ut
613 2568 693 2601 Lib.
707 2568 817 2610 XIII,
834 2570 968 2613 Ε]).17.
987 2569 1059 2604 OR.
1074 2589 1119 2594 —
1143 2574 1182 2602 ut
1200 2581 1259 2603 res
1281 2571 1457 2611 declarat,
1482 2571 1558 2606 wie

91 2610 153 2644 ich
179 2610 294 2644 durch
322 2610 382 2643 die
410 2612 506 2645 'sliat
531 2613 720 2647 bewiesen
750 2615 858 2648 habe.
878 2634 924 2639 —-
963 2615 1097 2659 legat„
1124 2615 1186 2648 die
1212 2616 1332 2650 Stelle
1357 2616 1459 2651 eines
1483 2618 1559 2652 Le-

92 2662 214 2700 gaten.
233 2677 276 2681 —
308 2668 426 2700 qnam,
451 2658 577 2692 Lamb.
603 2671 720 2703 quam.
748 2680 792 2685 ——
816 2662 857 2694 in
882 2661 987 2695 bello.
1022 2661 1061 2696 S.
1087 2672 1146 2706 ep.
1163 2662 1243 2696 238.
1259 2681 1303 2686 ——
1335 2674 1416 2696 cum
1432 2664 1557 2709 Sard.‚

89 2702 154 2736 mit
179 2703 246 2736 der
272 2702 377 2737 Szadt
404 2704 560 2747 Sardes,
587 2705 624 2738 in
650 2706 808 2752 Lydien.
850 2708 933 2741 Der
950 2708 1069 2742 Streit
1093 2709 1218 2741 ben-af
1238 2709 1313 2741 wol
1341 2709 1425 2743 eine
1442 2711 1559 2745 Geld-

91 2749 212 2783 sache.
226 2768 265 2774 ·—-
293 2761 430 2793 coram,
447 2761 491 2784 an
502 2752 573 2785 Ort
593 2763 625 2785 u.
639 2752 772 2787 Stelle.
798 2753 937 2788 Sardes
958 2753 1020 2787 die
1031 2754 1220 2788 Residenz
1238 2754 1304 2790 des
1313 2755 1556 2802 Proprators.
