1795 3043
503 51 817 99 EPISTOLA
853 50 1132 98 CCCXXVI.
1450 59 1551 106 383

93 167 260 209 auctor:
307 166 383 207 illo
413 166 581 207 Galliae
612 164 831 206 ulterioris
860 164 1107 205 adiunctor:
1154 162 1231 204 ille
1263 175 1415 217 gener:
1474 164 1551 204 ille

91 224 137 264 in
166 223 403 277 adoptando
433 224 480 264 P.
510 223 656 264 Clodio
687 234 842 274 augur:
890 222 966 261 ille
1001 221 1251 262 restituendi
1281 220 1382 272 mei,
1423 232 1550 272 quam

92 280 305 322 retinendi
345 280 594 321 studiosior:
650 280 727 320 ille
765 279 1012 332 provinciae
1043 281 1317 332 propagator:
1375 279 1451 319 ille
1480 278 1551 318 ab·

91 337 221 378 sentis
259 339 304 379 in
347 338 540 378 omnibus
581 337 770 378 adiutor:
819 335 930 376 idem
971 335 1099 376 etiam
1143 337 1270 377 tertio
1311 336 1548 384 consulatu,

91 397 311 447 postquam
342 407 432 436 esse
461 394 656 435 defensor
684 394 748 434 rei
777 393 978 446 publicae
1007 392 1166 445 coepit,
1218 393 1456 442 contendit,
1502 396 1550 434 ut

91 452 236 492 decem
276 451 438 493 tribuni
477 453 536 504 pl.
582 452 768 499 ferrent,
830 452 879 490 ut
920 450 1106 490 absentis
1148 450 1257 491 ratio
1295 450 1550 499 haberetur3

91 509 203 560 quod
232 509 342 549 idem
372 510 463 562 ipse
491 509 632 548 sanxit
660 510 752 561 lege
777 507 956 559 quadam
976 520 1063 560 sua,
1093 507 1324 558 Marcoque
1344 507 1553 548 Marcello

92 567 256 606 consuli
286 566 450 607 finienti
477 565 708 618 provinciis
739 565 891 606 Galliis
921 564 1133 605 Kalendas
1162 564 1339 605 Martias
1378 566 1552 608 restitit.

92 622 201 671 Sed,
232 626 280 663 ut
308 624 413 663 haec
442 623 655 670 omittam,
687 622 789 674 quid
818 622 994 674 foedius,
1026 622 1126 673 quid
1156 621 1444 675 perturbatius
1468 623 1550 662 1100

92 678 145 720 ab
186 680 292 720 urbe
328 680 514 720 discessu
552 680 641 720 sive
679 680 818 731 potius
847 679 1088 732 turpissima
1117 678 1248 732 suga?
1307 679 1423 726 Quae
1453 691 1552 719 0011-

91 735 197 776 ditio
226 749 309 777 non
341 736 590 788 accipienda
618 737 703 776 fuit
732 737 891 789 potius,
922 749 1046 788 quam
1075 736 1354 788 relinquenda
1381 735 1551 788 patria?

0 773 2 822 i
90 793 231 834 Malae
260 794 522 834 conditiones
553 796 696 844 erant,
733 795 890 835 fateor:
948 793 1020 834 scd
1058 794 1262 845 numquid
1290 794 1372 834 1100
1401 792 1552 846 peius?

0 823 3 867 i
90 849 146 890 At
174 849 448 903 recuperabit
475 864 563 891 rem
593 850 823 903 publicam.
881 850 1085 899 Quando?
1138 852 1211 891 aut
1247 850 1346 903 quid
1376 851 1428 891 ad
1458 863 1550 891 eam
1575 853 1601 890 4

90 919 207 958 spem
245 910 309 948 est
342 907 510 959 parati?
567 908 661 949 Non
702 921 802 962 ager
830 908 1015 949 Picenus
1050 907 1254 950 amissus?
1312 920 1395 948 non
1435 909 1553 959 pate-

91 964 249 1004 factum
291 965 373 1004 iter
415 965 467 1005 ad
505 964 689 1006 urbem?
746 978 830 1006 non
861 965 1044 1017 pecunia
1073 965 1207 1005 omnis
1238 966 1280 1005 et
1309 965 1481 1017 publica
1509 966 1552 1004 et

90 1021 258 1073 privata
299 1022 539 1063 adversario
580 1021 769 1063 tradita?
826 1022 1019 1073 Denique
1061 1023 1181 1062 nulla
1218 1034 1369 1073 causa,
1407 1023 1551 1062 nullae

90 1077 222 1126 vires,
271 1080 407 1119 1111113Ι
426 1079 574 1127 sedes,
627 1090 713 1130 quo
750 1080 1031 1127 concurrant,
1075 1078 1148 1130 qui
1196 1091 1285 1118 rem
1332 1078 1551 1130 publicam

89 1134 302 1176 defensam
331 1135 477 1177 velint.
534 1136 692 1189 Apulia
720 1135 886 1176 delecta
911 1137 988 1184 est,
1019 1136 1267 1177 inanissima
1282 1148 1381 1188 pars
1401 1136 1552 1177 Italiae

89 1284 236 1324 auctor,
275 1281 535 1314 unterstiitzte.
565 1297 606 1304 ——
667 1279 731 1313 ille
761 1305 770 1313 .
795 1303 804 1313 .
826 1303 835 1312 .
864 1279 1077 1320 adiunctor,
1128 1278 1213 1312 (1355
1245 1279 1451 1323 Pompeius
1487 1279 1553 1314 das

90 1327 290 1370 ienseitige
322 1326 472 1360 Gallien
502 1326 599 1358 noch
630 1336 677 1359 zu
710 1326 844 1359 casars
874 1323 1038 1358 Provinz
1068 1324 1212 1368 schlug.
1245 1343 1288 1349 —
1334 1326 1400 1359 ille
1425 1336 1552 1368 gener,

91 1373 177 1407 dass
212 1384 254 1406 er
286 1373 418 1406 C'asars
450 1371 618 1405 Tochter
649 1371 871 1405 heirathete.
903 1390 946 1395 —
1004 1371 1068 1404 ille
1101 1396 1109 1404 .
1133 1396 1142 1404 .
1168 1397 1176 1405 .
1208 1381 1351 1414 augur,
1391 1372 1476 1407 dass
1513 1383 1555 1406 er

93 1419 154 1452 bei
189 1418 258 1453 der
281 1418 472 1463 Adoption
506 1418 571 1452 des
596 1417 639 1451 P.
668 1417 822 1452 Clodius
853 1417 889 1450 in
917 1416 1000 1450 eine
1024 1416 1266 1451 Plebeiische
1290 1418 1446 1452 Familie
1480 1418 1553 1452 den

91 1466 223 1508 Augur
251 1466 394 1499 machte
410 1490 420 1507 ‚
463 1464 532 1497 der
562 1463 736 1508 giinstige
760 1463 963 1508 Auspicien
988 1469 1154 1506 ansagte.
1181 1482 1224 1487 —
1273 1465 1337 1497 ille
1361 1490 1370 1498 .
1387 1490 1416 1499 ..
1441 1466 1555 1508 stud„

91 1512 176 1545 dass
213 1521 254 1544 er
287 1511 367 1545 sich
403 1510 463 1544 bei
495 1510 638 1543 meiner
666 1510 1001 1552 Zuriickberufung
1033 1520 1098 1543 aus
1130 1508 1213 1543 dem
1246 1510 1358 1544 Exsil
1390 1512 1555 1556 thatiger

92 1556 251 1600 bewies,
275 1558 330 1591 als
356 1556 418 1590 bei
443 1556 510 1590 der
526 1556 820 1600 Verhinderung
845 1555 987 1590 meiner
1002 1555 1270 1602 Verbannung.
1296 1576 1341 1581 —
1380 1568 1554 1602 propag„

91 1603 178 1637 dass
204 1615 245 1637 er
269 1604 351 1637 dem
378 1603 491 1637 Cas-ar
515 1602 619 1636 seine
644 1602 983 1637 Statthalterschast
1008 1601 1045 1635 in
1072 1601 1221 1636 Gallien
1246 1603 1312 1637 auf
1340 1604 1423 1638 siinf
1444 1605 1555 1639 lahre

92 1649 340 1692 verl'angerte.
382 1652 610 1692 prorogator
642 1648 729 1683 Cld.
765 1649 921 1692 Malasp.
957 1647 1100 1693 peioris
1132 1655 1253 1684 notae.
1292 1649 1423 1684 Lamb.
1461 1651 1554 1686 Bos.

93 1696 167 1729 ΟΕ.
189 1695 573 1740 propagator-kommt
598 1695 696 1728 doch
721 1694 816 1728 beim
840 1694 952 1740 Apul.
979 1694 1026 1728 de
1050 1695 1192 1729 Mundo
1216 1706 1336 1740 prope
1361 1697 1423 1732 fin.
1449 1698 1554 1741 p.75,

91 1743 135 1776 1⁰
167 1753 248 1778 vor.
281 1761 326 1768 —-
379 1742 547 1784 defensor
571 1748 699 1775 contra
723 1741 931 1775 Caesarem.
958 1759 1003 1765 —-
1050 1742 1170 1774 decem
1193 1753 1239 1775 =
1265 1753 1403 1776 omnes.
1446 1743 1489 1775 cle
1512 1753 1554 1776 eo

90 1787 252 1832 Pighius
277 1789 416 1822 Annal.
448 1790 483 1822 3.
507 1799 544 1831 p.
564 1789 644 1822 416.
670 1806 714 1812 —
762 1787 920 1820 absentis
943 1797 973 1820 r.
999 1786 1105 1831 hab„
1148 1787 1232 1821 dass
1257 1799 1299 1821 er
1324 1788 1402 1822 sich
1427 1789 1556 1823 abwe-

92 1835 183 1869 send
207 1845 267 1867 um
293 1834 357 1867 das
373 1834 551 1868 consulat
576 1834 775 1867 bewerben
801 1833 938 1868 diirste.
956 1852 1001 1859 —-
1033 1834 1115 1876 lege
1129 1834 1285 1877 quadam
1307 1846 1395 1877 sua,
1422 1846 1557 1880 nempe

91 1891 156 1923 ea,
189 1879 236 1913 de
261 1891 335 1922 qua
359 1879 561 1913 Suetonius
586 1879 699 1913 tradit
724 1880 826 1916 Caes.
851 1891 883 1915 c.
908 1880 965 1914 28.
992 1879 1077 1923 lege
1103 1880 1149 1913 de
1173 1880 1333 1925 imperio
1358 1881 1555 1926 magistra-

21 1933 23 1938 ’
92 1933 209 1961 tuum.
247 1926 480 1960 ERNESTI.
517 1944 561 1951 —
606 1927 748 1968 finienti
778 1926 803 1960 i.
830 1937 862 1960 e.
896 1927 1005 1960 finem
1039 1926 1190 1961 Caesari
1221 1927 1555 1963 administrationis

92 1971 369 2018 provinciarum
396 1972 601 2006 Galliarum
625 1971 662 2005 in
687 1971 772 2006 Kal.
796 1973 908 2007 Mart.
934 1973 1164 2006 decernenti.
1188 1973 1295 2008 SCH.
1321 1994 1366 1999 —
1403 1976 1552 2010 restitit.

93 2019 159 2054 Sic
190 2018 255 2052 Cd.
290 2018 374 2052 Urs.
409 2019 502 2052 Item
537 2019 626 2052 Eru.
656 2020 686 2052 1.
714 2018 797 2052 sed:
832 2019 936 2055 omis.
970 2019 1086 2053 diem:
1123 2018 1175 2053 ita
1200 2026 1239 2053 ut
1273 2021 1345 2064 leg.
1370 2020 1440 2060 sit,
1471 2022 1556 2055 Ka-

29 2081 30 2084 *
93 2065 220 2099 tendas
242 2064 409 2098 Martias
445 2065 551 2108 (Kal.
576 2065 808 2099 Martiarum
832 2065 892 2099 die
914 2066 1052 2108 Rom).
1103 2065 1154 2100 Et
1184 2065 1276 2100 haec
1306 2077 1394 2100 53110
1419 2068 1557 2102 Latina

94 2118 151 2146 est
181 2111 430 2145 consuetudo:
473 2113 538 2145 cfr.
572 2112 621 2145 ad
643 2112 730 2147 Div.
758 2112 812 2154 15,
839 2112 877 2146 9:
918 2116 1073 2156 tempus,
1103 2112 1198 2155 quod
1230 2111 1323 2146 mihi
1352 2118 1386 2146 et
1415 2115 1495 2156 lege
1521 2117 1555 2147 et

93 2157 131 2192 S.
159 2157 199 2192 C.
225 2158 353 2200 finisti.
384 2158 466 2192 Liv.
493 2159 527 2201 9,
551 2159 612 2193 33;
641 2159 805 2191 Aemilia
830 2158 911 2200 lege
934 2160 1075 2201 finitum
1099 2168 1271 2192 censurae
1296 2159 1445 2202 (dativ.)
1470 2172 1557 2205 spa-

94 2206 195 2238 tium.
238 2204 316 2238 Md.
340 2204 464 2238 Oxou.
492 2207 523 2238 l.
549 2204 583 2238 2.
621 2203 717 2239 Ball.
752 2204 908 2239 Helmst.
933 2206 1074 2247 finienti
1092 2204 1305 2248 provincias
1331 2206 1476 2240 Gallias
1500 2207 1554 2241 K.

95 2251 252 2284 Martiis
275 2251 379 2284 dier.
407 2252 516 2295 prob.
537 2250 700 2285 Graevio
727 2251 777 2293 (in
806 2261 878 2294 qua
902 2250 988 2284 lect.
1015 2251 1110 2283 diem
1135 2251 1295 2285 habebat
1321 2252 1554 2296 Cld.1unii).

94 2296 235 2339 finienti
254 2299 466 2340 provincias
491 2298 635 2331 Gallias
658 2298 840 2331 Kalendis
854 2298 1011 2331 Martiis
1041 2299 1175 2331 restitit
1200 2298 1355 2332 Ascens.
1381 2306 1554 2342 utraque,

97 2342 197 2375 Crat.
221 2341 320 2376 Vict.
348 2345 376 2376 l.
403 2344 436 2377 2.
463 2344 593 2377 Lamb.
619 2344 706 2378 Bos.
734 2344 868 2378 Graev.
904 2342 992 2378 Sch.
1015 2342 1110 2378 Ltin.
1151 2344 1346 2380 ORELLI.
1370 2362 1414 2370 ·-
1461 2346 1554 2380 Kal.

95 2388 215 2423 Mart.
240 2388 324 2421 anni
351 2391 427 2423 704.
453 2409 498 2415 —-
544 2391 704 2425 discessu
726 2389 912 2435 Pompeii.

184 2434 218 2467 4.
251 2436 496 2479 recuperabit,
530 2437 620 2470 aber
644 2436 848 2482 Pompeius
873 2434 970 2470 wird
994 2434 1056 2470 die
1079 2436 1269 2481 Republik
1300 2436 1443 2470 wieder
1467 2437 1555 2472 her-

38 2500 40 2523 1
96 2479 243 2513 stellen.
269 2499 312 2505 -
360 2482 446 2524 quid
545 2484 695 2526 parali?
734 2495 812 2517 was
837 2483 897 2516 fiir
920 2483 1220 2526 Vorkehrungen
1245 2482 1327 2516 sind
1352 2484 1554 2525 getroffen,

97 2526 285 2569 gemacht,
329 2527 390 2560 die
422 2538 466 2561 zu
506 2528 630 2563 dieser
662 2530 851 2573 Hoffnung
883 2529 1163 2572 berechtigtenit
1198 2547 1243 2554 —
1300 2529 1402 2562 nulla
1428 2540 1552 2574 causa,

41 2606 42 2617 η
98 2572 167 2606 1100
193 2579 268 2615 est,
304 2573 425 2607 nullus
451 2574 496 2607 ad
522 2585 665 2609 causam
690 2587 791 2610 suam
826 2575 1092 2609 defendendam
1118 2580 1338 2619 apparatus,
1375 2575 1478 2617 sive,
1514 2584 1555 2612 ut

41 2623 42 2632 ¹
98 2630 156 2662 ep.
178 2620 246 2654 346
278 2619 384 2653 dicit:
425 2631 535 2653 causa
571 2625 700 2655 temere
734 2623 912 2656 instituta.
957 2620 1042 2656 Sch.
1084 2621 1197 2662 „Wir
1229 2620 1366 2654 wissen
1394 2621 1427 2655 ia
1453 2622 1554 2657 nicht

29 2673 33 2709 ζ
99 2665 281 2708 01111113111,
321 2667 411 2700 VVas
440 2667 508 2699 wir
535 2668 707 2702 wollen.”
732 2687 776 2694 -
812 2671 929 2711 vires,
956 2666 1205 2702 Streitkraste.
1231 2685 1275 2690 --
1312 2667 1430 2710 sedes,
1457 2669 1553 2704 Ver-

44 2745 45 2758 *
100 2711 431 2757 einigungspunct,
463 2713 739 2759 Sammelplatz.
773 2734 817 2740 --
873 2725 940 2759 quo
973 2725 1019 2748 ε..-
1047 2713 1085 2747 111
1110 2722 1217 2757 quem
1244 2712 1375 2747 locum.
1400 2732 1444 2738 —
1492 2715 1554 2749 de-
