1795 3043
538 63 854 111 EPISTOLA
891 61 1176 110 CCLX'XJX.
1491 66 1594 118 271

266 202 582 251 EPISTOLA
618 200 905 248 CCLXXIX.
945 200 1026 259 (ad
1059 201 1166 247 Div.
1189 198 1316 247 VIII.
1353 199 1456 258 12.)

263 292 345 328 Scr.
372 293 513 327 Romae
536 300 663 324 mense
688 287 902 334 Septembri
926 288 973 322 A.
999 288 1045 323 U.
1072 289 1113 323 C.
1138 289 1218 324 704.
1246 290 1296 332 (a.
1321 287 1362 322 O.
1388 286 1463 330 50.)

130 361 312 400 Queritur
335 361 382 396 de
405 359 522 405 Appii
547 357 697 393 Claudii
729 355 896 391 censoris
928 355 1076 399 ingrato
1101 357 1223 391 animo
1249 363 1287 391 et
1312 356 1477 400 iniuriiS,
1510 364 1595 390 nar-

131 414 262 453 ratque
286 419 348 452 se,
382 418 493 451 quum
517 405 588 440 sibi
610 410 865 439 accusatorem
890 402 1005 454 ab.‘³⁰
1030 403 1155 448 parari
1181 403 1443 449 comperisset,
1473 402 1595 448 ipsum

371 451 616 488 antevenisse
642 458 679 484 et
704 450 789 494 lege
814 449 979 484 Scatinia
1003 461 1209 485 accusasse.
1235 450 1309 484 1—
1327 451 1361 485 4.

580 518 798 554 CAELIUS
829 518 1073 554 CICERONI
1104 517 1144 553 S.

245 593 384 635 Pudet
411 603 479 632 me
507 589 588 631 tibi
618 589 812 631 confiteri
841 592 883 630 et
912 589 1034 642 queri
1063 588 1116 629 de
1136 588 1290 641 Appii,
1321 589 1504 630 hominis
1532 590 1596 630 in-

131 651 373 705 gratissimi,
392 648 575 696 iniuriis,
597 648 674 700 qui
702 660 770 688 me
799 647 948 694 odisse,
974 647 1074 698 quia
1102 659 1254 700 magna
1282 647 1385 687 mihi
1415 646 1596 687 debebat

133 708 367 759 beneficia,
403 705 567 758 eoepitz
605 707 669 758 et,
708 718 838 756 quum
868 706 994 745 homo
1031 718 1204 752 avarus,
1242 705 1290 744 ut
1320 717 1369 744 ea
1399 705 1596 756 solveret,

131 766 213 806 sibi
251 765 460 817 imperare
497 770 583 803 non
620 765 785 816 posset,
831 763 1047 804 occultum
1082 761 1242 803 bellum
1279 762 1384 802 mihi
1422 761 1598 802 indixit:

131 824 192 863 ita
219 823 434 862 occultum
458 821 621 868 tamen,
662 822 710 860 ut
737 821 862 860 multi
890 819 999 860 mihi
1026 819 1319 860 renuntiarent
1345 821 1388 859 et
1418 819 1509 871 ipse
1536 818 1598 859 fa-

131 881 215 921 cile
244 878 623 919 animadverterem
651 878 761 918 male.
789 889 885 918 eum
913 876 964 917 de
995 888 1062 916 me
1081 878 1279 929 cogitare.
1317 876 1598 927 Posteaquam

129 949 234 978 vero
262 936 447 988 comperi
486 948 581 975 eum
617 935 841 987 collegium
879 935 1083 981 tentasse,
1125 934 1277 973 deinde
1314 936 1462 985 aperte
1500 945 1598 973 cum

131 993 380 1047 quibusdam
420 995 630 1041 locutum3
678 1004 775 1032 cum
820 991 866 1031 L.
897 990 1107 1043 Domitio,
1150 992 1199 1030 ut
1227 1003 1340 1030 nunc
1372 993 1454 1038 est,
1492 989 1599 1030 mihi

129 1050 422 1092 inimicissimo
452 1050 638 1101 homine,
667 1048 927 1097 deliberare3
958 1049 1071 1089 velle
1098 1048 1180 1088 hoc
1209 1049 1505 1088 munusculum
1529 1048 1600 1087 de·

128 1110 242 1149 ferre
274 1109 346 1148 Cn.
377 1107 600 1159 Pompeioz
638 1108 778 1159 ipsum
807 1107 854 1145 ut
883 1105 1135 1157 prenderem
1164 1106 1207 1144 et
1237 1104 1290 1145 ab
1320 1117 1370 1145 eo
1399 1105 1599 1157 depreca-

130 1178 201 1207 rer
229 1165 453 1213 iniuriam,
493 1177 619 1216 quem
645 1165 777 1204 vitam
805 1163 913 1203 mihi
940 1162 1095 1202 debere
1123 1164 1338 1215 putaram,
1369 1163 1598 1214 impetrare

131 1238 158 1266 a
185 1235 252 1263 me
280 1235 364 1262 non
395 1223 526 1274 potui.
570 1221 679 1269 Quid
697 1232 795 1273 ergo
816 1219 910 1261 est?
949 1221 1107 1260 Tamen
1137 1220 1258 1271 quasi
1279 1220 1443 1270 aliquot
1465 1218 1594 1272 [cum]
1619 1223 1648 1268 2

131 1281 292 1328 amicis,
324 1279 398 1331 qui
428 1280 554 1319 testes
584 1279 706 1318 erant
734 1289 922 1318 meorum
951 1277 995 1316 in
1025 1278 1148 1316 illum
1177 1277 1450 1325 meritorum,
1481 1278 1599 1317 locu—

449 1423 686 1459 CAELIUS.
735 1423 774 1458 S.
802 1434 848 1458 zu
874 1434 933 1468 ep.
957 1423 1097 1458 CXCII
1123 1433 1169 1457 zu
1194 1422 1283 1457 Ans.

222 1486 254 1518 1.
289 1483 478 1526 beneficia,
509 1481 911 1523 Verbindlichkeiten3
945 1480 1024 1514 scil.
1053 1479 1091 1514 in
1117 1479 1276 1524 pecunia
1301 1480 1454 1515 credita.
1480 1479 1598 1517 ERN.

131 1532 249 1575 Appii
281 1530 429 1564 Claudii
460 1529 639 1572 Pulchri,
672 1528 731 1561 cui
764 1527 899 1561 Cicero
932 1526 969 1560 in
995 1525 1130 1560 Cilicia
1162 1534 1405 1562 successerat.
1437 1527 1526 1563 vid.
1551 1528 1601 1562 ad

131 1589 190 1622 ep.
212 1578 277 1612 180
302 1576 382 1609 init.
409 1595 453 1600 —
489 1575 563 1608 sibi
586 1575 769 1619 imperare
793 1585 863 1607 non
884 1583 1009 1617 posse,
1036 1584 1077 1606 es
1101 1571 1206 1607 nicht
1230 1573 1324 1606 iiber
1347 1574 1429 1608 sich
1455 1575 1600 1618 gewin-

132 1635 203 1658 nen
236 1624 398 1657 konnen.
446 1621 623 1655 VVieland
656 1621 883 1663 vermuthet,
921 1620 1005 1653 dass
1041 1619 1186 1662 Canus,
1218 1619 1287 1653 der
1319 1620 1377 1654 bis
1412 1621 1504 1655 iiber
1536 1621 1600 1656 die

131 1671 259 1704 Ohren
285 1669 320 1702 in
348 1667 538 1702 Schulden
564 1667 728 1710 steckte,
761 1678 846 1701 vom
871 1666 1039 1711 Appius,
1074 1666 1159 1699 dem
1185 1677 1226 1700 er
1251 1666 1311 1699 bei
1338 1667 1405 1700 der
1426 1668 1599 1712 Anklage

130 1717 197 1750 des
222 1715 423 1750 Dolabella
448 1714 546 1748 viele
569 1713 863 1757 Gesalligkeiten
889 1713 1072 1747 erwiesen
1099 1713 1213 1755 hatte,
1239 1712 1323 1746 eine
1345 1712 1494 1748 Summe
1508 1715 1599 1748 Gel-

131 1763 198 1796 des
223 1762 318 1796 habe
343 1761 469 1794 leihen
494 1761 647 1794 wollen.
685 1760 833 1805 Appius
859 1760 950 1793 aber
975 1759 1070 1792 habe
1095 1759 1282 1792 naturlich
1303 1759 1507 1794 Bedenken
1534 1771 1597 1805 ge-

130 1816 280 1853 Hagen,
308 1808 382 1841 ihm
409 1807 544 1840 diese
564 1805 933 1850 Gegengessilligkeit
958 1816 1003 1839 zu
1030 1805 1226 1839 erweisen.
1275 1806 1452 1840 Daruber
1476 1807 1530 1841 sei
1556 1818 1597 1842 es

131 1855 321 1890 zwischen
358 1853 495 1887 beiden
529 1863 574 1887 zu
609 1852 950 1897 Misshelligkeiten
984 1852 1227 1895 gekommen,
1264 1863 1306 1887 so
1340 1852 1425 1887 dass
1449 1853 1598 1898 Appius

131 1902 249 1935 durch
275 1900 336 1933 die
362 1900 772 1944 Temperamentshitze
798 1900 864 1933 des
891 1899 1017 1934 Calius
1042 1899 1268 1942 ausgereitzt
1294 1909 1339 1932 an
1365 1899 1507 1934 diesem
1535 1900 1599 1935 die

130 1948 321 1982 erwahnte
354 1945 481 1979 Rache
515 1956 735 1989 genommen
768 1947 881 1980 hatte.
905 1965 948 1971 —
988 1945 1186 1988 collegium
1216 1957 1262 1977 =
1294 1945 1480 1989 collegam
1512 1946 1595 1981 scil.

129 1995 172 2028 L.
199 1994 374 2028 Pisonem
400 2003 593 2026 censorem
619 1996 791 2034 tentasse,
818 2002 858 2025 er
883 1992 978 2026 habe
1002 1992 1095 2025 auch
1121 1992 1225 2025 seine
1242 1991 1423 2035 Collegen
1451 1992 1504 2036 (in
1529 1993 1598 2028 der

130 2041 294 2081 Censur,
326 2039 397 2072 den
422 2039 467 2072 L.
494 2038 717 2083 Calpurnius
741 2038 855 2079 Piso,
889 2038 959 2071 den
978 2038 1118 2073 Consul
1144 2038 1210 2071 des
1234 2038 1340 2072 Iahrs
1365 2040 1447 2082 696)
1473 2050 1597 2084 gegen

129 2085 226 2121 mich
252 2085 520 2120 einzunehmen
547 2086 718 2128 gesucht.
736 2104 781 2109 —
813 2089 949 2127 aperte,
977 2085 1066 2118 laut.
1084 2104 1129 2109 ———
1161 2084 1319 2117 locutum
1344 2096 1426 2119 esse
1451 2086 1498 2119 de
1522 2098 1593 2121 me.

130 2151 174 2158 ·-
207 2132 253 2168 L.
273 2131 438 2166 Domitio
464 2131 739 2175 Ahenobarbo,
773 2131 839 2174 qui
873 2141 954 2165 cum
978 2131 1106 2175 Appio
1132 2133 1197 2164 700
1229 2131 1359 2165 consul
1393 2133 1525 2168 suerat.
1549 2152 1596 2158 —

129 2180 378 2213 munusculum
401 2179 436 2213 d.
462 2177 524 2220 P.‚
550 2179 651 2212 velle
674 2179 746 2211 hoc
770 2177 808 2211 in
834 2177 989 2222 gratiam
1014 2177 1189 2222 Pompeii
1214 2177 1352 2212 facere.
1377 2177 1486 2212 SCH.
1520 2190 1596 2222 „er

131 2225 301 2268 gedenke
333 2225 452 2258 durch
482 2224 544 2258 die
574 2225 691 2258 bosen
726 2224 893 2267 Handel‚
931 2223 992 2257 die
1025 2234 1067 2257 er
1090 2223 1161 2257 mir
1185 2224 1335 2267 mache,
1372 2225 1453 2260 dem
1478 2226 1595 2260 Pom-

130 2271 238 2315 peius
263 2270 371 2304 einen
396 2270 548 2304 kleinen
565 2271 737 2305 Gesallen
763 2282 808 2305 zu
835 2271 962 2304 thun.'’
991 2270 1086 2303 Also
1111 2270 1206 2304 auch
1232 2270 1362 2304 diesen
1387 2271 1487 2306 hatte
1513 2271 1595 2305 sich

129 2318 198 2350 der
224 2317 504 2360 unvorsichtige
528 2317 654 2352 C'alius
679 2328 760 2351 zum
777 2316 921 2352 Feinde
945 2317 1128 2360 gemacht.
1148 2335 1190 2341 --
1214 2318 1448 2361 prenderent,
1481 2328 1595 2362 pren-

129 2373 271 2405 sarent,
313 2363 542 2407 obtestarer,
577 2364 653 2398 ihm
684 2364 746 2398 die
779 2363 887 2398 Hand
920 2373 988 2397 zur
1011 2363 1266 2407 Versohnung
1302 2373 1348 2397 zu
1382 2364 1522 2397 bieten.
1548 2383 1594 2390 -—

127 2409 308 2443 iniuriam
331 2409 377 2442 ab
402 2409 486 2453 ipso
509 2410 665 2455 proprie
689 2410 780 2444 mihi
803 2411 1004 2444 saetam.-
1036 2413 1220 2454 putaram.
1249 2409 1314 2444 Sic
1331 2410 1460 2452 (Mdss)
1487 2409 1593 2446 Vici.

130 2457 161 2490 1.
186 2455 314 2490 Lamb.
340 2454 472 2488 Graev.
498 2455 638 2490 Bened.
661 2461 830 2501 putarem
856 2457 954 2490 Crat.
980 2455 1086 2492 Vict.
1102 2456 1134 2490 2.
1159 2456 1251 2490 Ern.
1279 2455 1367 2492 Sch.
1390 2456 1486 2490 Liin.
1515 2456 1590 2490 ΟΕ.

219 2502 252 2535 2.
289 2501 383 2536 Quid
407 2511 497 2543 ergo
522 2503 600 2535 est?
633 2503 722 2537 Wie
754 2502 837 2536 kam
865 2513 904 2536 es
928 2502 1025 2536 denn
1051 2502 1146 2537 nun‘!
1185 2503 1276 2536 Was
1301 2503 1380 2535 that
1404 2502 1465 2536 ich
1490 2502 1594 2536 also!

129 2566 173 2573 -
202 2548 337 2581 Tamen
362 2548 467 2591 quasi
490 2548 628 2592 aliquot
653 2550 765 2593 [cum]
792 2549 922 2583 amicis
946 2574 955 2582 .
972 2575 982 2583 .
1007 2549 1149 2583 locutus
1171 2559 1262 2582 sum.
1299 2548 1495 2583 Sententia
1515 2553 1590 2583 est:

130 2600 279 2637 „tamen
306 2604 351 2627 eo
377 2593 574 2637 descendi,
612 2601 669 2638 ut,
707 2595 812 2638 quasi
844 2595 979 2629 vellem
1011 2595 1260 2629 reconciliare
1284 2594 1373 2627 mihi
1400 2594 1481 2628 eius
1506 2605 1593 2638 gra-

130 2639 235 2681 tiam,
270 2639 406 2674 leviter
438 2640 565 2673 saltem
600 2651 644 2674 ea
675 2641 722 2675 de
757 2653 797 2675 re
827 2653 908 2676 cum
943 2641 1088 2685 aliquot
1121 2641 1201 2675 eius
1227 2640 1354 2674 amicis
1380 2640 1594 2684 loquerer.”

133 2685 222 2719 Tum
246 2687 389 2731 quidem
412 2697 493 2720 cum
517 2687 655 2730 aliquot
679 2688 768 2721 Ern.
797 2687 884 2723 Sch.
910 2688 1003 2721 Liin.
1031 2699 1112 2721 cum
1136 2693 1256 2721 autem
1273 2712 1284 2729 ,
1319 2687 1420 2730 quod
1445 2687 1511 2721 vix
1535 2687 1593 2722 vi-

129 2731 237 2768 detur
259 2733 392 2769 abesse
416 2743 543 2778 posse,
569 2733 715 2769 facilius
739 2739 824 2778 post
850 2745 883 2768 v.
900 2734 1040 2779 aliquot
1065 2733 1220 2777 excidit,
1245 2743 1353 2778 quam
1372 2739 1458 2769 ante
1477 2733 1589 2770 idem.
