1795 3043
177 62 279 111 254
431 60 496 108 Μ.
533 61 591 108 Τ.
630 58 974 110 CICERONIS
1007 60 1381 111 EPISTOLAE.

124 177 154 217 2
179 172 339 214 venire.
398 173 462 213 De
490 172 728 214 rationibus
756 175 1002 226 referendis,
1029 188 1114 217 non
1144 177 1235 217 erat
1261 173 1573 216 incommodum
1599 174 1644 215 te

178 232 317 270 nullas
346 231 529 282 referre,
567 243 694 282 quam
722 232 802 273 tibi
831 234 981 274 scribis
1011 247 1036 273 a
1064 233 1218 274 Bibulo
1247 232 1342 273 fieri
1371 233 1643 285 potestatem}

178 288 252 327 sed
289 287 331 326 id
374 288 446 328 vix
495 288 602 328 mihi
643 288 800 330 videris
834 303 913 342 per
951 292 1087 343 legem
1126 291 1280 331 Iuliam
1318 292 1460 330 facere
1499 300 1642 341 posset

178 357 305 396 quam
318 344 496 385 Bibulus
520 347 639 386 certa
667 346 847 397 quadam
877 348 1043 387 ratione
1071 360 1156 388 non
1186 348 1350 396 servat3
1381 345 1464 387 tibi
1491 357 1644 398 magno

126 407 153 446 3
178 414 306 454 opere
335 402 583 443 servandam
608 416 772 446 censeo.
832 404 952 451 Quod
982 405 1149 452 scribis,
1177 405 1366 457 Apamea
1389 403 1646 456 praesidium

176 459 329 499 deduci
364 472 447 499 non
488 461 746 513 oportuisse,
793 461 990 503 videbam
1027 462 1140 502 idem
1179 464 1343 502 ceteros
1380 460 1644 500 existimare:

175 518 433 568 molesteque
462 517 647 558 ferebam
676 518 728 557 de
758 531 808 558 ea
838 532 885 559 re
904 520 1044 560 minus
1065 519 1305 560 commodos
1330 529 1542 558 sermones
1560 529 1648 557 ma-

175 574 410 614 levolorum
439 575 582 616 fuisse.
642 575 793 615 Parthi
820 577 1085 629 transierint,
1114 589 1273 623 necne,
1312 578 1484 629 praeter
1511 575 1554 614 te
1583 572 1646 614 vi·

176 631 255 670 deo
285 631 480 672 dubitare
510 632 735 673 neminem.
778 633 928 683 Itaque
956 634 1097 674 omnia
1113 633 1340 686 praesidia,
1368 644 1476 684 quae
1492 642 1645 684 magna

176 690 219 728 et
248 687 371 730 firma
399 701 662 741 paraveram,
694 692 928 729 commotus
955 690 1172 731 hominum
1194 703 1280 732 non
1302 690 1430 731 dubio
1451 698 1646 729 sermone

125 752 149 791 4
177 745 330 786 dimisi.
389 746 589 787 Rationes
617 746 702 786 mei
730 747 969 798 quaestoris
996 760 1075 788 nec
1100 761 1246 789 verum
1263 748 1345 788 fuit
1363 760 1429 788 me
1445 746 1525 787 tibi
1546 744 1645 786 mit-

177 805 264 842 tere
293 815 372 843 nec
402 805 493 843 tum
521 805 644 843 erant
684 805 925 844 confectae:
963 816 1034 844 eas
1072 817 1150 846 nos
1178 806 1392 857 Apameae
1431 804 1644 855 deponere

174 860 479 913 cogitabamus,
538 861 602 901 De
631 860 789 913 praeda
818 873 934 908 mea,
973 864 1143 914 praeter
1172 864 1416 914 quaestores
1442 859 1646 909 urbanos,

174 917 218 956 id
248 919 324 966 est,
355 919 558 971 populum
579 918 829 970 Romanum,
859 919 1101 959 teruncium
1130 932 1211 960 nec
1240 920 1488 971 attigitnec
1507 918 1644 958 tactu·

174 987 247 1014 rus
286 977 349 1014 est
390 976 628 1026 quisquam.
687 976 922 1016 Laodiceae
959 988 1027 1017 me
1068 976 1246 1029 praedes
1275 977 1551 1028 accepturum
1579 985 1645 1015 ar·

174 1031 312 1072 bitror
343 1032 477 1072 omnis
507 1032 714 1084 pecuniae
742 1033 964 1085 publicae,
1006 1035 1055 1074 ut
1084 1035 1127 1074 et
1156 1034 1261 1074 mihi
1289 1035 1330 1073 et
1358 1034 1517 1086 populo
1546 1043 1645 1072 cau-

175 1091 264 1129 tum
302 1089 357 1129 sit
397 1090 486 1130 sine
524 1093 726 1130 vecturae
766 1091 971 1142 periculo.
1039 1090 1160 1139 Quod
1199 1090 1350 1131 scribis
1394 1090 1447 1130 ad
1483 1101 1551 1129 me
1590 1088 1644 1128 de

174 1147 387 1188 drachmis
410 1158 631 1199 ccccmo.5
667 1147 778 1188 nihil
808 1148 892 1197 est,
929 1147 1041 1199 quod
1070 1148 1114 1188 iu
1145 1148 1227 1188 isto
1256 1159 1410 1201 genere
1441 1147 1645 1198 cuiquam

265 1293 300 1328 2.
327 1294 383 1328 De
413 1297 484 1327 rat.
517 1294 605 1336 ref„
639 1304 717 1327 was
750 1293 811 1328 die
835 1293 981 1337 Ablage
1013 1294 1161 1328 Deiner
1190 1292 1447 1337 Rechnungen
1484 1291 1644 1336 betrifft,

174 1352 216 1376 so
242 1341 340 1375 kann
367 1352 406 1374 es
433 1341 503 1373 mir
526 1340 775 1385 gleichgfiltig
800 1340 900 1379 sein,
935 1351 1044 1374 wenn
1070 1341 1134 1374 Du
1166 1339 1279 1373 keine
1304 1340 1462 1383 ablegst.
1506 1338 1644 1383 Vergl.

173 1388 296 1431 vorig.
322 1387 387 1421 Br.
416 1387 442 1429 ξ.
467 1387 488 1420 2
514 1387 561 1420 im
587 1388 769 1430 Anfange.
817 1387 938 1421 Iulius
964 1387 1080 1421 Gasar
1110 1387 1213 1421 hatte
1244 1385 1307 1420 bei
1335 1386 1475 1420 seinem
1501 1385 1645 1420 Consu-

173 1434 225 1468 lat
242 1435 309 1469 695
336 1434 383 1467 im
399 1434 536 1467 Gesetz
562 1434 609 1466 de
633 1432 839 1477 provinciis
866 1433 1083 1467 ordinandis
1108 1432 1321 1475 verordnet,
1345 1433 1428 1466 dass
1454 1431 1516 1465 die
1529 1431 1646 1466 Stau-

174 1481 296 1515 halter
312 1480 395 1513 ‘und
421 1480 534 1513 deren
562 1481 770 1515 Quastoren
795 1491 863 1513 vor
889 1481 1008 1513 ilii-em
1029 1481 1187 1522 Abzuge
1211 1490 1277 1513 aus
1303 1479 1371 1513 der
1391 1478 1557 1513 Provinz
1581 1478 1644 1512 die

173 1528 428 1571 Rechnungen
454 1527 513 1559 fiir
538 1526 598 1559 die
624 1525 1043 1560 Staatsschatzkammer
1069 1527 1106 1559 in
1122 1526 1217 1560 Rom
1243 1525 1453 1570 anfertigen
1480 1524 1554 1558 und
1579 1525 1645 1558 da-

171 1585 246 1608 von
272 1573 369 1608 zwei
404 1572 691 1617 gleichformige
715 1572 957 1606 Abschristen
994 1572 1043 1605 im
1069 1572 1212 1607 Archiv
1240 1572 1382 1606 zweier
1405 1571 1645 1606 Provinzial-

173 1621 295 1657 stadie
327 1619 570 1662 niederlegeu
604 1619 752 1653 sollten.
771 1638 815 1644 —
847 1622 947 1652 certa
972 1619 1080 1663 quad.
1107 1622 1179 1652 rat.
1206 1629 1277 1651 non
1301 1621 1442 1661 servat,
1475 1617 1641 1662 publica,

173 1667 262 1712 quia
286 1667 391 1711 leges
417 1665 587 1700 Caesaris
612 1665 717 1709 leges
743 1675 816 1698 non
841 1671 959 1710 putat,
987 1671 1170 1707 tamquam
1196 1672 1326 1699 contra
1350 1664 1517 1708 auspicia
1541 1670 1578 1698 et
1601 1674 1643 1697 se

172 1715 323 1758 collega
347 1712 590 1746 obnuntiante
611 1712 723 1755 latas,
749 1711 836 1745 dein
861 1711 1025 1756 privata,
1058 1711 1146 1754 quia
1170 1711 1342 1746 inimicus
1368 1710 1540 1745 Caesaris
1564 1716 1644 1745 erat

173 1773 223 1796 ex
248 1760 441 1794 aedilitate
467 1758 588 1793 curuli
614 1765 652 1791 et
676 1759 880 1792 consulatu.
909 1756 1127 1792 GRONOV.

263 1809 297 1842 3.
323 1810 477 1849 ceteros,
503 1805 607 1839 seine
631 1805 814 1849 Legaten,
837 1804 1036 1839 Prafecten
1062 1815 1097 1837 u.
1124 1803 1186 1838 die
1210 1804 1350 1848 iungen
1375 1803 1497 1837 Herm
1523 1801 1644 1836 seines

173 1853 366 1896 Gesolges.
390 1871 435 1877 —-
491 1852 611 1884 minus
642 1862 769 1886 comm.
806 1862 935 1892 serm.‚
977 1850 1186 1884 hamisches
1229 1849 1390 1884 Gerede.
1415 1868 1460 1874 ——
1510 1847 1644 1884 Parthi

173 1900 404 1941 transierint,
432 1899 479 1931 ob
504 1898 566 1931 die
583 1899 745 1932 Parther
769 1898 862 1931 iiber
887 1897 957 1930 den
974 1897 1146 1941 Euphrat
1164 1896 1502 1941 zuriickgegangen
1528 1894 1645 1937 seien,

173 1947 268 1980 oder
294 1946 406 1979 nicht.
444 1944 483 1979 S.
511 1944 661 1977 Ramsh.
687 1946 716 1987 ἓ.
736 1945 814 1987 174,
834 1946 868 1988 3,
885 1944 919 1979 d.
946 1943 1094 1978 Grotef.
1119 1944 1150 1987 §.
1171 1944 1252 1987 346,
1271 1944 1377 1979 Anm.
1401 1961 1447 1968 -
1478 1951 1643 1975 sermone

173 1992 255 2027 scil.
281 1992 442 2025 Parthos
469 1990 672 2025 transiisse.

265 2039 298 2072 4.
329 2039 492 2079 mittere,
533 2038 617 2071 dass
654 2037 716 2071 ich
745 2036 819 2071 Dir
851 2036 1028 2070 schicken
1060 2036 1184 2070 sollte.
1205 2054 1250 2060 -—
1291 2045 1356 2068 nec
1386 2044 1512 2067 verum
1544 2031 1570 2066 i.
1604 2043 1639 2067 e.

173 2096 330 2128 aequum
357 2091 394 2117 et
418 2084 567 2125 iustum,
595 2084 660 2117 das
684 2083 861 2118 konntest
880 2084 943 2117 Du
969 2083 1064 2116 nach
1090 2082 1161 2116 den
1179 2081 1346 2115 Rechten
1365 2080 1468 2114 nicht
1491 2079 1643 2113 verlan-

173 2143 258 2176 gen.
272 2150 315 2156 -·
339 2131 552 2164 Romanum.
574 2142 644 2164 om.
659 2142 690 2164 v,
717 2130 757 2163 id
773 2156 780 2163 .
796 2156 802 2163 .
816 2157 823 2164 .
853 2130 955 2163 Rom.
975 2129 1055 2164 Ciz.
1082 2128 1264 2173 probante
1278 2126 1462 2161 Daehnio.
1489 2125 1565 2160 Sed
1583 2125 1642 2158 di-

175 2184 272 2211 ctum
299 2184 366 2218 est,
395 2183 433 2210 ut
454 2177 605 2211 Sallust.
633 2178 716 2219 lug.
734 2178 797 2211 31:
829 2176 904 2210 Vos
928 2180 1059 2216 autem,
1085 2175 1151 2208 hoc
1175 2178 1240 2216 est,
1261 2174 1418 2217 populus
1442 2173 1640 2206 Romanus.

177 2224 373 2259 ORELLI.
393 2243 435 2247 —
470 2223 547 2256 sine
571 2227 659 2258 vect.
676 2223 856 2267 periculo,
884 2223 944 2256 ich
971 2222 1034 2255 bin
1059 2230 1247 2265 gesonnen
1266 2220 1327 2253 die
1348 2229 1467 2263 ganze
1479 2218 1640 2256 Summe,

175 2272 237 2305 die
263 2271 321 2305 ich
347 2271 406 2304 fiir
431 2270 491 2303 die
518 2269 819 2304 Schatzkammer
852 2269 889 2302 in
917 2268 1071 2302 H'anden
1105 2267 1220 2309 habe,
1260 2276 1306 2299 zu
1331 2265 1521 2299 Laodicea
1556 2275 1642 2297 ver-

175 2318 323 2352 sichern
350 2327 395 2350 zu
420 2317 564 2357 lassen,
599 2316 713 2349 damit
737 2316 866 2349 weder
891 2315 951 2348 ich
978 2315 1073 2347 noch
1099 2314 1163 2347 das
1187 2313 1386 2347 Publicum
1412 2311 1473 2345 die
1500 2310 1641 2345 Gefahr

174 2364 273 2398 lause
289 2389 299 2406 ‚
332 2375 372 2397 es
397 2363 464 2396 der
490 2361 563 2396 See
588 2368 835 2395 auvertrauen
861 2372 906 2395 zu
940 2363 1098 2394 mussen.
1148 2360 1265 2393 Recte
1297 2365 1419 2392 autem
1444 2356 1641 2391 Ernestius

174 2411 318 2444 censuit
344 2409 542 2454 legendum
567 2409 609 2442 de
634 2419 666 2442 v.
689 2419 725 2451 p.
773 2408 865 2442 Nam
893 2407 958 2441 illa
981 2406 1104 2439 cautio
1129 2405 1344 2450 pertinebat
1366 2405 1410 2438 ad
1430 2403 1639 2449 periculum

174 2464 349 2490 vecturae
377 2457 401 2490 i.
429 2468 461 2490 e.
488 2455 533 2489 ad
559 2454 767 2499 periculum
794 2453 1017 2488 amittendae
1043 2453 1223 2497 pecuniae
1256 2451 1431 2496 publicae
1456 2461 1525 2494 per
1550 2459 1640 2481 nau-

173 2503 355 2546 fragium,
385 2503 417 2536 si
451 2502 644 2546 pecuniam
677 2500 795 2544 ipsam
831 2499 913 2533 navi
946 2499 1123 2532 aveheret
1156 2510 1177 2531 e
1209 2497 1416 2543 provincia.
1448 2495 1556 2530 SCH.
1595 2495 1640 2527 de

175 2550 222 2583 de
246 2550 336 2583 ΕΠ).
363 2560 464 2593 susp.
492 2547 715 2589 Maru-Lag.
743 2546 828 2580 sch.
845 2548 937 2580 Liin.
972 2545 1046 2579 Sed
1073 2544 1159 2578 vide
1186 2544 1408 2578 Dae'nnium.
1440 2540 1636 2575 ORELLI.

179 2615 218 2620 --
243 2597 287 2629 de
311 2594 471 2629 ‹Ii-achin.
499 2603 675 2636 cccmoo„
700 2592 774 2627 Dir
800 2594 948 2634 100,000
968 2591 1177 2624 Drachmen
1193 2601 1239 2623 Ξ
1262 2590 1389 2632 40,οὓ0
1406 2588 1462 2622 Fl.
1486 2587 1636 2621 Rheinl.

175 2652 220 2676 zu
248 2642 385 2676 leihen.
420 2641 506 2675 Wie
533 2652 571 2674 es
597 2638 756 2682 scheint,
782 2650 846 2672 aus
871 2638 1090 2679 derBeute,
1116 2637 1178 2670 die
1194 2637 1329 2670 Cicero
1355 2634 1514 2668 aut'dem
1528 2633 1639 2666 Ama-

175 2698 242 2721 nus
276 2699 311 2722 u.
348 2698 393 2722 zu
420 2687 666 2721 Pindenissus
696 2686 866 2730 gemacht
902 2685 1013 2718 hatte.
1034 2702 1077 2708 -—
1112 2682 1206 2716 nihil
1239 2687 1309 2725 est,
1345 2681 1441 2725 quod
1466 2685 1558 2721 cet„
1596 2689 1638 2712 so

173 2735 273 2768 steht
299 2745 339 2768 es
366 2734 467 2768 nicht
500 2735 535 2767 in
572 2733 713 2767 meincr
738 2732 865 2767 Maeni
896 2730 1027 2775 irgend
1052 2729 1251 2764 Iemanden
1283 2728 1367 2761 eine
1392 2724 1641 2769 Gesalligkeit
