1795 3043
218 63 323 117 218
493 63 558 110 Μ.
575 63 630 109 Τ.
659 60 1000 109 CICERONIS
1034 59 1410 113 EPISTOLAE.

219 178 346 231 plura
383 175 566 229 garrire3
601 174 673 216 sed
711 176 849 216 lucet:
885 177 1007 228 urget
1043 174 1189 228 turba,
1217 175 1389 218 festinat
1416 177 1679 233 Philogenes.

218 233 392 275 valebis
420 234 549 285 igitur
579 234 620 273 et
648 233 790 274 valere
819 233 972 274 Piliam
1001 234 1043 274 et
1074 233 1303 275 Caeciliam
1337 236 1525 279 nostram
1560 237 1679 279 iube-

218 291 289 334 bis
317 291 476 333 literis:
518 290 701 331 salvebis
729 304 755 331 a
783 303 874 332 meo
905 290 1123 333 Cicerone.

422 463 735 510 EPISTOLA
769 462 990 509 CCLVII.
1027 462 1108 521 (ad
1142 463 1246 510 Div.
1282 464 1340 510 11.
1373 465 1477 524 13.)

356 551 438 588 Ser.
461 552 673 587 Laodiceae
705 556 866 586 exeunte
890 552 985 596 Apr.
1010 551 1056 586 A.
1083 550 1126 585 υ.
1155 553 1194 587 C.
1222 553 1297 587 704.
1327 554 1373 597 (a.
1401 554 1442 588 c.
1469 552 1542 595 50.)

217 621 341 657 Caelii
367 622 547 667 epistola,
573 632 680 665 quam
705 630 825 664 nuper
849 625 1062 665 acceperat,
1089 620 1250 655 laudata.
1276 623 1307 656 1.
1354 621 1482 666 Appio
1513 632 1555 656 se
1588 621 1673 656 ami-

215 680 301 704 cum
332 669 508 704 ostendit.
535 669 565 702 2.
616 667 730 700 otium
762 665 922 699 civitatis
955 666 1028 700 sibi
1059 667 1208 711 placere
1234 667 1297 702 ait.
1347 667 1522 702 Curionis
1548 667 1673 702 incon-

216 715 388 750 stantiam
414 726 435 748 a
458 726 498 749 se
524 713 731 758 praevisam
757 723 839 746 esse
864 712 1069 755 significat,
1107 725 1222 757 seque
1247 714 1318 748 iam
1345 715 1516 749 confecta
1538 713 1671 749 Laodi-

398 772 486 796 ceae
511 759 773 794 iurisdictione
803 757 841 792 in
868 758 1040 792 Ciliciam
1070 760 1260 804 proficisci
1284 761 1438 796 nuntiat.
1464 764 1496 796 3.

341 830 396 866 M.
421 829 609 865 CICERO
642 828 746 863 IMP.
779 826 817 862 S.
842 827 892 861 D.
919 827 971 863 M.
1006 827 1191 863 CAELIO
1222 829 1404 864 AEDILI
1435 829 1549 864 CUR.

328 899 464 941 Raras
493 902 587 940 tuas
616 898 1051 951 quidem—fortasse
1081 900 1191 939 enim
1221 912 1305 939 non
1335 901 1672 952 perferuntur-

211 955 289 999 sed
328 970 475 998 suaves
515 957 679 1010 accipio
718 957 889 996 literas:
930 956 998 996 vel
1044 968 1147 1008 quas
1186 956 1375 1008 proxime
1414 967 1668 1009 acceperam,

212 1026 343 1066 quam
380 1015 624 1068 prudentes!
669 1025 794 1065 quam
840 1013 961 1053 multi
999 1014 1042 1052 et
1080 1012 1212 1053 officii
1252 1015 1294 1054 et
1334 1013 1523 1054 consilii!
1581 1012 1672 1053 Etsi

211 1073 357 1113 omnia
385 1073 446 1113 sic
475 1072 773 1113 constitueram
800 1069 904 1109 mihi
932 1069 1114 1122 agenda,
1151 1072 1198 1110 ut
1227 1070 1275 1110 tu
1305 1070 1578 1111 admonebas:
1610 1070 1671 1109 ta-

209 1141 309 1172 men
340 1129 641 1170 confirmantur
669 1129 811 1168 nostra
841 1127 1035 1174 consilia,
1069 1139 1197 1177 quum
1228 1128 1430 1167 sentimus
1460 1126 1671 1178 prudenti-

158 1188 189 1228 2
212 1185 295 1227 bus
323 1186 590 1237 fideliterque
619 1184 887 1225 suadentibus
922 1183 1033 1223 idem
1061 1183 1209 1223 videri.
1277 1183 1368 1237 Ego
1406 1184 1590 1237 Appium
1617 1203 1672 1213 —-

211 1246 262 1284 ut
291 1256 414 1296 saepe
443 1246 582 1284 tecum
611 1244 777 1282 locutus
807 1253 896 1281 sum
923 1261 981 1270 -—
1008 1240 1132 1279 valde
1161 1241 1316 1292 diligo:
1355 1253 1505 1292 meque
1542 1241 1594 1281 ab
1624 1252 1669 1280 eo

212 1300 335 1353 diligi
363 1300 502 1341 statim
532 1300 729 1351 coeptum
760 1310 862 1349 esse,
891 1298 938 1337 ut
964 1296 1220 1336 simultatem
1241 1297 1520 1349 deposuimus,
1548 1297 1667 1339 sensi.
1709 1323 1713 1335 ·.

210 1356 322 1400 Nam
352 1360 394 1398 et
423 1355 682 1398 honorificus
712 1356 757 1395 in
786 1367 852 1394 me
881 1353 1028 1394 consul
1059 1354 1140 1393 fuit
1181 1355 1223 1393 et
1264 1353 1402 1395 suavis
1441 1355 1602 1396 amicus
1625 1356 1667 1394 et

210 1414 424 1456 studiosus
455 1414 691 1454 studiorum
720 1412 846 1453 etiam
866 1422 1064 1452 meorum.
1111 1410 1207 1451 Mea
1227 1423 1325 1451 vero
1345 1409 1489 1452 officia
1518 1412 1558 1452 ei
1588 1423 1666 1451 non

213 1472 416 1519 defuisse,
448 1473 494 1512 tu
524 1483 568 1511 es
598 1471 740 1520 testis3
780 1469 850 1510 cui
879 1469 965 1509 iam
1006 1466 1179 1516 κωμικός
1215 1465 1389 1518 μάρτυς,
1428 1470 1477 1508 ut
1506 1469 1662 1522 opinor,

211 1530 379 1571 accedit
409 1528 593 1569 Phania:
631 1529 672 1567 et
700 1527 945 1566 mehercule
981 1525 1106 1565 etiam
1135 1526 1271 1577 pluris
1301 1539 1396 1565 eum
1425 1527 1530 1577 feci,
1561 1524 1667 1577 quod

209 1589 255 1628 te
284 1587 416 1628 amari
452 1585 504 1626 ab
547 1597 595 1625 eo
633 1585 755 1625 sensi.
824 1584 912 1623 lam
950 1594 1017 1623 me
1046 1582 1238 1634 Pompeii
1275 1584 1408 1624 totum
1445 1595 1535 1624 esse
1568 1581 1663 1622 sc-is.

209 1731 363 1767 homine
388 1736 460 1764 tam
485 1730 599 1773 fatuo,
624 1734 695 1762 tam
720 1727 859 1762 nullius
886 1728 1048 1762 consilii.
1097 1728 1168 1761 Hic
1192 1734 1249 1762 est
1274 1727 1517 1774 Sempronius
1535 1728 1663 1771 Rufus,

209 1777 278 1821 qui
310 1778 422 1811 Rufio
457 1788 525 1821 per
554 1775 767 1810 irrisionem
804 1782 967 1809 vocatur,
1001 1775 1210 1810 MANUT.
1252 1775 1345 1810 Vid.
1379 1786 1437 1820 ep.
1457 1775 1595 1810 CXXV
1627 1781 1664 1809 et

209 1824 422 1860 CCXXIII.
456 1823 538 1857 Der
562 1822 752 1865 Banquier
765 1821 965 1858 Vestorius
991 1832 1069 1855 war
1094 1822 1172 1855 also
1197 1820 1257 1854 bei
1283 1821 1422 1855 seinem
1448 1820 1663 1866 allgewalti-

209 1882 285 1914 gen
308 1870 556 1904 Reichthume
581 1868 617 1902 in
644 1868 781 1902 seinem
807 1867 1084 1902 Rechtshandel
1115 1867 1263 1900 endlich
1293 1867 1387 1901 iiber
1416 1867 1488 1901 den
1518 1866 1661 1902 kleinen

209 1917 324 1952 Rufio
359 1916 514 1950 Meister
547 1914 762 1959 geworden.
788 1933 832 1940 --
881 1915 993 1956 lucet,
1026 1914 1093 1947 der
1118 1914 1200 1957 Tag
1233 1913 1354 1947 bricht
1380 1924 1436 1948 an.
1460 1933 1505 1938 —
1548 1913 1660 1954 twba,

209 1963 281 1997 der
307 1962 499 1997 Schwarm
524 1972 595 1994 von
622 1961 810 2004 Clienten,
826 1952 1052 2003 'Bittendem
1089 1960 1310 2003 Klagenden
1341 1960 1415 1993 und
1439 1959 1659 1994 streiterden

208 2009 398 2044 Parteien.
433 2009 469 2043 S.
496 2009 635 2041 vorher
659 2008 687 2050 ἕ.
706 2009 738 2041 5.
765 2018 820 2040 am
845 2007 964 2041 Ende.
987 2027 1030 2032 --
1065 2006 1282 2049 Philogenes
1333 2005 1372 2040 S.
1399 2006 1427 2048 ἕ.
1446 2008 1476 2039 1.
1495 2026 1539 2032 —
1577 2005 1660 2038 ,Ἰαε-

209 2056 339 2091 ciliam
364 2066 390 2090 s.
416 2055 596 2097 Atticam,
629 2053 744 2088 Attici
776 2053 902 2088 filiam.
946 2052 1010 2087 Sie
1043 2053 1138 2086 wird
1171 2053 1264 2086 auch
1295 2063 1337 2085 so
1369 2058 1548 2094 genannt,
1574 2050 1658 2085 weil

210 2102 357 2137 Atticus
390 2113 462 2135 von
499 2101 637 2135 seinem
676 2100 828 2134 reichen
863 2100 1002 2142 Onkel‚
1038 2099 1109 2133 den
1143 2110 1184 2132 er
1215 2098 1387 2141 beerbte,
1427 2098 1497 2131 den
1527 2098 1657 2132 Namen

210 2148 398 2184 Caecilius
423 2158 686 2190 angenommen
713 2147 827 2181 hatte.
859 2146 995 2180 nostris
1019 2145 1159 2179 Mureti
1184 2155 1282 2189 susp.
1302 2164 1346 2169 —
1383 2144 1521 2188 literis,
1555 2154 1657 2185 (uum

209 2195 363 2230 Romam
395 2194 548 2227 scribes.
583 2193 791 2228 MANUT.
818 2211 862 2217 —
906 2193 1040 2226 salveb.
1067 2202 1088 2224 a
1113 2202 1159 2224 m.
1189 2191 1250 2231 C.‚
1283 2190 1376 2224 auch
1409 2189 1506 2224 mein
1532 2190 1655 2224 Cicero

210 2240 262 2283 (d.
290 2241 314 2275 i.
342 2240 422 2274 sein
447 2240 565 2282 Sohn)
598 2240 688 2273 lasst
710 2239 810 2274 Dieh
844 2240 1014 2283 griissen.
1053 2237 1207 2271 salvebis
1230 2236 1306 2270 wie
1329 2236 1467 2270 valebis
1490 2240 1567 2271 stet!
1590 2234 1655 2269 des

210 2287 385 2333 Imperat.

538 2342 737 2377 CAELIO.
786 2341 825 2378 S.
862 2351 906 2375 zu
933 2353 992 2387 ep.
1012 2341 1153 2375 CXCII
1178 2339 1225 2374 im
1253 2341 1339 2374 Anf.

302 2404 334 2437 1.
368 2402 436 2435 vel.
470 2411 501 2434 s.
527 2401 670 2434 Grotef.
706 2400 830 2444 §.363.
851 2401 931 2435 364.
965 2399 1113 2433 Ramsh.
1149 2397 1177 2439 §.
1202 2398 1286 2440 180,
1309 2398 1340 2431 l.
1368 2414 1412 2421 -
1454 2393 1650 2440 studentes,

210 2450 336 2484 voller
366 2447 558 2492 Klugheit.
588 2447 778 2490 prudentis
808 2446 978 2489 ambigua
1009 2444 1194 2488 scriptura
1223 2442 1349 2478 Ceteri
1379 2454 1452 2476 cun
1471 2439 1548 2474 Md.
1576 2440 1650 2474 ΟΒ.

210 2515 256 2524 --
287 2507 324 2529 v.
349 2495 406 2528 sic
427 2494 612 2528 collocant
635 2493 853 2536 Mam—Lag.
879 2491 1072 2526 SenLiin.
1098 2496 1180 2524 ante
1204 2501 1239 2523 v.
1266 2489 1408 2532 agenda
1434 2492 1550 2519 :ontra
1571 2485 1649 2520 Md.

301 2552 333 2587 2.
367 2552 605 2596 deposuimus,
630 2549 786 2583 namlich
810 2549 897 2583 bald
921 2549 1014 2582 nach
1040 2547 1121 2581 dem
1147 2546 1254 2581 Tode
1279 2547 1403 2581 seines
1421 2542 1578 2576 ssruders
1603 2543 1649 2578 P.

211 2598 388 2640 Clodius,
422 2598 539 2631 durch
563 2596 817 2639 Verminlung
849 2595 914 2629 des
947 2594 1163 2638 Pompeius.
1182 2612 1227 2619 —
1261 2594 1321 2627 cui
1349 2593 1423 2626 ian.
1460 2588 1523 2624 Sic
1546 2594 1649 2640 recte

209 2644 386 2679 videntur
411 2644 623 2678 emendasse
646 2642 866 2685 Mart.-Lag.
892 2641 978 2676 Sch.
1004 2641 1098 2674 Lun.
1114 2642 1209 2675 Cett.
1237 2639 1442 2684 scriptur-:m
1466 2645 1649 2686 quomam,

211 2697 329 2724 ortam
356 2702 405 2724 ex
429 2691 514 2734 quoi
537 2691 622 2723 iam.
653 2688 846 2723 ORELLJ.
863 2707 907 2713 —-
942 2687 1134 2731 κωμικός
1157 2687 1205 2720 ob
1230 2696 1363 2719 nomen
1397 2692 1554 2733 »61501113
1585 2692 1649 2715 co-

211 2736 318 2773 micis
344 2737 484 2782 imponi
509 2736 731 2771 6011111111-
771 2735 906 2770 accedit
940 2732 1104 2777 Phania,
1141 2733 1258 2778 Appii
1282 2732 1434 2770 liberuS.
1475 2727 1561 2764 vid.
1587 2738 1645 2773 ep.
