<?xml version="1.0" encoding="UTF-8"?>
<!DOCTYPE html PUBLIC "-//W3C//DTD XHTML 1.0 Transitional//EN"
    "http://www.w3.org/TR/xhtml1/DTD/xhtml1-transitional.dtd">
<html xmlns="http://www.w3.org/1999/xhtml" xml:lang="en" lang="en">
 <head>
  <title>
</title>
<meta http-equiv="Content-Type" content="text/html;charset=utf-8" />
  <meta name='ocr-system' content='tesseract 3.04.00' />
  <meta name='ocr-capabilities' content='ocr_page ocr_carea ocr_par ocr_line ocrx_word'/>
</head>
<body>
  <div class='ocr_page' id='page_1' title='image "./epistolaeadattic02ciceuoft_0201.png"; bbox 0 0 1795 3043; ppageno 0'>
   <div class='ocr_carea' id='block_1_1' title="bbox 532 57 1539 111">
    <p class='ocr_par' dir='ltr' id='par_1_1' title="bbox 532 57 1539 111">
     <span class='ocr_line' id='line_1_1' title="bbox 532 57 1539 111; baseline -0.004 0"><span class='ocrx_word' id='word_1_1' title='bbox 532 60 846 111; x_wconf 83' lang='lat' dir='ltr'><strong>EPISTOLA</strong></span> <span class='ocrx_word' id='word_1_2' title='bbox 882 57 1071 106; x_wconf 82' lang='lat' dir='ltr'>CCLH.</span> <span class='ocrx_word' id='word_1_3' title='bbox 1314 78 1317 81; x_wconf 58' lang='lat'><strong><em>¹</em></strong></span> <span class='ocrx_word' id='word_1_4' title='bbox 1439 61 1539 109; x_wconf 80' lang='lat'>191</span> 
     </span>
    </p>
   </div>
   <div class='ocr_carea' id='block_1_2' title="bbox 73 169 1540 229">
    <p class='ocr_par' dir='ltr' id='par_1_2' title="bbox 73 169 1540 229">
     <span class='ocr_line' id='line_1_2' title="bbox 73 169 1540 229; baseline -0.009 -7"><span class='ocrx_word' id='word_1_5' title='bbox 73 181 203 229; x_wconf 88' lang='lat' dir='ltr'>velle,</span> <span class='ocrx_word' id='word_1_6' title='bbox 235 181 283 220; x_wconf 86' lang='lat' dir='ltr'>ut</span> <span class='ocrx_word' id='word_1_7' title='bbox 310 179 386 221; x_wconf 89' lang='lat' dir='ltr'>ille</span> <span class='ocrx_word' id='word_1_8' title='bbox 414 178 522 219; x_wconf 88' lang='lat' dir='ltr'>male</span> <span class='ocrx_word' id='word_1_9' title='bbox 553 175 710 227; x_wconf 81' lang='lat' dir='ltr'>audiat,</span> <span class='ocrx_word' id='word_1_10' title='bbox 740 174 782 213; x_wconf 89' lang='lat' dir='ltr'>et</span> <span class='ocrx_word' id='word_1_11' title='bbox 806 174 924 214; x_wconf 85' lang='lat' dir='ltr'>recte</span> <span class='ocrx_word' id='word_1_12' title='bbox 954 173 1097 213; x_wconf 78' lang='lat' dir='ltr'>facere</span> <span class='ocrx_word' id='word_1_13' title='bbox 1125 182 1210 212; x_wconf 91' lang='lat' dir='ltr'>non</span> <span class='ocrx_word' id='word_1_14' title='bbox 1240 169 1540 222; x_wconf 20' lang='lat' dir='ltr'>meaeflaudis,</span> 
     </span>
    </p>
   </div>
   <div class='ocr_carea' id='block_1_3' title="bbox 65 227 1589 1374">
    <p class='ocr_par' dir='ltr' id='par_1_3' title="bbox 65 227 1589 1374">
     <span class='ocr_line' id='line_1_3' title="bbox 71 227 1538 282; baseline -0.009 -3"><span class='ocrx_word' id='word_1_15' title='bbox 71 239 144 279; x_wconf 86' lang='lat' dir='ltr'>sed</span> <span class='ocrx_word' id='word_1_16' title='bbox 173 237 294 278; x_wconf 90' lang='lat' dir='ltr'>illius</span> <span class='ocrx_word' id='word_1_17' title='bbox 325 235 606 277; x_wconf 76' lang='lat' dir='ltr'>contumeliae</span> <span class='ocrx_word' id='word_1_18' title='bbox 635 245 774 274; x_wconf 88' lang='lat' dir='ltr'>causa.</span> <span class='ocrx_word' id='word_1_19' title='bbox 834 231 909 271; x_wconf 85' lang='lat' dir='ltr'>Sin</span> <span class='ocrx_word' id='word_1_20' title='bbox 932 229 1116 282; x_wconf 81' lang='lat' dir='ltr'>Appius,</span> <span class='ocrx_word' id='word_1_21' title='bbox 1146 231 1194 269; x_wconf 87' lang='lat' dir='ltr'>ut</span> <span class='ocrx_word' id='word_1_22' title='bbox 1222 229 1343 269; x_wconf 86' lang='lat' dir='ltr'>Bruti</span> <span class='ocrx_word' id='word_1_23' title='bbox 1370 227 1538 276; x_wconf 88' lang='lat' dir='ltr'>literae,</span> 
     </span>
     <span class='ocr_line' id='line_1_4' title="bbox 70 287 1539 347; baseline -0.008 -11"><span class='ocrx_word' id='word_1_24' title='bbox 70 308 175 347; x_wconf 87' lang='lat' dir='ltr'>quas</span> <span class='ocrx_word' id='word_1_25' title='bbox 204 295 257 335; x_wconf 87' lang='lat' dir='ltr'>ad</span> <span class='ocrx_word' id='word_1_26' title='bbox 288 298 330 335; x_wconf 94' lang='lat' dir='ltr'>te</span> <span class='ocrx_word' id='word_1_27' title='bbox 359 293 496 344; x_wconf 87' lang='lat' dir='ltr'>misit,</span> <span class='ocrx_word' id='word_1_28' title='bbox 525 289 834 344; x_wconf 84' lang='lat' dir='ltr'>significabant,</span> <span class='ocrx_word' id='word_1_29' title='bbox 863 289 1020 340; x_wconf 87' lang='lat' dir='ltr'>gratias</span> <span class='ocrx_word' id='word_1_30' title='bbox 1049 287 1171 327; x_wconf 88' lang='lat' dir='ltr'>nobis</span> <span class='ocrx_word' id='word_1_31' title='bbox 1201 287 1308 339; x_wconf 80' lang='lat' dir='ltr'>agit,</span> <span class='ocrx_word' id='word_1_32' title='bbox 1337 297 1420 326; x_wconf 89' lang='lat' dir='ltr'>non</span> <span class='ocrx_word' id='word_1_33' title='bbox 1452 297 1539 325; x_wconf 92' lang='lat' dir='ltr'>mo-</span> 
     </span>
     <span class='ocr_line' id='line_1_5' title="bbox 69 344 1539 399; baseline -0.008 -5"><span class='ocrx_word' id='word_1_34' title='bbox 69 354 178 394; x_wconf 88' lang='lat' dir='ltr'>leste</span> <span class='ocrx_word' id='word_1_35' title='bbox 216 354 325 394; x_wconf 81' lang='lat' dir='ltr'>fero:</span> <span class='ocrx_word' id='word_1_36' title='bbox 364 350 436 392; x_wconf 86' lang='lat' dir='ltr'>sed</span> <span class='ocrx_word' id='word_1_37' title='bbox 475 353 613 389; x_wconf 83' lang='lat' dir='ltr'>tamen</span> <span class='ocrx_word' id='word_1_38' title='bbox 654 360 703 388; x_wconf 89' lang='lat' dir='ltr'>eo</span> <span class='ocrx_word' id='word_1_39' title='bbox 742 347 835 399; x_wconf 89' lang='lat' dir='ltr'>ipso</span> <span class='ocrx_word' id='word_1_40' title='bbox 879 344 970 396; x_wconf 90' lang='lat' dir='ltr'>die,</span> <span class='ocrx_word' id='word_1_41' title='bbox 1009 357 1091 396; x_wconf 88' lang='lat' dir='ltr'>quo</span> <span class='ocrx_word' id='word_1_42' title='bbox 1131 345 1236 384; x_wconf 89' lang='lat' dir='ltr'>haec</span> <span class='ocrx_word' id='word_1_43' title='bbox 1273 346 1370 384; x_wconf 86' lang='lat' dir='ltr'>ante</span> <span class='ocrx_word' id='word_1_44' title='bbox 1399 344 1539 383; x_wconf 90' lang='lat' dir='ltr'>lucem</span> 
     </span>
     <span class='ocr_line' id='line_1_6' title="bbox 67 401 1540 462; baseline -0.006 -12"><span class='ocrx_word' id='word_1_45' title='bbox 67 410 330 462; x_wconf 77' lang='lat' dir='ltr'>scribebam,</span> <span class='ocrx_word' id='word_1_46' title='bbox 369 407 604 461; x_wconf 80' lang='lat' dir='ltr'>cogitabam</span> <span class='ocrx_word' id='word_1_47' title='bbox 641 406 731 446; x_wconf 90' lang='lat' dir='ltr'>eius</span> <span class='ocrx_word' id='word_1_48' title='bbox 769 404 901 444; x_wconf 85' lang='lat' dir='ltr'>multa</span> <span class='ocrx_word' id='word_1_49' title='bbox 937 402 1082 453; x_wconf 86' lang='lat' dir='ltr'>inique</span> <span class='ocrx_word' id='word_1_50' title='bbox 1111 402 1340 442; x_wconf 85' lang='lat' dir='ltr'>constituta</span> <span class='ocrx_word' id='word_1_51' title='bbox 1369 403 1411 441; x_wconf 84' lang='lat' dir='ltr'>et</span> <span class='ocrx_word' id='word_1_52' title='bbox 1441 401 1540 441; x_wconf 83' lang='lat' dir='ltr'>acta</span> 
     </span>
     <span class='ocr_line' id='line_1_7' title="bbox 67 456 1589 511; baseline -0.007 -4"><span class='ocrx_word' id='word_1_53' title='bbox 67 468 233 507; x_wconf 87' lang='lat' dir='ltr'>tollere.</span> <span class='ocrx_word' id='word_1_54' title='bbox 292 466 414 507; x_wconf 81' lang='lat' dir='ltr'>Nunc</span> <span class='ocrx_word' id='word_1_55' title='bbox 443 464 566 505; x_wconf 84' lang='lat' dir='ltr'>venio</span> <span class='ocrx_word' id='word_1_56' title='bbox 598 463 650 503; x_wconf 88' lang='lat' dir='ltr'>ad</span> <span class='ocrx_word' id='word_1_57' title='bbox 677 463 880 511; x_wconf 80' lang='lat' dir='ltr'>Brutum,</span> <span class='ocrx_word' id='word_1_58' title='bbox 923 472 1047 511; x_wconf 92' lang='lat' dir='ltr'>quem</span> <span class='ocrx_word' id='word_1_59' title='bbox 1079 472 1154 511; x_wconf 81' lang='lat' dir='ltr'>ego</span> <span class='ocrx_word' id='word_1_60' title='bbox 1185 459 1298 498; x_wconf 87' lang='lat' dir='ltr'>omni</span> <span class='ocrx_word' id='word_1_61' title='bbox 1327 458 1464 499; x_wconf 89' lang='lat' dir='ltr'>studio</span> <span class='ocrx_word' id='word_1_62' title='bbox 1494 460 1538 498; x_wconf 85' lang='lat' dir='ltr'>te</span> <span class='ocrx_word' id='word_1_63' title='bbox 1561 456 1589 497; x_wconf 74' lang='lat'>3</span> 
     </span>
     <span class='ocr_line' id='line_1_8' title="bbox 68 515 1539 574; baseline -0.006 -9"><span class='ocrx_word' id='word_1_64' title='bbox 68 527 243 565; x_wconf 83' lang='lat' dir='ltr'>auctore</span> <span class='ocrx_word' id='word_1_65' title='bbox 273 537 363 564; x_wconf 87' lang='lat' dir='ltr'>sum</span> <span class='ocrx_word' id='word_1_66' title='bbox 394 523 658 574; x_wconf 69' lang='lat' dir='ltr'>complexus,</span> <span class='ocrx_word' id='word_1_67' title='bbox 696 531 818 571; x_wconf 91' lang='lat' dir='ltr'>quem</span> <span class='ocrx_word' id='word_1_68' title='bbox 850 517 980 558; x_wconf 86' lang='lat' dir='ltr'>etiam</span> <span class='ocrx_word' id='word_1_69' title='bbox 1008 529 1150 557; x_wconf 86' lang='lat' dir='ltr'>amare</span> <span class='ocrx_word' id='word_1_70' title='bbox 1180 528 1418 568; x_wconf 76' lang='lat' dir='ltr'>coeperamt</span> <span class='ocrx_word' id='word_1_71' title='bbox 1451 515 1539 568; x_wconf 87' lang='lat' dir='ltr'>sed,</span> 
     </span>
     <span class='ocr_line' id='line_1_9' title="bbox 69 573 1539 633; baseline -0.007 -11"><span class='ocrx_word' id='word_1_72' title='bbox 69 581 181 633; x_wconf 85' lang='lat' dir='ltr'>dico,</span> <span class='ocrx_word' id='word_1_73' title='bbox 209 580 407 622; x_wconf 78' lang='lat' dir='ltr'>revocavi</span> <span class='ocrx_word' id='word_1_74' title='bbox 436 591 515 631; x_wconf 92' lang='lat' dir='ltr'>me,</span> <span class='ocrx_word' id='word_1_75' title='bbox 545 590 598 618; x_wconf 92' lang='lat' dir='ltr'>ne</span> <span class='ocrx_word' id='word_1_76' title='bbox 628 580 670 617; x_wconf 86' lang='lat' dir='ltr'>te</span> <span class='ocrx_word' id='word_1_77' title='bbox 700 574 971 616; x_wconf 81' lang='lat' dir='ltr'>offenderem.</span> <span class='ocrx_word' id='word_1_78' title='bbox 1017 574 1118 614; x_wconf 87' lang='lat' dir='ltr'>Noli</span> <span class='ocrx_word' id='word_1_79' title='bbox 1146 573 1260 613; x_wconf 91' lang='lat' dir='ltr'>enim</span> <span class='ocrx_word' id='word_1_80' title='bbox 1290 575 1441 626; x_wconf 88' lang='lat' dir='ltr'>putare</span> <span class='ocrx_word' id='word_1_81' title='bbox 1470 585 1539 613; x_wconf 87' lang='lat' dir='ltr'>me</span> 
     </span>
     <span class='ocr_line' id='line_1_10' title="bbox 70 631 1539 690; baseline -0.005 -11"><span class='ocrx_word' id='word_1_82' title='bbox 70 639 301 690; x_wconf 87' lang='lat' dir='ltr'>quidquam</span> <span class='ocrx_word' id='word_1_83' title='bbox 331 636 541 683; x_wconf 85' lang='lat' dir='ltr'>maluisse,</span> <span class='ocrx_word' id='word_1_84' title='bbox 574 647 715 687; x_wconf 82' lang='lat' dir='ltr'>quam,</span> <span class='ocrx_word' id='word_1_85' title='bbox 745 636 793 673; x_wconf 84' lang='lat' dir='ltr'>ut</span> <span class='ocrx_word' id='word_1_86' title='bbox 823 632 1043 672; x_wconf 83' lang='lat' dir='ltr'>mandarat</span> <span class='ocrx_word' id='word_1_87' title='bbox 1072 631 1121 684; x_wconf 88' lang='lat' dir='ltr'>is,</span> <span class='ocrx_word' id='word_1_88' title='bbox 1152 632 1309 682; x_wconf 85' lang='lat' dir='ltr'>facere,</span> <span class='ocrx_word' id='word_1_89' title='bbox 1338 643 1418 670; x_wconf 90' lang='lat' dir='ltr'>nec</span> <span class='ocrx_word' id='word_1_90' title='bbox 1449 632 1539 671; x_wconf 84' lang='lat' dir='ltr'>ulla</span> 
     </span>
     <span class='ocr_line' id='line_1_11' title="bbox 67 687 1540 748; baseline -0.007 -12"><span class='ocrx_word' id='word_1_91' title='bbox 67 695 121 735; x_wconf 91' lang='lat' dir='ltr'>de</span> <span class='ocrx_word' id='word_1_92' title='bbox 149 709 196 736; x_wconf 90' lang='lat' dir='ltr'>re</span> <span class='ocrx_word' id='word_1_93' title='bbox 226 697 321 748; x_wconf 92' lang='lat' dir='ltr'>plus</span> <span class='ocrx_word' id='word_1_94' title='bbox 350 694 574 735; x_wconf 83' lang='lat' dir='ltr'>laborasse.</span> <span class='ocrx_word' id='word_1_95' title='bbox 624 691 923 732; x_wconf 83' lang='lat' dir='ltr'>Mandatorum</span> <span class='ocrx_word' id='word_1_96' title='bbox 943 691 1084 730; x_wconf 89' lang='lat' dir='ltr'>autem</span> <span class='ocrx_word' id='word_1_97' title='bbox 1113 689 1218 728; x_wconf 90' lang='lat' dir='ltr'>mihi</span> <span class='ocrx_word' id='word_1_98' title='bbox 1247 687 1441 728; x_wconf 87' lang='lat' dir='ltr'>libellum</span> <span class='ocrx_word' id='word_1_99' title='bbox 1469 688 1540 728; x_wconf 91' lang='lat' dir='ltr'>de-</span> 
     </span>
     <span class='ocr_line' id='line_1_12' title="bbox 69 745 1539 803; baseline -0.006 -10"><span class='ocrx_word' id='word_1_100' title='bbox 69 753 149 793; x_wconf 83' lang='lat' dir='ltr'>dit:</span> <span class='ocrx_word' id='word_1_101' title='bbox 181 753 415 803; x_wconf 90' lang='lat' dir='ltr'>iisdemque</span> <span class='ocrx_word' id='word_1_102' title='bbox 445 751 496 791; x_wconf 89' lang='lat' dir='ltr'>de</span> <span class='ocrx_word' id='word_1_103' title='bbox 526 750 652 790; x_wconf 89' lang='lat' dir='ltr'>rebus</span> <span class='ocrx_word' id='word_1_104' title='bbox 681 751 727 788; x_wconf 85' lang='lat' dir='ltr'>tu</span> <span class='ocrx_word' id='word_1_105' title='bbox 756 760 921 788; x_wconf 90' lang='lat' dir='ltr'>mecum</span> <span class='ocrx_word' id='word_1_106' title='bbox 955 760 1115 799; x_wconf 84' lang='lat' dir='ltr'>egeras.</span> <span class='ocrx_word' id='word_1_107' title='bbox 1176 745 1326 786; x_wconf 84' lang='lat' dir='ltr'>Omnia</span> <span class='ocrx_word' id='word_1_108' title='bbox 1355 758 1446 784; x_wconf 90' lang='lat' dir='ltr'>sum</span> <span class='ocrx_word' id='word_1_109' title='bbox 1476 745 1539 784; x_wconf 90' lang='lat' dir='ltr'>di-</span> 
     </span>
     <span class='ocr_line' id='line_1_13' title="bbox 66 803 1538 862; baseline -0.004 -13"><span class='ocrx_word' id='word_1_110' title='bbox 66 810 344 862; x_wconf 86' lang='lat' dir='ltr'>ligentissime</span> <span class='ocrx_word' id='word_1_111' title='bbox 375 810 632 860; x_wconf 78' lang='lat' dir='ltr'>persecutus.</span> <span class='ocrx_word' id='word_1_112' title='bbox 692 806 898 852; x_wconf 82' lang='lat' dir='ltr'>Primum,</span> <span class='ocrx_word' id='word_1_113' title='bbox 939 804 992 844; x_wconf 85' lang='lat' dir='ltr'>ab</span> <span class='ocrx_word' id='word_1_114' title='bbox 1019 803 1310 843; x_wconf 81' lang='lat' dir='ltr'>Ariobarzane</span> <span class='ocrx_word' id='word_1_115' title='bbox 1347 803 1408 842; x_wconf 89' lang='lat' dir='ltr'>sic</span> <span class='ocrx_word' id='word_1_116' title='bbox 1440 814 1538 843; x_wconf 87' lang='lat' dir='ltr'>con-</span> 
     </span>
     <span class='ocr_line' id='line_1_14' title="bbox 66 859 1538 918; baseline -0.005 -12"><span class='ocrx_word' id='word_1_117' title='bbox 66 867 199 918; x_wconf 84' lang='lat' dir='ltr'>tendi,</span> <span class='ocrx_word' id='word_1_118' title='bbox 227 869 274 906; x_wconf 88' lang='lat' dir='ltr'>ut</span> <span class='ocrx_word' id='word_1_119' title='bbox 301 867 474 913; x_wconf 84' lang='lat' dir='ltr'>talenta,</span> <span class='ocrx_word' id='word_1_120' title='bbox 508 877 617 916; x_wconf 87' lang='lat' dir='ltr'>quae</span> <span class='ocrx_word' id='word_1_121' title='bbox 647 864 753 903; x_wconf 89' lang='lat' dir='ltr'>mihi</span> <span class='ocrx_word' id='word_1_122' title='bbox 782 863 1080 915; x_wconf 78' lang='lat' dir='ltr'>pollicebatur,</span> <span class='ocrx_word' id='word_1_123' title='bbox 1110 861 1178 900; x_wconf 91' lang='lat' dir='ltr'>illi</span> <span class='ocrx_word' id='word_1_124' title='bbox 1208 860 1339 900; x_wconf 82' lang='lat' dir='ltr'>daret.</span> <span class='ocrx_word' id='word_1_125' title='bbox 1391 859 1538 907; x_wconf 79' lang='lat' dir='ltr'>Quoad</span> 
     </span>
     <span class='ocr_line' id='line_1_15' title="bbox 66 917 1538 975; baseline -0.004 -11"><span class='ocrx_word' id='word_1_126' title='bbox 66 936 234 964; x_wconf 89' lang='lat' dir='ltr'>mecum</span> <span class='ocrx_word' id='word_1_127' title='bbox 264 936 340 964; x_wconf 81' lang='lat' dir='ltr'>rex</span> <span class='ocrx_word' id='word_1_128' title='bbox 366 922 462 975; x_wconf 85' lang='lat' dir='ltr'>fuit,</span> <span class='ocrx_word' id='word_1_129' title='bbox 492 922 680 975; x_wconf 87' lang='lat' dir='ltr'>perbono</span> <span class='ocrx_word' id='word_1_130' title='bbox 710 922 807 960; x_wconf 91' lang='lat' dir='ltr'>loco</span> <span class='ocrx_word' id='word_1_131' title='bbox 839 933 906 960; x_wconf 88' lang='lat' dir='ltr'>res</span> <span class='ocrx_word' id='word_1_132' title='bbox 924 922 1033 959; x_wconf 87' lang='lat' dir='ltr'>erat:</span> <span class='ocrx_word' id='word_1_133' title='bbox 1068 919 1161 969; x_wconf 83' lang='lat' dir='ltr'>post</span> <span class='ocrx_word' id='word_1_134' title='bbox 1185 931 1209 957; x_wconf 86' lang='lat' dir='ltr'>a</span> <span class='ocrx_word' id='word_1_135' title='bbox 1227 917 1419 969; x_wconf 79' lang='lat' dir='ltr'>Pompeii</span> <span class='ocrx_word' id='word_1_136' title='bbox 1441 929 1538 968; x_wconf 88' lang='lat' dir='ltr'>pro-</span> 
     </span>
     <span class='ocr_line' id='line_1_16' title="bbox 66 975 1538 1032; baseline -0.004 -11"><span class='ocrx_word' id='word_1_137' title='bbox 66 981 332 1022; x_wconf 86' lang='lat' dir='ltr'>curatoribus</span> <span class='ocrx_word' id='word_1_138' title='bbox 373 981 581 1021; x_wconf 79' lang='lat' dir='ltr'>sexcentis</span> <span class='ocrx_word' id='word_1_139' title='bbox 615 978 752 1032; x_wconf 88' lang='lat' dir='ltr'>premi</span> <span class='ocrx_word' id='word_1_140' title='bbox 791 979 965 1029; x_wconf 88' lang='lat' dir='ltr'>coeptus</span> <span class='ocrx_word' id='word_1_141' title='bbox 1001 977 1074 1015; x_wconf 89' lang='lat' dir='ltr'>est.</span> <span class='ocrx_word' id='word_1_142' title='bbox 1132 975 1359 1027; x_wconf 87' lang='lat' dir='ltr'>Pompeius</span> <span class='ocrx_word' id='word_1_143' title='bbox 1395 977 1538 1015; x_wconf 87' lang='lat' dir='ltr'>autem</span> 
     </span>
     <span class='ocr_line' id='line_1_17' title="bbox 67 1033 1534 1089; baseline -0.003 -12"><span class='ocrx_word' id='word_1_144' title='bbox 67 1051 195 1089; x_wconf 90' lang='lat' dir='ltr'>quum</span> <span class='ocrx_word' id='word_1_145' title='bbox 216 1036 269 1077; x_wconf 94' lang='lat' dir='ltr'>ob</span> <span class='ocrx_word' id='word_1_146' title='bbox 290 1040 455 1078; x_wconf 88' lang='lat' dir='ltr'>ceteras</span> <span class='ocrx_word' id='word_1_147' title='bbox 472 1049 620 1077; x_wconf 84' lang='lat' dir='ltr'>causas</span> <span class='ocrx_word' id='word_1_148' title='bbox 638 1038 735 1089; x_wconf 92' lang='lat' dir='ltr'>plus</span> <span class='ocrx_word' id='word_1_149' title='bbox 755 1036 892 1087; x_wconf 87' lang='lat' dir='ltr'>potest</span> <span class='ocrx_word' id='word_1_150' title='bbox 920 1047 1027 1073; x_wconf 87' lang='lat' dir='ltr'>unus</span> <span class='ocrx_word' id='word_1_151' title='bbox 1056 1044 1183 1084; x_wconf 89' lang='lat' dir='ltr'>quam</span> <span class='ocrx_word' id='word_1_152' title='bbox 1211 1033 1344 1072; x_wconf 87' lang='lat' dir='ltr'>ceteri</span> <span class='ocrx_word' id='word_1_153' title='bbox 1375 1043 1534 1080; x_wconf 88' lang='lat' dir='ltr'>omnes,</span> 
     </span>
     <span class='ocr_line' id='line_1_18' title="bbox 65 1090 1537 1147; baseline -0.003 -12"><span class='ocrx_word' id='word_1_154' title='bbox 65 1097 155 1135; x_wconf 80' lang='lat' dir='ltr'>tum</span> <span class='ocrx_word' id='word_1_155' title='bbox 185 1095 295 1147; x_wconf 91' lang='lat' dir='ltr'>quod</span> <span class='ocrx_word' id='word_1_156' title='bbox 324 1096 499 1147; x_wconf 89' lang='lat' dir='ltr'>putatur</span> <span class='ocrx_word' id='word_1_157' title='bbox 527 1094 579 1134; x_wconf 88' lang='lat' dir='ltr'>ad</span> <span class='ocrx_word' id='word_1_158' title='bbox 609 1093 767 1133; x_wconf 88' lang='lat' dir='ltr'>bellum</span> <span class='ocrx_word' id='word_1_159' title='bbox 798 1092 1049 1132; x_wconf 88' lang='lat' dir='ltr'>Parthicum</span> <span class='ocrx_word' id='word_1_160' title='bbox 1090 1102 1181 1130; x_wconf 85' lang='lat' dir='ltr'>esse</span> <span class='ocrx_word' id='word_1_161' title='bbox 1208 1092 1421 1130; x_wconf 82' lang='lat' dir='ltr'>venturus.</span> <span class='ocrx_word' id='word_1_162' title='bbox 1480 1090 1537 1131; x_wconf 84' lang='lat' dir='ltr'>Ei</span> 
     </span>
     <span class='ocr_line' id='line_1_19' title="bbox 67 1147 1538 1200; baseline -0.005 -8"><span class='ocrx_word' id='word_1_163' title='bbox 67 1153 206 1192; x_wconf 88' lang='lat' dir='ltr'>tamen</span> <span class='ocrx_word' id='word_1_164' title='bbox 237 1152 298 1192; x_wconf 88' lang='lat' dir='ltr'>sic</span> <span class='ocrx_word' id='word_1_165' title='bbox 327 1164 443 1192; x_wconf 89' lang='lat' dir='ltr'>nunc</span> <span class='ocrx_word' id='word_1_166' title='bbox 473 1152 672 1192; x_wconf 83' lang='lat' dir='ltr'>solvitur:</span> <span class='ocrx_word' id='word_1_167' title='bbox 713 1149 928 1190; x_wconf 81' lang='lat' dir='ltr'>tricesimo</span> <span class='ocrx_word' id='word_1_168' title='bbox 965 1159 1131 1200; x_wconf 88' lang='lat' dir='ltr'>quoque</span> <span class='ocrx_word' id='word_1_169' title='bbox 1168 1147 1235 1187; x_wconf 87' lang='lat' dir='ltr'>die</span> <span class='ocrx_word' id='word_1_170' title='bbox 1274 1148 1434 1187; x_wconf 85' lang='lat' dir='ltr'>talenta</span> <span class='ocrx_word' id='word_1_171' title='bbox 1462 1147 1538 1187; x_wconf 89' lang='lat' dir='ltr'>At-</span> 
     </span>
     <span class='ocr_line' id='line_1_20' title="bbox 67 1204 1537 1256; baseline -0.005 -6"><span class='ocrx_word' id='word_1_172' title='bbox 67 1210 153 1250; x_wconf 77' lang='lat' dir='ltr'>tica</span> <span class='ocrx_word' id='word_1_173' title='bbox 179 1222 360 1256; x_wconf 67' lang='lat' dir='ltr'>xxxnr,</span> <span class='ocrx_word' id='word_1_174' title='bbox 392 1210 435 1248; x_wconf 88' lang='lat' dir='ltr'>et</span> <span class='ocrx_word' id='word_1_175' title='bbox 463 1209 547 1249; x_wconf 88' lang='lat' dir='ltr'>hoc</span> <span class='ocrx_word' id='word_1_176' title='bbox 579 1221 631 1248; x_wconf 78' lang='lat' dir='ltr'>ex</span> <span class='ocrx_word' id='word_1_177' title='bbox 660 1206 855 1247; x_wconf 83' lang='lat' dir='ltr'>tributis:</span> <span class='ocrx_word' id='word_1_178' title='bbox 885 1219 964 1246; x_wconf 86' lang='lat' dir='ltr'>nec</span> <span class='ocrx_word' id='word_1_179' title='bbox 994 1205 1038 1245; x_wconf 88' lang='lat' dir='ltr'>id</span> <span class='ocrx_word' id='word_1_180' title='bbox 1070 1205 1170 1244; x_wconf 87' lang='lat' dir='ltr'>satis</span> <span class='ocrx_word' id='word_1_181' title='bbox 1199 1204 1335 1244; x_wconf 83' lang='lat' dir='ltr'>efficit</span> <span class='ocrx_word' id='word_1_182' title='bbox 1364 1204 1412 1244; x_wconf 37' lang='lat' dir='ltr'>in.</span> <span class='ocrx_word' id='word_1_183' title='bbox 1439 1217 1537 1243; x_wconf 93' lang='lat' dir='ltr'>usu-</span> 
     </span>
     <span class='ocr_line' id='line_1_21' title="bbox 66 1262 1536 1307; baseline -0.005 0"><span class='ocrx_word' id='word_1_184' title='bbox 66 1278 155 1307; x_wconf 85' lang='lat' dir='ltr'>ram</span> <span class='ocrx_word' id='word_1_185' title='bbox 173 1268 442 1306; x_wconf 83' lang='lat' dir='ltr'>menstruam.</span> <span class='ocrx_word' id='word_1_186' title='bbox 485 1265 567 1306; x_wconf 85' lang='lat' dir='ltr'>Sed</span> <span class='ocrx_word' id='word_1_187' title='bbox 587 1265 750 1304; x_wconf 88' lang='lat' dir='ltr'>Cnaeus</span> <span class='ocrx_word' id='word_1_188' title='bbox 780 1265 922 1303; x_wconf 91' lang='lat' dir='ltr'>noster</span> <span class='ocrx_word' id='word_1_189' title='bbox 952 1264 1184 1302; x_wconf 86' lang='lat' dir='ltr'>clementer</span> <span class='ocrx_word' id='word_1_190' title='bbox 1211 1262 1256 1301; x_wconf 91' lang='lat' dir='ltr'>id</span> <span class='ocrx_word' id='word_1_191' title='bbox 1287 1263 1389 1301; x_wconf 73' lang='lat' dir='ltr'>sert:</span> <span class='ocrx_word' id='word_1_192' title='bbox 1422 1263 1536 1301; x_wconf 80' lang='lat' dir='ltr'>sorte</span> 
     </span>
     <span class='ocr_line' id='line_1_22' title="bbox 66 1318 1536 1374; baseline -0.003 -11"><span class='ocrx_word' id='word_1_193' title='bbox 66 1326 206 1372; x_wconf 81' lang='lat' dir='ltr'>caret3</span> <span class='ocrx_word' id='word_1_194' title='bbox 240 1335 380 1374; x_wconf 88' lang='lat' dir='ltr'>usura,</span> <span class='ocrx_word' id='word_1_195' title='bbox 409 1335 488 1361; x_wconf 82' lang='lat' dir='ltr'>nec</span> <span class='ocrx_word' id='word_1_196' title='bbox 518 1335 566 1362; x_wconf 92' lang='lat' dir='ltr'>ea</span> <span class='ocrx_word' id='word_1_197' title='bbox 598 1321 746 1367; x_wconf 84' lang='lat' dir='ltr'>solida,</span> <span class='ocrx_word' id='word_1_198' title='bbox 780 1318 1002 1360; x_wconf 59' lang='lat' dir='ltr'>contentus</span> <span class='ocrx_word' id='word_1_199' title='bbox 1033 1321 1110 1360; x_wconf 90' lang='lat' dir='ltr'>est.</span> <span class='ocrx_word' id='word_1_200' title='bbox 1168 1319 1256 1359; x_wconf 89' lang='lat' dir='ltr'>Alii</span> <span class='ocrx_word' id='word_1_201' title='bbox 1285 1331 1423 1369; x_wconf 87' lang='lat' dir='ltr'>neque</span> <span class='ocrx_word' id='word_1_202' title='bbox 1454 1319 1536 1358; x_wconf 88' lang='lat' dir='ltr'>sol-</span> 
     </span>
    </p>
   </div>
   <div class='ocr_carea' id='block_1_4' title="bbox 63 1396 1536 1720">
    <p class='ocr_par' dir='ltr' id='par_1_4' title="bbox 63 1396 1536 1480">
     <span class='ocr_line' id='line_1_23' title="bbox 66 1396 1536 1443; baseline -0.002 -10"><span class='ocrx_word' id='word_1_203' title='bbox 66 1401 232 1433; x_wconf 74' lang='lat' dir='ltr'>vatlia&#39;us.</span> <span class='ocrx_word' id='word_1_204' title='bbox 251 1419 295 1423; x_wconf 97' lang='lat'><strong>—</strong></span> <span class='ocrx_word' id='word_1_205' title='bbox 331 1400 451 1443; x_wconf 75' lang='lat' dir='ltr'>qui:</span> <span class='ocrx_word' id='word_1_206' title='bbox 469 1399 609 1442; x_wconf 76' lang='lat' dir='ltr'>quippe</span> <span class='ocrx_word' id='word_1_207' title='bbox 635 1398 698 1441; x_wconf 88' lang='lat' dir='ltr'>qui</span> <span class='ocrx_word' id='word_1_208' title='bbox 727 1424 758 1431; x_wconf 93' lang='lat'>..</span> <span class='ocrx_word' id='word_1_209' title='bbox 774 1423 782 1431; x_wconf 92' lang='lat'>.</span> <span class='ocrx_word' id='word_1_210' title='bbox 806 1401 1000 1442; x_wconf 72' lang='lat' dir='ltr'>putent.—</span> <span class='ocrx_word' id='word_1_211' title='bbox 1033 1400 1071 1428; x_wconf 84' lang='lat' dir='ltr'>ut</span> <span class='ocrx_word' id='word_1_212' title='bbox 1096 1397 1160 1429; x_wconf 78' lang='lat' dir='ltr'>z‘lle</span> <span class='ocrx_word' id='word_1_213' title='bbox 1182 1396 1278 1429; x_wconf 75' lang='lat' dir='ltr'>male</span> <span class='ocrx_word' id='word_1_214' title='bbox 1303 1397 1443 1439; x_wconf 71' lang='lat' dir='ltr'>audiat,</span> <span class='ocrx_word' id='word_1_215' title='bbox 1469 1396 1536 1430; x_wconf 85' lang='lat' dir='ltr'>da·-</span> 
     </span>
     <span class='ocr_line' id='line_1_24' title="bbox 63 1445 762 1480; baseline -0.004 0"><span class='ocrx_word' id='word_1_216' title='bbox 63 1446 129 1480; x_wconf 86' lang='lat' dir='ltr'>mit</span> <span class='ocrx_word' id='word_1_217' title='bbox 154 1447 258 1479; x_wconf 86' lang='lat' dir='ltr'>iener</span> <span class='ocrx_word' id='word_1_218' title='bbox 283 1446 319 1479; x_wconf 92' lang='lat' dir='ltr'>in</span> <span class='ocrx_word' id='word_1_219' title='bbox 347 1446 481 1479; x_wconf 79' lang='lat' dir='ltr'>ubelen</span> <span class='ocrx_word' id='word_1_220' title='bbox 505 1445 585 1479; x_wconf 84' lang='lat' dir='ltr'>Ruf</span> <span class='ocrx_word' id='word_1_221' title='bbox 604 1445 762 1478; x_wconf 79' lang='lat' dir='ltr'>komme.</span> 
     </span>
    </p>

    <p class='ocr_par' dir='ltr' id='par_1_5' title="bbox 64 1488 1536 1720">
     <span class='ocr_line' id='line_1_25' title="bbox 155 1488 1535 1534; baseline -0.001 -7"><span class='ocrx_word' id='word_1_222' title='bbox 155 1495 186 1527; x_wconf 83' lang='lat'>3.</span> <span class='ocrx_word' id='word_1_223' title='bbox 216 1503 258 1525; x_wconf 80' lang='lat' dir='ltr'>ne</span> <span class='ocrx_word' id='word_1_224' title='bbox 283 1496 315 1524; x_wconf 79' lang='lat' dir='ltr'>te</span> <span class='ocrx_word' id='word_1_225' title='bbox 341 1493 467 1534; x_wconf 79' lang='lat' dir='ltr'>offend.</span> <span class='ocrx_word' id='word_1_226' title='bbox 502 1491 677 1525; x_wconf 71' lang='lat' dir='ltr'>revocavi</span> <span class='ocrx_word' id='word_1_227' title='bbox 712 1501 770 1523; x_wconf 90' lang='lat' dir='ltr'>me</span> <span class='ocrx_word' id='word_1_228' title='bbox 801 1490 846 1523; x_wconf 90' lang='lat' dir='ltr'>ab</span> <span class='ocrx_word' id='word_1_229' title='bbox 877 1489 957 1523; x_wconf 87' lang='lat' dir='ltr'>eius</span> <span class='ocrx_word' id='word_1_230' title='bbox 989 1499 1135 1531; x_wconf 87' lang='lat' dir='ltr'>amore,</span> <span class='ocrx_word' id='word_1_231' title='bbox 1167 1498 1215 1522; x_wconf 89' lang='lat' dir='ltr'>ne</span> <span class='ocrx_word' id='word_1_232' title='bbox 1241 1494 1278 1522; x_wconf 86' lang='lat' dir='ltr'>te</span> <span class='ocrx_word' id='word_1_233' title='bbox 1303 1488 1535 1525; x_wconf 84' lang='lat' dir='ltr'>offenderem</span> 
     </span>
     <span class='ocr_line' id='line_1_26' title="bbox 68 1536 1536 1583; baseline -0.002 -11"><span class='ocrx_word' id='word_1_234' title='bbox 68 1538 197 1581; x_wconf 82' lang='lat' dir='ltr'>iniqua</span> <span class='ocrx_word' id='word_1_235' title='bbox 222 1539 301 1572; x_wconf 86' lang='lat' dir='ltr'>eius</span> <span class='ocrx_word' id='word_1_236' title='bbox 327 1539 513 1583; x_wconf 80' lang='lat' dir='ltr'>postulata</span> <span class='ocrx_word' id='word_1_237' title='bbox 539 1538 575 1570; x_wconf 87' lang='lat' dir='ltr'>in</span> <span class='ocrx_word' id='word_1_238' title='bbox 601 1548 710 1570; x_wconf 80' lang='lat' dir='ltr'>causa</span> <span class='ocrx_word' id='word_1_239' title='bbox 736 1536 1021 1570; x_wconf 73' lang='lat' dir='ltr'>Salaminiorum</span> <span class='ocrx_word' id='word_1_240' title='bbox 1054 1547 1134 1568; x_wconf 88' lang='lat' dir='ltr'>cum</span> <span class='ocrx_word' id='word_1_241' title='bbox 1166 1545 1299 1579; x_wconf 78' lang='lat' dir='ltr'>magno</span> <span class='ocrx_word' id='word_1_242' title='bbox 1331 1547 1413 1570; x_wconf 87' lang='lat' dir='ltr'>meo</span> <span class='ocrx_word' id='word_1_243' title='bbox 1444 1547 1536 1580; x_wconf 89' lang='lat' dir='ltr'>pec-</span> 
     </span>
     <span class='ocr_line' id='line_1_27' title="bbox 64 1580 1534 1626; baseline -0.001 -8"><span class='ocrx_word' id='word_1_244' title='bbox 64 1592 146 1618; x_wconf 85' lang='lat' dir='ltr'>cato</span> <span class='ocrx_word' id='word_1_245' title='bbox 182 1592 217 1618; x_wconf 86' lang='lat' dir='ltr'>et</span> <span class='ocrx_word' id='word_1_246' title='bbox 251 1585 368 1618; x_wconf 78' lang='lat' dir='ltr'>famae</span> <span class='ocrx_word' id='word_1_247' title='bbox 408 1584 628 1617; x_wconf 87' lang='lat' dir='ltr'>detrimento</span> <span class='ocrx_word' id='word_1_248' title='bbox 662 1582 912 1617; x_wconf 80' lang='lat' dir='ltr'>concedendo.</span> <span class='ocrx_word' id='word_1_249' title='bbox 962 1580 1026 1615; x_wconf 84' lang='lat' dir='ltr'>Sic</span> <span class='ocrx_word' id='word_1_250' title='bbox 1058 1593 1113 1626; x_wconf 85' lang='lat' dir='ltr'>ep.</span> <span class='ocrx_word' id='word_1_251' title='bbox 1140 1581 1258 1624; x_wconf 83' lang='lat' dir='ltr'>CCL,</span> <span class='ocrx_word' id='word_1_252' title='bbox 1290 1584 1344 1617; x_wconf 83' lang='lat'>13.</span> <span class='ocrx_word' id='word_1_253' title='bbox 1406 1582 1534 1616; x_wconf 78' lang='lat' dir='ltr'>Habes</span> 
     </span>
     <span class='ocr_line' id='line_1_28' title="bbox 64 1627 1535 1673; baseline -0.002 -9"><span class='ocrx_word' id='word_1_254' title='bbox 64 1642 180 1664; x_wconf 86' lang='lat' dir='ltr'>meam</span> <span class='ocrx_word' id='word_1_255' title='bbox 207 1641 361 1664; x_wconf 83' lang='lat' dir='ltr'>causam.</span> <span class='ocrx_word' id='word_1_256' title='bbox 386 1636 457 1664; x_wconf 86' lang='lat' dir='ltr'>cet.</span> <span class='ocrx_word' id='word_1_257' title='bbox 496 1630 663 1673; x_wconf 72' lang='lat' dir='ltr'>(Attikus</span> <span class='ocrx_word' id='word_1_258' title='bbox 689 1631 790 1663; x_wconf 88' lang='lat' dir='ltr'>hatte</span> <span class='ocrx_word' id='word_1_259' title='bbox 815 1629 887 1662; x_wconf 89' lang='lat' dir='ltr'>den</span> <span class='ocrx_word' id='word_1_260' title='bbox 913 1627 1047 1662; x_wconf 81' lang='lat' dir='ltr'>Cicero</span> <span class='ocrx_word' id='word_1_261' title='bbox 1075 1639 1119 1662; x_wconf 86' lang='lat' dir='ltr'>zu</span> <span class='ocrx_word' id='word_1_262' title='bbox 1153 1628 1274 1662; x_wconf 85' lang='lat' dir='ltr'>einem</span> <span class='ocrx_word' id='word_1_263' title='bbox 1306 1629 1535 1662; x_wconf 76' lang='lat' dir='ltr'>reclnschaf-</span> 
     </span>
     <span class='ocr_line' id='line_1_29' title="bbox 64 1674 1532 1720; baseline 0.001 -11"><span class='ocrx_word' id='word_1_264' title='bbox 64 1677 173 1711; x_wconf 78' lang='lat' dir='ltr'>senen</span> <span class='ocrx_word' id='word_1_265' title='bbox 207 1677 417 1713; x_wconf 77' lang='lat' dir='ltr'>Verfahren</span> <span class='ocrx_word' id='word_1_266' title='bbox 458 1683 549 1710; x_wconf 83' lang='lat' dir='ltr'>stets</span> <span class='ocrx_word' id='word_1_267' title='bbox 581 1678 866 1720; x_wconf 69' lang='lat' dir='ltr'>autgemuntert.</span> <span class='ocrx_word' id='word_1_268' title='bbox 913 1674 952 1709; x_wconf 85' lang='lat' dir='ltr'>S.</span> <span class='ocrx_word' id='word_1_269' title='bbox 983 1686 1041 1720; x_wconf 89' lang='lat' dir='ltr'>ep.</span> <span class='ocrx_word' id='word_1_270' title='bbox 1065 1675 1179 1718; x_wconf 85' lang='lat' dir='ltr'>CCL,</span> <span class='ocrx_word' id='word_1_271' title='bbox 1209 1677 1243 1709; x_wconf 88' lang='lat'>5.</span> <span class='ocrx_word' id='word_1_272' title='bbox 1275 1677 1294 1708; x_wconf 81' lang='lat'><strong>7</strong></span> <span class='ocrx_word' id='word_1_273' title='bbox 1324 1687 1380 1709; x_wconf 86' lang='lat' dir='ltr'>am</span> <span class='ocrx_word' id='word_1_274' title='bbox 1412 1676 1532 1711; x_wconf 87' lang='lat' dir='ltr'>Eude.</span> 
     </span>
    </p>
   </div>
   <div class='ocr_carea' id='block_1_5' title="bbox 0 1721 1533 1766">
    <p class='ocr_par' dir='ltr' id='par_1_6' title="bbox 0 1721 1533 1766">
     <span class='ocr_line' id='line_1_30' title="bbox 0 1721 1533 1766; baseline -0.001 -9"><span class='ocrx_word' id='word_1_275' title='bbox 0 1759 1 1764; x_wconf 19' lang='lat'>¹</span> <span class='ocrx_word' id='word_1_276' title='bbox 63 1724 156 1765; x_wconf 90' lang='lat' dir='ltr'>CCI,</span> <span class='ocrx_word' id='word_1_277' title='bbox 175 1725 204 1757; x_wconf 90' lang='lat' dir='ltr'>l.</span> <span class='ocrx_word' id='word_1_278' title='bbox 233 1724 434 1766; x_wconf 76' lang='lat' dir='ltr'>CCV11,2.</span> <span class='ocrx_word' id='word_1_279' title='bbox 461 1723 719 1766; x_wconf 76' lang='lat' dir='ltr'>CCXXVHI,</span> <span class='ocrx_word' id='word_1_280' title='bbox 739 1725 771 1758; x_wconf 88' lang='grc'>6.</span> <span class='ocrx_word' id='word_1_281' title='bbox 810 1722 900 1766; x_wconf 78' lang='lat' dir='ltr'>Vgl.</span> <span class='ocrx_word' id='word_1_282' title='bbox 927 1722 1092 1763; x_wconf 82' lang='lat' dir='ltr'>unteu-§.</span> <span class='ocrx_word' id='word_1_283' title='bbox 1109 1723 1149 1755; x_wconf 87' lang='lat'>5:</span> <span class='ocrx_word' id='word_1_284' title='bbox 1183 1722 1323 1764; x_wconf 81' lang='lat' dir='ltr'>Metui,</span> <span class='ocrx_word' id='word_1_285' title='bbox 1357 1722 1388 1755; x_wconf 87' lang='lat' dir='ltr'>si</span> <span class='ocrx_word' id='word_1_286' title='bbox 1415 1721 1533 1766; x_wconf 86' lang='lat' dir='ltr'>impe-</span> 
     </span>
    </p>
   </div>
   <div class='ocr_carea' id='block_1_6' title="bbox 63 1768 1532 1814">
    <p class='ocr_par' dir='ltr' id='par_1_7' title="bbox 63 1768 1532 1814">
     <span class='ocr_line' id='line_1_31' title="bbox 63 1768 1532 1814; baseline 0 -11"><span class='ocrx_word' id='word_1_287' title='bbox 63 1774 216 1812; x_wconf 78' lang='lat' dir='ltr'>trasset,</span> <span class='ocrx_word' id='word_1_288' title='bbox 242 1781 288 1803; x_wconf 90' lang='lat' dir='ltr'>ne</span> <span class='ocrx_word' id='word_1_289' title='bbox 315 1776 352 1803; x_wconf 90' lang='lat' dir='ltr'>tu</span> <span class='ocrx_word' id='word_1_290' title='bbox 379 1769 460 1814; x_wconf 86' lang='lat' dir='ltr'>ipse</span> <span class='ocrx_word' id='word_1_291' title='bbox 486 1781 542 1803; x_wconf 91' lang='lat' dir='ltr'>me</span> <span class='ocrx_word' id='word_1_292' title='bbox 568 1780 690 1803; x_wconf 87' lang='lat' dir='ltr'>amare</span> <span class='ocrx_word' id='word_1_293' title='bbox 708 1769 928 1811; x_wconf 82' lang='lat' dir='ltr'>desineres.)</span> <span class='ocrx_word' id='word_1_294' title='bbox 970 1768 1077 1801; x_wconf 83' lang='lat' dir='ltr'>Haud</span> <span class='ocrx_word' id='word_1_295' title='bbox 1095 1768 1174 1802; x_wconf 85' lang='lat' dir='ltr'>scio</span> <span class='ocrx_word' id='word_1_296' title='bbox 1191 1774 1309 1802; x_wconf 83' lang='lat' dir='ltr'>tamen</span> <span class='ocrx_word' id='word_1_297' title='bbox 1336 1780 1378 1801; x_wconf 86' lang='lat' dir='ltr'>an</span> <span class='ocrx_word' id='word_1_298' title='bbox 1406 1770 1532 1813; x_wconf 85' lang='lat' dir='ltr'>aptior</span> 
     </span>
    </p>
   </div>
   <div class='ocr_carea' id='block_1_7' title="bbox 0 1815 1532 1860">
    <p class='ocr_par' dir='ltr' id='par_1_8' title="bbox 0 1815 1532 1860">
     <span class='ocr_line' id='line_1_32' title="bbox 0 1815 1532 1860; baseline 0.001 -12"><span class='ocrx_word' id='word_1_299' title='bbox 0 1833 2 1835; x_wconf 97' lang='lat'>·</span> <span class='ocrx_word' id='word_1_300' title='bbox 63 1816 111 1849; x_wconf 85' lang='lat' dir='ltr'>sit</span> <span class='ocrx_word' id='word_1_301' title='bbox 136 1827 281 1859; x_wconf 76' lang='lat' dir='ltr'>sensus,</span> <span class='ocrx_word' id='word_1_302' title='bbox 310 1827 419 1859; x_wconf 88' lang='lat' dir='ltr'>quem</span> <span class='ocrx_word' id='word_1_303' title='bbox 446 1816 651 1850; x_wconf 90' lang='lat' dir='ltr'>Corradum</span> <span class='ocrx_word' id='word_1_304' title='bbox 677 1816 817 1859; x_wconf 86' lang='lat' dir='ltr'>aliique</span> <span class='ocrx_word' id='word_1_305' title='bbox 842 1816 899 1849; x_wconf 87' lang='lat' dir='ltr'>his</span> <span class='ocrx_word' id='word_1_306' title='bbox 924 1815 1050 1848; x_wconf 77' lang='lat' dir='ltr'>verbis</span> <span class='ocrx_word' id='word_1_307' title='bbox 1076 1815 1306 1849; x_wconf 81' lang='lat' dir='ltr'>tribuerunt:</span> <span class='ocrx_word' id='word_1_308' title='bbox 1334 1827 1532 1860; x_wconf 83' lang='lat' dir='ltr'>coeperam</span> 
     </span>
    </p>
   </div>
   <div class='ocr_carea' id='block_1_8' title="bbox 62 1861 1532 1953">
    <p class='ocr_par' dir='ltr' id='par_1_9' title="bbox 62 1861 1532 1953">
     <span class='ocr_line' id='line_1_33' title="bbox 62 1861 1532 1906; baseline 0.002 -12"><span class='ocrx_word' id='word_1_309' title='bbox 62 1861 217 1895; x_wconf 83' lang='lat' dir='ltr'>Brutum</span> <span class='ocrx_word' id='word_1_310' title='bbox 250 1874 391 1905; x_wconf 72' lang='lat' dir='ltr'>amare,</span> <span class='ocrx_word' id='word_1_311' title='bbox 425 1873 553 1895; x_wconf 76' lang='lat' dir='ltr'>verum</span> <span class='ocrx_word' id='word_1_312' title='bbox 585 1871 704 1895; x_wconf 80' lang='lat' dir='ltr'>tamen</span> <span class='ocrx_word' id='word_1_313' title='bbox 731 1873 825 1895; x_wconf 90' lang='lat' dir='ltr'>nunc</span> <span class='ocrx_word' id='word_1_314' title='bbox 851 1873 932 1895; x_wconf 85' lang='lat' dir='ltr'>eum</span> <span class='ocrx_word' id='word_1_315' title='bbox 958 1872 1078 1906; x_wconf 82' lang='lat' dir='ltr'>paene</span> <span class='ocrx_word' id='word_1_316' title='bbox 1104 1862 1184 1894; x_wconf 90' lang='lat' dir='ltr'>odi:</span> <span class='ocrx_word' id='word_1_317' title='bbox 1221 1863 1287 1895; x_wconf 89' lang='lat' dir='ltr'>sed</span> <span class='ocrx_word' id='word_1_318' title='bbox 1312 1862 1401 1905; x_wconf 88' lang='lat' dir='ltr'>hoc,</span> <span class='ocrx_word' id='word_1_319' title='bbox 1430 1862 1532 1905; x_wconf 86' lang='lat' dir='ltr'>quod</span> 
     </span>
     <span class='ocr_line' id='line_1_34' title="bbox 63 1908 1531 1953; baseline 0.002 -13"><span class='ocrx_word' id='word_1_320' title='bbox 63 1908 230 1941; x_wconf 85' lang='lat' dir='ltr'>volebam</span> <span class='ocrx_word' id='word_1_321' title='bbox 256 1909 394 1952; x_wconf 86' lang='lat' dir='ltr'>dicere,</span> <span class='ocrx_word' id='word_1_322' title='bbox 421 1908 627 1953; x_wconf 81' lang='lat' dir='ltr'>suppressi,</span> <span class='ocrx_word' id='word_1_323' title='bbox 654 1920 700 1942; x_wconf 84' lang='lat' dir='ltr'>ne</span> <span class='ocrx_word' id='word_1_324' title='bbox 719 1915 755 1942; x_wconf 89' lang='lat' dir='ltr'>te</span> <span class='ocrx_word' id='word_1_325' title='bbox 780 1909 1021 1951; x_wconf 87' lang='lat' dir='ltr'>offenderem,</span> <span class='ocrx_word' id='word_1_326' title='bbox 1049 1908 1113 1951; x_wconf 87' lang='lat' dir='ltr'>qui</span> <span class='ocrx_word' id='word_1_327' title='bbox 1131 1909 1286 1941; x_wconf 83' lang='lat' dir='ltr'>Brutum</span> <span class='ocrx_word' id='word_1_328' title='bbox 1314 1920 1334 1941; x_wconf 87' lang='lat' dir='ltr'>a</span> <span class='ocrx_word' id='word_1_329' title='bbox 1359 1916 1395 1942; x_wconf 88' lang='lat' dir='ltr'>te</span> <span class='ocrx_word' id='word_1_330' title='bbox 1420 1909 1531 1943; x_wconf 79' lang='lat' dir='ltr'>valde</span> 
     </span>
    </p>
   </div>
   <div class='ocr_carea' id='block_1_9' title="bbox 0 1954 1531 1999">
    <p class='ocr_par' dir='ltr' id='par_1_10' title="bbox 0 1954 1531 1999">
     <span class='ocr_line' id='line_1_35' title="bbox 0 1954 1531 1999; baseline 0.002 -12"><span class='ocrx_word' id='word_1_331' title='bbox 0 1967 1 1970; x_wconf 48' lang='lat'>¹</span> <span class='ocrx_word' id='word_1_332' title='bbox 62 1954 174 1987; x_wconf 84' lang='lat' dir='ltr'>amari</span> <span class='ocrx_word' id='word_1_333' title='bbox 200 1954 344 1989; x_wconf 87' lang='lat' dir='ltr'>scirem.</span> <span class='ocrx_word' id='word_1_334' title='bbox 391 1956 565 1989; x_wconf 83' lang='lat' dir='ltr'>Fortasse</span> <span class='ocrx_word' id='word_1_335' title='bbox 591 1955 644 1989; x_wconf 88' lang='lat' dir='ltr'>sic</span> <span class='ocrx_word' id='word_1_336' title='bbox 670 1955 759 1988; x_wconf 90' lang='lat' dir='ltr'>olim</span> <span class='ocrx_word' id='word_1_337' title='bbox 785 1955 924 1999; x_wconf 83' lang='lat' dir='ltr'>scripta</span> <span class='ocrx_word' id='word_1_338' title='bbox 950 1956 1067 1988; x_wconf 80' lang='lat' dir='ltr'>suere:</span> <span class='ocrx_word' id='word_1_339' title='bbox 1105 1955 1304 1998; x_wconf 81' lang='lat' dir='ltr'>Coeperam</span> <span class='ocrx_word' id='word_1_340' title='bbox 1330 1957 1434 1990; x_wconf 72' lang='lat' dir='ltr'>dico.-</span> <span class='ocrx_word' id='word_1_341' title='bbox 1467 1956 1531 1990; x_wconf 81' lang='lat' dir='ltr'>sed</span> 
     </span>
    </p>
   </div>
   <div class='ocr_carea' id='block_1_10' title="bbox 0 2001 1530 2796">
    <p class='ocr_par' dir='ltr' id='par_1_11' title="bbox 0 2001 1530 2088">
     <span class='ocr_line' id='line_1_36' title="bbox 136 2001 1529 2047; baseline 0.003 -13.803"><span class='ocrx_word' id='word_1_342' title='bbox 136 2002 307 2035; x_wconf 76' lang='lat' dir='ltr'>revocavi</span> <span class='ocrx_word' id='word_1_343' title='bbox 330 2012 385 2035; x_wconf 85' lang='lat' dir='ltr'>me</span> <span class='ocrx_word' id='word_1_344' title='bbox 410 2008 480 2035; x_wconf 87' lang='lat' dir='ltr'>etc.</span> <span class='ocrx_word' id='word_1_345' title='bbox 506 2001 613 2035; x_wconf 87' lang='lat' dir='ltr'>SCH.</span> <span class='ocrx_word' id='word_1_346' title='bbox 645 2002 726 2035; x_wconf 60' lang='lat' dir='ltr'>dico</span> <span class='ocrx_word' id='word_1_347' title='bbox 753 2003 814 2045; x_wconf 76' lang='grc' dir='ltr'>(Ξ</span> <span class='ocrx_word' id='word_1_348' title='bbox 828 2001 983 2035; x_wconf 67' lang='lat' dir='ltr'>diconeZ</span> <span class='ocrx_word' id='word_1_349' title='bbox 1009 2002 1080 2035; x_wconf 90' lang='lat' dir='ltr'>soll</span> <span class='ocrx_word' id='word_1_350' title='bbox 1107 2001 1167 2034; x_wconf 85' lang='lat' dir='ltr'>ich</span> <span class='ocrx_word' id='word_1_351' title='bbox 1184 2013 1222 2036; x_wconf 90' lang='lat' dir='ltr'>es</span> <span class='ocrx_word' id='word_1_352' title='bbox 1239 2002 1529 2047; x_wconf 53' lang='lat' dir='ltr'>heraussagen‘t)</span> 
     </span>
     <span class='ocr_line' id='line_1_37' title="bbox 0 2045 1530 2088; baseline 0.003 -9"><span class='ocrx_word' id='word_1_353' title='bbox 0 2048 1 2054; x_wconf 61' lang='lat'>¹</span> <span class='ocrx_word' id='word_1_354' title='bbox 32 2084 41 2088; x_wconf 44' lang='grc'>,</span> <span class='ocrx_word' id='word_1_355' title='bbox 61 2045 186 2079; x_wconf 90' lang='lat' dir='ltr'>Lamb.</span> <span class='ocrx_word' id='word_1_356' title='bbox 213 2047 312 2082; x_wconf 83' lang='lat' dir='ltr'>vict.</span> <span class='ocrx_word' id='word_1_357' title='bbox 333 2049 366 2082; x_wconf 85' lang='lat'>2.</span> <span class='ocrx_word' id='word_1_358' title='bbox 394 2048 483 2082; x_wconf 91' lang='lat' dir='ltr'>Bos.</span> <span class='ocrx_word' id='word_1_359' title='bbox 511 2048 644 2082; x_wconf 83' lang='lat' dir='ltr'>Graev.</span> <span class='ocrx_word' id='word_1_360' title='bbox 674 2048 748 2081; x_wconf 73' lang='grc' dir='ltr'>ΟΒ.</span> <span class='ocrx_word' id='word_1_361' title='bbox 777 2048 872 2081; x_wconf 85' lang='lat' dir='ltr'>daun</span> <span class='ocrx_word' id='word_1_362' title='bbox 894 2050 997 2082; x_wconf 68' lang='lat' dir='ltr'>ware</span> <span class='ocrx_word' id='word_1_363' title='bbox 1022 2049 1194 2082; x_wconf 76' lang='lat' dir='ltr'>revocavi</span> <span class='ocrx_word' id='word_1_364' title='bbox 1216 2060 1272 2081; x_wconf 83' lang='lat' dir='ltr'>me</span> <span class='ocrx_word' id='word_1_365' title='bbox 1288 2061 1333 2083; x_wconf 69' lang='grc' dir='ltr'>Ξ</span> <span class='ocrx_word' id='word_1_366' title='bbox 1351 2050 1411 2083; x_wconf 90' lang='lat' dir='ltr'>ich</span> <span class='ocrx_word' id='word_1_367' title='bbox 1429 2051 1530 2084; x_wconf 83' lang='lat' dir='ltr'>halte</span> 
     </span>
    </p>

    <p class='ocr_par' dir='ltr' id='par_1_12' title="bbox 8 2093 1529 2796">
     <span class='ocr_line' id='line_1_38' title="bbox 60 2093 1529 2139; baseline 0.004 -14"><span class='ocrx_word' id='word_1_368' title='bbox 60 2102 105 2125; x_wconf 83' lang='lat' dir='ltr'>an</span> <span class='ocrx_word' id='word_1_369' title='bbox 129 2093 237 2127; x_wconf 88' lang='lat' dir='ltr'>mich.</span> <span class='ocrx_word' id='word_1_370' title='bbox 260 2113 302 2118; x_wconf 91' lang='lat'><strong>—</strong></span> <span class='ocrx_word' id='word_1_371' title='bbox 344 2096 540 2128; x_wconf 79' lang='lat' dir='ltr'>mandarat</span> <span class='ocrx_word' id='word_1_372' title='bbox 568 2095 601 2127; x_wconf 75' lang='lat' dir='ltr'>is</span> <span class='ocrx_word' id='word_1_373' title='bbox 633 2094 680 2128; x_wconf 92' lang='lat' dir='ltr'>de</span> <span class='ocrx_word' id='word_1_374' title='bbox 706 2095 797 2127; x_wconf 84' lang='lat' dir='ltr'>Ern.</span> <span class='ocrx_word' id='word_1_375' title='bbox 828 2106 927 2139; x_wconf 83' lang='lat' dir='ltr'>susp.</span> <span class='ocrx_word' id='word_1_376' title='bbox 961 2095 1047 2130; x_wconf 85' lang='lat' dir='ltr'>Seh.</span> <span class='ocrx_word' id='word_1_377' title='bbox 1075 2095 1168 2129; x_wconf 79' lang='lat' dir='ltr'>Lun.</span> <span class='ocrx_word' id='word_1_378' title='bbox 1216 2096 1344 2139; x_wconf 83' lang='lat' dir='ltr'>Vulgo</span> <span class='ocrx_word' id='word_1_379' title='bbox 1377 2099 1529 2131; x_wconf 74' lang='lat' dir='ltr'>mandat</span> 
     </span>
     <span class='ocr_line' id='line_1_39' title="bbox 59 2139 1529 2187; baseline 0.005 -16"><span class='ocrx_word' id='word_1_380' title='bbox 59 2139 104 2172; x_wconf 71' lang='lat' dir='ltr'>is.</span> <span class='ocrx_word' id='word_1_381' title='bbox 150 2140 281 2173; x_wconf 86' lang='lat' dir='ltr'>Potest</span> <span class='ocrx_word' id='word_1_382' title='bbox 313 2142 421 2174; x_wconf 79' lang='lat' dir='ltr'>etiam</span> <span class='ocrx_word' id='word_1_383' title='bbox 454 2141 613 2178; x_wconf 62' lang='lat' dir='ltr'>corrigi:</span> <span class='ocrx_word' id='word_1_384' title='bbox 647 2152 775 2184; x_wconf 75' lang='lat' dir='ltr'>quam,</span> <span class='ocrx_word' id='word_1_385' title='bbox 814 2146 853 2174; x_wconf 82' lang='lat' dir='ltr'>ut</span> <span class='ocrx_word' id='word_1_386' title='bbox 875 2143 1107 2176; x_wconf 71' lang='grc' dir='ltr'>ηιαηᾱαναίίε</span> <span class='ocrx_word' id='word_1_387' title='bbox 1132 2145 1186 2187; x_wconf 87' lang='lat' dir='ltr'>(tu</span> <span class='ocrx_word' id='word_1_388' title='bbox 1214 2148 1250 2176; x_wconf 87' lang='lat' dir='ltr'>et</span> <span class='ocrx_word' id='word_1_389' title='bbox 1274 2144 1432 2187; x_wconf 84' lang='lat' dir='ltr'>Brutus;</span> <span class='ocrx_word' id='word_1_390' title='bbox 1464 2145 1529 2179; x_wconf 82' lang='lat' dir='ltr'>vel</span> 
     </span>
     <span class='ocr_line' id='line_1_40' title="bbox 59 2186 1527 2235; baseline 0.007 -19"><span class='ocrx_word' id='word_1_391' title='bbox 59 2186 278 2235; x_wconf 57' lang='lat' dir='ltr'>mandastis)</span> <span class='ocrx_word' id='word_1_392' title='bbox 302 2188 433 2228; x_wconf 77' lang='lat' dir='ltr'>facere.</span> <span class='ocrx_word' id='word_1_393' title='bbox 471 2187 668 2221; x_wconf 87' lang='lat' dir='ltr'>ORELLI.</span> <span class='ocrx_word' id='word_1_394' title='bbox 687 2207 729 2212; x_wconf 90' lang='lat'>—-</span> <span class='ocrx_word' id='word_1_395' title='bbox 767 2188 949 2232; x_wconf 75' lang='lat' dir='ltr'>libellum,</span> <span class='ocrx_word' id='word_1_396' title='bbox 984 2190 1043 2223; x_wconf 86' lang='lat' dir='ltr'>ein</span> <span class='ocrx_word' id='word_1_397' title='bbox 1064 2190 1354 2233; x_wconf 86' lang='lat' dir='ltr'>Verzeichniss,</span> <span class='ocrx_word' id='word_1_398' title='bbox 1381 2193 1527 2226; x_wconf 84' lang='lat' dir='ltr'>Memo-</span> 
     </span>
     <span class='ocr_line' id='line_1_41' title="bbox 58 2230 1527 2284; baseline 0.007 -22"><span class='ocrx_word' id='word_1_399' title='bbox 58 2230 142 2281; x_wconf 74' lang='lat' dir='ltr'>rial.</span> <span class='ocrx_word' id='word_1_400' title='bbox 168 2249 212 2256; x_wconf 87' lang='lat'>—</span> <span class='ocrx_word' id='word_1_401' title='bbox 261 2233 391 2275; x_wconf 59' lang='lat' dir='ltr'>dedit„</span> <span class='ocrx_word' id='word_1_402' title='bbox 440 2233 530 2267; x_wconf 89' lang='lat' dir='ltr'>Ern.</span> <span class='ocrx_word' id='word_1_403' title='bbox 571 2245 670 2278; x_wconf 85' lang='lat' dir='ltr'>susp.</span> <span class='ocrx_word' id='word_1_404' title='bbox 714 2235 876 2277; x_wconf 77' lang='lat' dir='ltr'>dederat.</span> <span class='ocrx_word' id='word_1_405' title='bbox 902 2254 947 2260; x_wconf 89' lang='lat'><em>-</em></span> <span class='ocrx_word' id='word_1_406' title='bbox 995 2237 1173 2271; x_wconf 75' lang='lat' dir='ltr'>contendi.</span> <span class='ocrx_word' id='word_1_407' title='bbox 1218 2238 1422 2281; x_wconf 84' lang='lat' dir='ltr'>„Erstlich</span> <span class='ocrx_word' id='word_1_408' title='bbox 1463 2239 1527 2284; x_wconf 81' lang='lat' dir='ltr'>lag</span> 
     </span>
     <span class='ocr_line' id='line_1_42' title="bbox 58 2276 1525 2320; baseline 0.007 -11"><span class='ocrx_word' id='word_1_409' title='bbox 58 2276 118 2308; x_wconf 87' lang='lat' dir='ltr'>1ch</span> <span class='ocrx_word' id='word_1_410' title='bbox 152 2276 232 2310; x_wconf 89' lang='lat' dir='ltr'>dem</span> <span class='ocrx_word' id='word_1_411' title='bbox 274 2279 548 2314; x_wconf 83' lang='lat' dir='ltr'>Ariobarzanes</span> <span class='ocrx_word' id='word_1_412' title='bbox 589 2280 654 2313; x_wconf 86' lang='lat' dir='ltr'>mit</span> <span class='ocrx_word' id='word_1_413' title='bbox 697 2282 807 2315; x_wconf 85' lang='lat' dir='ltr'>allem</span> <span class='ocrx_word' id='word_1_414' title='bbox 841 2282 958 2315; x_wconf 83' lang='lat' dir='ltr'>Ernst</span> <span class='ocrx_word' id='word_1_415' title='bbox 990 2285 1075 2316; x_wconf 88' lang='lat' dir='ltr'>an.⁷’</span> <span class='ocrx_word' id='word_1_416' title='bbox 1140 2284 1281 2318; x_wconf 83' lang='lat' dir='ltr'>Dieser</span> <span class='ocrx_word' id='word_1_417' title='bbox 1319 2296 1400 2319; x_wconf 81' lang='lat' dir='ltr'>war</span> <span class='ocrx_word' id='word_1_418' title='bbox 1440 2286 1525 2320; x_wconf 89' lang='lat' dir='ltr'>dem</span> 
     </span>
     <span class='ocr_line' id='line_1_43' title="bbox 56 2321 1523 2376; baseline 0.008 -22"><span class='ocrx_word' id='word_1_419' title='bbox 56 2321 195 2355; x_wconf 86' lang='lat' dir='ltr'>Brutus</span> <span class='ocrx_word' id='word_1_420' title='bbox 222 2323 318 2358; x_wconf 91' lang='lat' dir='ltr'>Geld</span> <span class='ocrx_word' id='word_1_421' title='bbox 353 2326 536 2370; x_wconf 82' lang='lat' dir='ltr'>schuldig.</span> <span class='ocrx_word' id='word_1_422' title='bbox 575 2326 616 2361; x_wconf 85' lang='lat' dir='ltr'>S.</span> <span class='ocrx_word' id='word_1_423' title='bbox 642 2338 700 2371; x_wconf 87' lang='lat' dir='ltr'>ep.</span> <span class='ocrx_word' id='word_1_424' title='bbox 718 2328 888 2372; x_wconf 85' lang='lat' dir='ltr'>CCXIV,</span> <span class='ocrx_word' id='word_1_425' title='bbox 908 2330 929 2362; x_wconf 79' lang='lat'>4</span> <span class='ocrx_word' id='word_1_426' title='bbox 956 2341 990 2364; x_wconf 91' lang='lat' dir='ltr'>u.</span> <span class='ocrx_word' id='word_1_427' title='bbox 1017 2330 1278 2375; x_wconf 83' lang='lat' dir='ltr'>CCXXVHI,</span> <span class='ocrx_word' id='word_1_428' title='bbox 1296 2335 1330 2368; x_wconf 77' lang='lat'>6.</span> <span class='ocrx_word' id='word_1_429' title='bbox 1348 2351 1393 2357; x_wconf 92' lang='lat'>—-</span> <span class='ocrx_word' id='word_1_430' title='bbox 1434 2343 1523 2376; x_wconf 48' lang='lat' dir='ltr'>petz</span> 
     </span>
     <span class='ocr_line' id='line_1_44' title="bbox 57 2367 1522 2423; baseline 0.009 -23"><span class='ocrx_word' id='word_1_431' title='bbox 57 2367 148 2401; x_wconf 80' lang='lat' dir='ltr'>bono</span> <span class='ocrx_word' id='word_1_432' title='bbox 173 2369 252 2421; x_wconf 54' lang='lat'>²99⁰</span> <span class='ocrx_word' id='word_1_433' title='bbox 277 2381 337 2403; x_wconf 85' lang='lat' dir='ltr'>res</span> <span class='ocrx_word' id='word_1_434' title='bbox 360 2376 450 2414; x_wconf 79' lang='lat' dir='ltr'>erat,</span> <span class='ocrx_word' id='word_1_435' title='bbox 475 2383 554 2406; x_wconf 84' lang='lat' dir='ltr'>war</span> <span class='ocrx_word' id='word_1_436' title='bbox 580 2373 641 2407; x_wconf 86' lang='lat' dir='ltr'>die</span> <span class='ocrx_word' id='word_1_437' title='bbox 656 2373 776 2408; x_wconf 84' lang='lat' dir='ltr'>Sache</span> <span class='ocrx_word' id='word_1_438' title='bbox 801 2374 865 2408; x_wconf 85' lang='lat' dir='ltr'>auf</span> <span class='ocrx_word' id='word_1_439' title='bbox 887 2376 974 2409; x_wconf 88' lang='lat' dir='ltr'>sehr</span> <span class='ocrx_word' id='word_1_440' title='bbox 999 2382 1124 2419; x_wconf 74' lang='lat' dir='ltr'>gutem</span> <span class='ocrx_word' id='word_1_441' title='bbox 1142 2379 1273 2422; x_wconf 73' lang='lat' dir='ltr'>VVege.</span> <span class='ocrx_word' id='word_1_442' title='bbox 1290 2398 1334 2402; x_wconf 97' lang='lat'><strong>—</strong></span> <span class='ocrx_word' id='word_1_443' title='bbox 1357 2390 1522 2423; x_wconf 65' lang='lat' dir='ltr'>procur„</span> 
     </span>
     <span class='ocr_line' id='line_1_45' title="bbox 55 2413 1521 2469; baseline 0.009 -23"><span class='ocrx_word' id='word_1_444' title='bbox 55 2413 394 2459; x_wconf 69' lang='lat' dir='ltr'>Geschattstrager.</span> <span class='ocrx_word' id='word_1_445' title='bbox 436 2418 532 2452; x_wconf 81' lang='lat' dir='ltr'>Dem</span> <span class='ocrx_word' id='word_1_446' title='bbox 555 2420 761 2464; x_wconf 86' lang='lat' dir='ltr'>Pompeius</span> <span class='ocrx_word' id='word_1_447' title='bbox 793 2432 873 2454; x_wconf 85' lang='lat' dir='ltr'>war</span> <span class='ocrx_word' id='word_1_448' title='bbox 904 2422 970 2456; x_wconf 90' lang='lat' dir='ltr'>der</span> <span class='ocrx_word' id='word_1_449' title='bbox 993 2423 1121 2467; x_wconf 74' lang='lat' dir='ltr'>Kouig</span> <span class='ocrx_word' id='word_1_450' title='bbox 1146 2425 1240 2458; x_wconf 87' lang='lat' dir='ltr'>auch</span> <span class='ocrx_word' id='word_1_451' title='bbox 1266 2425 1450 2469; x_wconf 77' lang='lat' dir='ltr'>schuldig.</span> <span class='ocrx_word' id='word_1_452' title='bbox 1475 2444 1521 2452; x_wconf 87' lang='lat'>—-</span> 
     </span>
     <span class='ocr_line' id='line_1_46' title="bbox 56 2464 1519 2517; baseline 0.012 -26"><span class='ocrx_word' id='word_1_453' title='bbox 56 2470 180 2503; x_wconf 79' lang='lat' dir='ltr'>quum,</span> <span class='ocrx_word' id='word_1_454' title='bbox 216 2466 290 2494; x_wconf 74' lang='lat' dir='ltr'>tum</span> <span class='ocrx_word' id='word_1_455' title='bbox 316 2473 357 2495; x_wconf 88' lang='lat' dir='ltr'>so</span> <span class='ocrx_word' id='word_1_456' title='bbox 382 2464 497 2506; x_wconf 83' lang='lat' dir='ltr'>wohl,</span> <span class='ocrx_word' id='word_1_457' title='bbox 525 2466 579 2499; x_wconf 87' lang='lat' dir='ltr'>als</span> <span class='ocrx_word' id='word_1_458' title='bbox 604 2466 949 2502; x_wconf 85' lang='lat' dir='ltr'>in‘sbesondere.—</span> <span class='ocrx_word' id='word_1_459' title='bbox 975 2474 1157 2504; x_wconf 73' lang='lat' dir='ltr'>venturus.</span> <span class='ocrx_word' id='word_1_460' title='bbox 1186 2471 1224 2506; x_wconf 89' lang='lat' dir='ltr'>S.</span> <span class='ocrx_word' id='word_1_461' title='bbox 1246 2482 1302 2515; x_wconf 89' lang='lat' dir='ltr'>ep.</span> <span class='ocrx_word' id='word_1_462' title='bbox 1323 2472 1519 2517; x_wconf 89' lang='lat' dir='ltr'>CCXXV,</span> 
     </span>
     <span class='ocr_line' id='line_1_47' title="bbox 55 2505 1518 2557; baseline 0.01 -19"><span class='ocrx_word' id='word_1_463' title='bbox 55 2505 87 2538; x_wconf 85' lang='lat'>2.</span> <span class='ocrx_word' id='word_1_464' title='bbox 115 2507 284 2551; x_wconf 84' lang='lat' dir='ltr'>CCXIV,</span> <span class='ocrx_word' id='word_1_465' title='bbox 307 2511 396 2543; x_wconf 90' lang='lat' dir='ltr'>l.—</span> <span class='ocrx_word' id='word_1_466' title='bbox 441 2510 511 2552; x_wconf 79' lang='lat' dir='ltr'>sic,</span> <span class='ocrx_word' id='word_1_467' title='bbox 546 2523 587 2545; x_wconf 86' lang='lat' dir='ltr'>so</span> <span class='ocrx_word' id='word_1_468' title='bbox 612 2514 761 2557; x_wconf 82' lang='lat' dir='ltr'>wenig,</span> <span class='ocrx_word' id='word_1_469' title='bbox 795 2514 831 2547; x_wconf 92' lang='lat' dir='ltr'>in</span> <span class='ocrx_word' id='word_1_470' title='bbox 865 2526 906 2548; x_wconf 92' lang='lat' dir='ltr'>so</span> <span class='ocrx_word' id='word_1_471' title='bbox 941 2514 1092 2550; x_wconf 85' lang='lat' dir='ltr'>kleinen</span> <span class='ocrx_word' id='word_1_472' title='bbox 1125 2517 1242 2551; x_wconf 84' lang='lat' dir='ltr'>Ratis.</span> <span class='ocrx_word' id='word_1_473' title='bbox 1266 2536 1310 2542; x_wconf 89' lang='lat'>—</span> <span class='ocrx_word' id='word_1_474' title='bbox 1345 2518 1409 2551; x_wconf 82' lang='lat' dir='ltr'>tal.</span> <span class='ocrx_word' id='word_1_475' title='bbox 1437 2520 1518 2554; x_wconf 69' lang='grc' dir='ltr'>ΑΗ.</span> 
     </span>
     <span class='ocr_line' id='line_1_48' title="bbox 56 2551 1518 2606; baseline 0.01 -20"><span class='ocrx_word' id='word_1_476' title='bbox 56 2551 319 2606; x_wconf 52' lang='lat' dir='ltr'>XXXIrn:</span> <span class='ocrx_word' id='word_1_477' title='bbox 342 2556 470 2597; x_wconf 80' lang='lat'><strong>33‚000</strong></span> <span class='ocrx_word' id='word_1_478' title='bbox 489 2556 775 2602; x_wconf 46' lang='lat' dir='ltr'>Speciem-aser.</span> <span class='ocrx_word' id='word_1_479' title='bbox 802 2561 882 2595; x_wconf 85' lang='lat' dir='ltr'>Das</span> <span class='ocrx_word' id='word_1_480' title='bbox 901 2561 1047 2606; x_wconf 82' lang='lat' dir='ltr'>Capi&#39;tal</span> <span class='ocrx_word' id='word_1_481' title='bbox 1073 2564 1193 2598; x_wconf 89' lang='lat' dir='ltr'>belief</span> <span class='ocrx_word' id='word_1_482' title='bbox 1213 2563 1293 2597; x_wconf 88' lang='lat' dir='ltr'>sich</span> <span class='ocrx_word' id='word_1_483' title='bbox 1317 2564 1397 2598; x_wconf 84' lang='lat' dir='ltr'>also</span> <span class='ocrx_word' id='word_1_484' title='bbox 1424 2566 1518 2601; x_wconf 80' lang='lat' dir='ltr'>iiber</span> 
     </span>
     <span class='ocr_line' id='line_1_49' title="bbox 55 2598 1517 2648; baseline 0.011 -18"><span class='ocrx_word' id='word_1_485' title='bbox 55 2598 138 2648; x_wconf 75' lang='lat' dir='ltr'>acht</span> <span class='ocrx_word' id='word_1_486' title='bbox 163 2600 360 2634; x_wconf 77' lang='lat' dir='ltr'>Millionen</span> <span class='ocrx_word' id='word_1_487' title='bbox 388 2602 535 2636; x_wconf 88' lang='lat' dir='ltr'>Gulden</span> <span class='ocrx_word' id='word_1_488' title='bbox 558 2604 833 2640; x_wconf 78' lang='lat' dir='ltr'>Rheinisch.—-</span> <span class='ocrx_word' id='word_1_489' title='bbox 865 2619 908 2641; x_wconf 77' lang='lat' dir='ltr'>ex</span> <span class='ocrx_word' id='word_1_490' title='bbox 934 2610 1093 2644; x_wconf 75' lang='lat' dir='ltr'>tributis.</span> <span class='ocrx_word' id='word_1_491' title='bbox 1121 2609 1185 2644; x_wconf 88' lang='lat' dir='ltr'>Sie</span> <span class='ocrx_word' id='word_1_492' title='bbox 1210 2616 1373 2644; x_wconf 83' lang='lat' dir='ltr'>mussten</span> <span class='ocrx_word' id='word_1_493' title='bbox 1399 2611 1517 2647; x_wconf 90' lang='lat' dir='ltr'>durch</span> 
     </span>
     <span class='ocr_line' id='line_1_50' title="bbox 55 2648 1516 2701; baseline 0.012 -25"><span class='ocrx_word' id='word_1_494' title='bbox 55 2653 137 2677; x_wconf 86' lang='lat' dir='ltr'>eme</span> <span class='ocrx_word' id='word_1_495' title='bbox 162 2648 527 2701; x_wconf 78' lang='lat' dir='ltr'>ausserordentliche</span> <span class='ocrx_word' id='word_1_496' title='bbox 546 2650 703 2695; x_wconf 75' lang='lat' dir='ltr'>Auflage</span> <span class='ocrx_word' id='word_1_497' title='bbox 729 2654 895 2688; x_wconf 90' lang='lat' dir='ltr'>erhoben</span> <span class='ocrx_word' id='word_1_498' title='bbox 920 2656 1086 2691; x_wconf 78' lang='lat' dir='ltr'>werden.</span> <span class='ocrx_word' id='word_1_499' title='bbox 1102 2675 1146 2681; x_wconf 89' lang='lat'>-—</span> <span class='ocrx_word' id='word_1_500' title='bbox 1179 2661 1413 2701; x_wconf 79' lang='lat' dir='ltr'>menstruam,</span> <span class='ocrx_word' id='word_1_501' title='bbox 1440 2659 1516 2694; x_wconf 87' lang='lat' dir='ltr'>und</span> 
     </span>
     <span class='ocr_line' id='line_1_51' title="bbox 9 2688 1516 2746; baseline 0.009 -21"><span class='ocrx_word' id='word_1_502' title='bbox 9 2720 10 2725; x_wconf 72' lang='grc'>,</span> <span class='ocrx_word' id='word_1_503' title='bbox 54 2688 130 2741; x_wconf 69' lang='lat' dir='ltr'>Das</span> <span class='ocrx_word' id='word_1_504' title='bbox 163 2693 284 2726; x_wconf 76' lang='lat' dir='ltr'>reicht</span> <span class='ocrx_word' id='word_1_505' title='bbox 311 2694 407 2727; x_wconf 83' lang='lat' dir='ltr'>noch</span> <span class='ocrx_word' id='word_1_506' title='bbox 439 2697 542 2729; x_wconf 75' lang='lat' dir='ltr'>nicht</span> <span class='ocrx_word' id='word_1_507' title='bbox 574 2698 734 2732; x_wconf 87' lang='lat' dir='ltr'>einmahl</span> <span class='ocrx_word' id='word_1_508' title='bbox 765 2710 833 2734; x_wconf 89' lang='lat' dir='ltr'>zur</span> <span class='ocrx_word' id='word_1_509' title='bbox 856 2702 1076 2746; x_wconf 77' lang='lat' dir='ltr'>Bezahlung</span> <span class='ocrx_word' id='word_1_510' title='bbox 1107 2701 1209 2736; x_wconf 85' lang='lat' dir='ltr'>eines</span> <span class='ocrx_word' id='word_1_511' title='bbox 1233 2704 1516 2740; x_wconf 79' lang='lat' dir='ltr'>Monathzinses</span> 
     </span>
     <span class='ocr_line' id='line_1_52' title="bbox 8 2733 1513 2796; baseline 0.013 -29"><span class='ocrx_word' id='word_1_512' title='bbox 8 2745 10 2761; x_wconf 49' lang='lat' dir='ltr'>t</span> <span class='ocrx_word' id='word_1_513' title='bbox 55 2733 127 2769; x_wconf 84' lang='lat' dir='ltr'>hm.</span> <span class='ocrx_word' id='word_1_514' title='bbox 147 2756 191 2764; x_wconf 80' lang='lat'>-</span> <span class='ocrx_word' id='word_1_515' title='bbox 221 2743 319 2773; x_wconf 81' lang='lat' dir='ltr'>sorte</span> <span class='ocrx_word' id='word_1_516' title='bbox 342 2744 455 2781; x_wconf 81' lang='lat' dir='ltr'>caret,</span> <span class='ocrx_word' id='word_1_517' title='bbox 481 2752 601 2785; x_wconf 73' lang='lat' dir='ltr'>aequo</span> <span class='ocrx_word' id='word_1_518' title='bbox 626 2745 746 2779; x_wconf 83' lang='lat' dir='ltr'>animo</span> <span class='ocrx_word' id='word_1_519' title='bbox 779 2747 852 2781; x_wconf 78' lang='lat' dir='ltr'>fert</span> <span class='ocrx_word' id='word_1_520' title='bbox 886 2748 959 2782; x_wconf 89' lang='lat' dir='ltr'>sibi</span> <span class='ocrx_word' id='word_1_521' title='bbox 990 2755 1129 2783; x_wconf 79' lang='lat' dir='ltr'>sortem</span> <span class='ocrx_word' id='word_1_522' title='bbox 1162 2750 1243 2793; x_wconf 84' lang='lat' dir='ltr'>(das</span> <span class='ocrx_word' id='word_1_523' title='bbox 1269 2750 1430 2796; x_wconf 82' lang='lat' dir='ltr'>capital)</span> <span class='ocrx_word' id='word_1_524' title='bbox 1466 2753 1513 2787; x_wconf 82' lang='lat' dir='ltr'>ab</span> 
     </span>
    </p>
   </div>
  </div>
 </body>
</html>
