1795 3043
528 88 841 136 EPISTOLA
877 91 914 136 C
920 90 1118 139 CXCIV.
1453 98 1554 146 305

85 205 131 246 in
160 205 307 246 senatu
338 205 495 245 factum
525 214 615 243 esse
657 213 872 254 nunquam
890 202 954 242 'de
983 204 1075 244 ullo
1104 205 1314 257 nostrum,
1355 204 1430 257 qui
1458 217 1555 257 pro-

87 262 249 302 vincias
290 262 565 311 obtinuimus,
604 271 687 312 quo
726 259 770 299 in
809 258 862 300 iis
903 259 1084 309 diutius,
1126 274 1252 313 quam
1289 274 1340 303 ex
1381 265 1554 302 senatus

87 319 279 359 consulto
318 330 596 358 maneremus:
638 318 685 356 ut
723 317 807 357 iam
846 328 900 356 ne
938 316 1063 357 istius
1093 319 1260 368 quidem
1288 319 1353 359 rei
1385 320 1553 372 culpam

87 375 336 423 sustineam,
370 374 481 426 quod
509 373 647 413 minus
677 372 749 413 diu
777 373 931 413 fuerim
961 374 1004 413 in
1038 376 1284 425 provincia,
1316 389 1441 428 quam
1469 377 1554 416 sor-

87 434 197 472 tasse
223 433 352 472 fuerit
380 432 496 471 utile.
555 430 659 478 Sed,
693 431 839 479 QUID
870 431 934 470 SI
955 432 1084 471 HOC
1116 434 1381 474 MELIUS?
1422 445 1549 486 saepe
1571 434 1602 475 2

87 490 323 541 opportune
342 488 425 529 dici
441 486 632 533 videtur,
665 488 711 525 ut
740 488 785 526 in
816 487 898 526 hoc
928 487 1035 537 ipso.
1097 487 1198 527 Sive
1221 489 1335 529 enim
1373 489 1424 530 ad
1455 503 1553 531 con·

86 546 275 585 cordiam
304 558 371 586 res
394 543 544 585 adduci
565 545 704 595 potest
722 544 809 583 sive
826 542 878 584 ad
898 543 1102 584 bonorum
1122 545 1367 586 victoriam:
1398 547 1554 588 utrius-

85 602 149 642 vis
176 602 241 642 rei
270 615 337 643 me
367 604 439 642 aut
469 601 703 641 adiutorem
731 600 859 639 velim
889 613 1000 652 esse,
1040 603 1114 641 aut
1143 604 1260 643 certe
1290 616 1374 644 non
1407 616 1554 656 exper-

84 660 184 701 tem.
253 660 328 700 Sin
367 659 594 699 vincuntur
629 656 753 709 boni,
793 656 1036 708 ubicunque
1066 670 1221 711 essem,
1260 673 1344 700 una
1375 673 1472 701 cum
1500 662 1553 702 iis

83 715 222 756 victus
254 728 398 756 essem.
471 714 611 762 Quare
651 713 848 754 celeritas
885 715 1020 754 nostri
1059 715 1219 756 reditus
1255 713 1554 767 ἀμεταμέλητος

84 771 208 813 debet
238 785 338 813 esse.
408 771 528 819 Quod
558 770 595 810 si
624 770 705 811 ista
735 772 856 811 nobis
896 772 1096 824 cogitatio
1137 773 1188 813 de
1223 773 1444 828 triumpho
1486 775 1552 816 in-

83 829 198 870 iecta
225 842 308 870 non
339 831 470 875 esset,
517 840 643 880 quam
684 830 730 867 tu
770 840 936 880 quoque
974 829 1206 881 approbas,
1252 844 1332 872 nae
1362 836 1408 872 tu
1438 831 1552 873 haud

83 888 262 927 multum
290 885 528 938 requireres
558 885 681 925 illum
711 885 866 932 virum,
897 886 972 936 qui
999 886 1044 925 in
1074 899 1132 926 v1.
1163 887 1273 928 libro
1299 890 1551 930 informatus

84 946 160 983 est.
220 943 328 991 Quid
358 944 468 983 enim
489 943 567 983 tibi
592 942 757 990 faciam,
789 943 862 994 qui
880 943 979 982 illos
997 942 1132 983 libros
1149 944 1388 987 devorasti?
1440 947 1553 995 Quin

82 1012 196 1041 nunc
225 1000 361 1053 ipsum
389 1012 474 1040 non
505 999 705 1039 dubitabo
734 1011 823 1039 rem
862 1001 1021 1039 tantam
1064 1000 1274 1051 abiicere,
1314 1004 1351 1043 si
1388 1002 1432 1042 id
1471 1004 1552 1044 erit

81 1057 255 1099 rectius.
330 1058 563 1108 Utrumque
602 1069 703 1096 vero
740 1056 863 1096 simul
900 1056 966 1108 agi
1009 1068 1092 1095 non
1120 1060 1283 1110 potest,
1327 1062 1368 1099 et
1396 1060 1448 1100 de
1476 1060 1554 1100 tri-

82 1115 239 1167 umpho
270 1114 492 1154 ambitiose
522 1114 565 1152 et
584 1112 635 1152 de
664 1125 711 1153 re
728 1113 902 1164 publica
931 1111 1082 1155 libere.
1143 1115 1226 1155 Sed
1253 1128 1308 1156 ne
1326 1116 1550 1165 dubitaris,

33 1176 37 1179 “
79 1171 207 1223 quin,
239 1170 351 1222 quod
380 1170 619 1221 honestim,
648 1170 692 1209 id
721 1169 829 1209 mihi
856 1171 1046 1210 futurum
1074 1171 1130 1211 sit
1159 1173 1386 1224 antiquius.
1443 1173 1552 1216 Nam
1574 1172 1602 1213 3

79 1228 190 1280 quod
218 1228 341 1280 putas
369 1227 518 1267 utilius
548 1239 638 1266 esse
667 1228 735 1268 vel
766 1227 886 1274 mihi,
918 1227 1030 1279 quod
1058 1228 1192 1269 tutius
1223 1231 1291 1280 sit,
1321 1232 1390 1271 vel
1420 1231 1551 1272 etiam

81 1287 129 1325 ut
159 1284 223 1325 rei
252 1284 452 1337 publicae
481 1283 678 1335 prodesse
708 1284 884 1336 possim,
924 1297 990 1324 me
1020 1297 1109 1324 esse
1141 1299 1237 1326 cum
1265 1287 1468 1340 imperio:
1506 1288 1551 1328 id

79 1353 225 1382 coram
256 1340 613 1381 considerabimus
644 1341 769 1390 quale
799 1341 868 1380 sit.
936 1341 1078 1381 Habet
1106 1344 1218 1383 enim
1248 1357 1316 1384 res
1344 1344 1552 1385 delibera-

79 1399 261 1440 tionem:
307 1398 386 1438 etsi
417 1409 469 1438 ex
498 1398 619 1449 parte
649 1409 800 1448 magna
828 1397 908 1436 tibi
937 1398 1157 1439 assentior.
1217 1400 1281 1440 De
1311 1402 1449 1442 animo
1479 1416 1553 1443 au·

77 1458 163 1497 tem
194 1467 286 1495 meo
317 1467 417 1507 erga
445 1465 535 1494 rem
564 1453 795 1505 publicam,
827 1453 935 1494 bene
963 1455 1082 1506 facis,
1113 1456 1225 1507 quod
1244 1470 1329 1497 non
1360 1458 1548 1500 dubitas:

80 1516 124 1553 et
151 1511 258 1554 illud
286 1512 418 1565 probe
448 1511 638 1559 iudicas,
678 1523 945 1562 nequaquam
988 1513 1088 1551 satis
1127 1526 1205 1566 pro
1245 1515 1351 1555 meis
1380 1515 1551 1570 officiis,
1604 1560 1607 1564 ff

78 1637 184 1672 nicht
208 1635 325 1670 durch
341 1646 474 1669 unsere
490 1635 713 1678 Bemiihuug
738 1644 784 1668 zu
811 1634 949 1670 Stande
975 1638 1175 1683 gebracht3
1200 1640 1363 1676 sondern
1379 1641 1441 1676 hat
1465 1642 1548 1678 sich

78 1693 153 1717 von
178 1683 295 1718 selbst
318 1682 500 1725 gemacht.
555 1680 628 1714 Ein
660 1681 808 1715 kleiner
840 1683 1037 1718 Verweis!
1062 1703 1107 1709 —
1152 1688 1336 1732 nostram,
1375 1690 1549 1724 consula·-

80 1729 186 1764 rium.
212 1748 257 1754 -
305 1740 393 1773 quo,
425 1730 601 1771 vermoge
626 1727 773 1761 dessen.
799 1746 845 1752 --
890 1729 930 1762 in
954 1730 1016 1764 ils.
1065 1730 1129 1765 Sic
1154 1733 1230 1767 Md.
1257 1733 1315 1767 his
1340 1735 1435 1769 Cett.

169 1776 203 1810 2.
234 1776 274 1808 in
298 1775 364 1808 hoc
387 1775 487 1818 ipso,
514 1773 630 1817 grade
654 1773 692 1807 in
718 1774 858 1808 diesem
882 1775 1001 1810 Falle.
1028 1797 1072 1802 —
1119 1780 1168 1812 ad
1192 1781 1425 1814 concordiam
1450 1780 1549 1816 inter

81 1822 276 1857 Caesarem
303 1828 339 1855 et
362 1820 594 1863 Pompeium.
634 1838 680 1844 ·—·
733 1820 931 1865 affectata„
970 1833 1043 1855 non
1067 1824 1305 1868 poenitenda.
1338 1827 1425 1870 „ich
1451 1828 1548 1862 habe

80 1869 159 1902 also
191 1867 303 1901 keine
340 1867 531 1908 Ursaehe,
568 1865 665 1899 mich
700 1865 761 1899 die
791 1866 1051 1911 Eilfertigkeit
1073 1871 1217 1905 meiner
1239 1872 1458 1907 Riickkunft
1483 1885 1549 1918 ge-

80 1924 195 1949 reuen
220 1923 266 1946 zu
301 1913 452 1946 lassen”.
486 1931 531 1936 ——
576 1912 732 1954 iniecta,
766 1911 803 1945 in
840 1912 913 1946 den
944 1915 1052 1960 Kopf
1079 1924 1235 1960 gesetzt.
1264 1939 1305 1944 -
1354 1920 1547 1964 approbas.

37 1966 42 1970 “
81 1960 173 1994 Exn.
201 1958 297 1992 coni.
325 1958 412 1993 Sch.
438 1959 529 1991 Liin.
556 1958 797 2001 approbabas.
846 1959 1017 1995 Praestat
1043 1968 1162 1997 tamen
1188 1975 1365 2009 praesens
1391 1972 1550 2011 propter

82 2017 185 2049 seqq.
207 2009 317 2049 putas
337 2031 344 2038 .
363 2030 392 2038 ..
414 2015 494 2037 cum
526 2004 702 2047 imperio,
740 2003 839 2046 quod
873 2016 961 2040 saue
998 2008 1174 2053 triumphi
1209 2022 1318 2045 causa
1350 2012 1548 2047 retinebat.

83 2053 180 2095 Csr.‚
205 2051 239 2085 si
264 2061 357 2095 opus
383 2058 451 2093 est,
475 2050 559 2083 Lib.
577 2055 610 2088 8.
636 2051 706 2094 Ep.
724 2052 757 2085 3.
783 2050 912 2084 habent
927 2057 1043 2087 tamen
1062 2055 1174 2089 iidem
1197 2057 1314 2097 fasces
1332 2059 1547 2095 molestiam.

82 2098 141 2132 Sit
165 2097 259 2130 enim
285 2097 388 2130 nobis
413 2096 573 2129 amicus.-
595 2122 603 2130 .
621 2123 628 2130 .
646 2123 653 2130 .
672 2097 808 2139 deferet
831 2098 1062 2142 triumphum.
1113 2102 1308 2137 ORELLI.
1337 2123 1378 2129 —
1426 2106 1466 2139 in
1493 2118 1550 2140 νι.

30 2142 31 2148 ’
83 2144 179 2178 libro
205 2143 252 2177 de
270 2142 473 2188 republica.
523 2143 562 2175 in
588 2143 711 2186 quinto
738 2143 833 2176 libro
852 2145 1002 2178 volebat
1019 2148 1064 2181 A.
1084 2148 1206 2182 Maius
1223 2149 1269 2183 ad
1287 2160 1423 2184 nonum
1444 2152 1550 2186 testi-

82 2189 243 2224 monium
269 2189 315 2223 de
341 2188 449 2223 libris
475 2188 518 2221 (Ie
541 2188 630 2232 Rep.
657 2195 760 2222 recte
787 2196 914 2223 contra
931 2191 1078 2226 dicente
1096 2194 1234 2228 Beiero
1261 2195 1299 2229 in
1324 2196 1418 2230 Ialzn
1442 2197 1552 2231 Jahr-

84 2235 216 2270 bacher
238 2236 280 2279 2,
304 2236 348 2278 l,
374 2237 408 2270 3.
432 2246 469 2286 p..
488 2236 542 2269 ll.
572 2235 770 2269 ORELLI.
797 2253 843 2260 —-
890 2237 1110 2279 ‘informatus
1133 2245 1203 2283 est,
1228 2252 1300 2275 von
1326 2243 1398 2276 mir
1420 2245 1551 2288 ausge-

84 2281 189 2317 stellt
214 2282 274 2314 ist.
299 2299 344 2306 —
393 2281 486 2316 Quzd
506 2305 514 2314 .
531 2306 539 2314 .
558 2307 566 2314 .
585 2282 744 2324 faciam,
777 2282 937 2316 Brauch’
968 2284 1029 2317 ich
1055 2285 1114 2319 dir
1137 2287 1248 2321 Mehr
1272 2299 1318 2322 zu
1344 2291 1480 2333 Sagen}
1507 2308 1548 2315 -·

86 2327 180 2363 Quin
195 2338 240 2359 z
255 2327 312 2360 Ia!
338 2345 382 2350 —
429 2327 547 2370 ipsum
568 2351 577 2362 .
593 2353 600 2361 .
619 2353 626 2361 .
650 2328 810 2361 abiicere
835 2329 1044 2373 auchrietzt
1067 2334 1271 2374 werdeich
1301 2335 1404 2369 nicht
1429 2342 1551 2370 anste-

82 2374 170 2414 hen,
197 2373 262 2406 aus
281 2372 353 2405 den
377 2372 578 2416 Triumph‚
613 2384 655 2407 so
680 2373 835 2417 wichtig
859 2374 920 2408 die
945 2376 1048 2410 Ehre
1072 2379 1165 2412 auch
1191 2379 1259 2423 ist,
1292 2382 1478 2416 Verzicht
1503 2392 1550 2415 zu

82 2419 230 2454 leisten.
279 2428 371 2450 nunc
394 2418 513 2460 ipsum
538 2418 562 2452 i.
590 2430 621 2452 e.
650 2420 721 2453 hoc
754 2420 838 2463 ipso
873 2427 1062 2466 tempore;
1099 2430 1139 2457 ut
1170 2426 1267 2459 infra
1291 2427 1389 2470 XII,
1415 2429 1470 2461 19.
1503 2427 1550 2461 ad

84 2464 201 2499 Attio.
228 2462 516 2497 ERNESTI.-
541 2464 586 2497 ad
600 2465 713 2499 Attic.
728 2466 838 2510 vlu,
853 2468 940 2501 9.-
980 2468 1178 2514 Utrumque
1193 2497 1222 2505 ..
1238 2473 1365 2514 libere,
1394 2473 1489 2507 denn
1512 2474 1549 2508 in

85 2510 153 2545 der
178 2510 276 2544 That
302 2509 450 2551 homes,
485 2509 567 2543 dem
593 2511 777 2555 Triumph
815 2523 858 2546 zu
885 2513 992 2548 Lieb'
1017 2526 1056 2549 es
1080 2518 1147 2550 mit
1177 2518 1311 2552 keiner
1344 2519 1471 2553 Partei
1503 2529 1550 2554 zu

85 2556 297 2591 verderben
324 2554 397 2588 uud
422 2555 459 2587 in
475 2554 619 2590 Sachen
644 2557 712 2591 der
727 2558 921 2602 Republik
946 2560 1040 2594 sreie
1058 2562 1164 2596 Hand
1190 2564 1265 2597 und
1290 2565 1407 2598 sreien
1433 2566 1551 2599 Mund

85 2612 130 2636 zu
156 2602 345 2643 behahen,
372 2601 464 2634 l'asst
488 2601 568 2635 sich
600 2602 664 2636 mit
689 2603 868 2639 einander
892 2605 994 2641 nicht
1018 2609 1247 2654 vereinigen.
1275 2628 1319 2636 ·—-
1367 2611 1553 2655 antiquius

86 2647 150 2682 das
184 2646 505 2690 Vorziiglichere,
547 2648 795 2693 Wichtigere.

34 2697 38 2742 ζ
174 2695 209 2728 3.
242 2703 298 2726 me
322 2703 396 2726 esse
421 2703 503 2726 cum
526 2693 703 2738 imperio,
741 2695 803 2730 die
826 2696 1167 2742 Imperatorwiirde
1196 2700 1294 2734 noch
1318 2701 1448 2746 langer
1472 2703 1557 2738 bei-

34 2747 38 2807 1l
89 2739 323 2774 zubehalten.
350 2757 395 2764 -
442 2741 636 2776 assentior.
686 2740 750 2776 Sic
773 2742 851 2778 Md.
879 2745 967 2779 Asc.
995 2751 1166 2789 utraque.
1202 2747 1290 2781 Ald.
1307 2748 1409 2784 Crat.
1434 2759 1558 2785 assen-

147 2798 216 2827 Ciu.
237 2799 348 2826 Briet'e
372 2809 404 2830 v.
428 2797 570 2827 nium-b.
593 2801 636 2829 11.
1199 2808 1256 2848 2⁰

38 2961 41 3003 ὲ
