1795 3043
522 32 838 81 EPJSTOLA
874 32 1096 80 cxcvii.
1496 45 1564 91 33

98 146 180 188 sibi
220 146 437 200 placarem
476 148 772 199 peteremque,
811 148 859 187 ut
899 147 1042 188 nescio
1086 147 1188 199 quid
1229 148 1336 188 illud
1379 150 1563 201 Epicuri

97 204 403 258 parietinarum
443 205 523 244 sibi
568 205 840 245 concederes:
879 205 989 244 nihil
1020 205 1173 262 scripsi
1212 206 1264 245 ad
1305 208 1346 246 te
1388 207 1441 246 ob
1473 220 1564 248 cam

96 274 211 314 rem,
253 263 366 313 quod
415 260 721 302 aedificationis
772 263 873 302 tuae
924 262 1148 302 consilium
1199 264 1562 305 commendatione

96 331 193 359 mea
229 320 424 359 nolebam
465 318 676 370 impediri.
765 318 905 366 Idem,
960 320 1005 358 ut
1040 320 1138 359 veni
1177 320 1390 367 Athenas,
1432 333 1560 371 quum

94 376 207 416 idem
237 377 284 415 ut
315 376 366 416 ad
396 378 437 416 te
467 376 697 416 scriberem
727 376 928 428 rogasset,
961 376 1014 414 ob
1047 388 1137 415 eam
1169 389 1338 417 causam
1360 379 1562 429 impetra-

94 433 171 480 vit,
205 433 317 484 quod
348 435 389 472 te
421 432 627 473 abiecisse
666 433 787 472 illam
817 431 1157 473 aedificationem
1197 434 1417 475 constabat
1448 435 1559 476 inter

95 502 237 530 omnes
275 491 432 530 amicos
474 492 580 530 tuos.
642 489 761 537 Quod
792 490 827 529 si
865 490 925 531 ita
965 491 1029 529 est
1060 492 1102 529 et
1141 490 1176 530 si
1212 491 1296 530 iam
1329 494 1401 531 tua
1432 494 1558 543 plane
1581 496 1610 534 4

94 547 204 587 nihil
234 545 432 593 interest,
471 548 620 593 velim,
666 545 703 586 si
733 559 815 598 qua
847 545 1154 587 offensiuncula
1193 549 1307 587 facta
1337 551 1400 588 est
1431 549 1561 589 animi

94 604 159 643 tui
189 604 465 655 perversitate
488 605 730 655 aliquorum
750 625 809 633 ——-
829 605 929 644 novi
951 604 1060 643 enim
1081 606 1249 655 gentem
1271 605 1389 645 illam
1413 628 1467 636 -—
1487 607 1561 646 des

95 662 138 700 te
158 661 209 700 ad
230 661 446 702 lenitatem
476 662 545 700 vel
575 662 750 712 propter
773 669 891 701 tuam
924 673 1126 700 summam
1155 661 1461 702 humanitatem
1491 664 1560 704 vel

61 714 63 716 ’
94 718 223 757 etiam
253 718 425 757 lionoris
454 718 539 757 mei
567 730 709 758 causa.
768 717 999 768 Equidem,
1034 719 1082 765 si,
1116 719 1216 769 quid
1247 719 1337 770 ipse
1368 721 1559 772 sentiam,

95 773 278 825 quaeris,
310 787 404 822 nec,
438 775 605 815 curille
637 776 754 815 tanto
775 787 902 827 opere
934 775 1173 823 contendat,
1205 776 1340 822 video,
1373 790 1452 817 nec
1484 790 1562 817 cur

95 834 141 871 tu
171 844 404 884 repugnest
445 832 527 871 nisi
566 833 705 871 tamen
744 834 877 872 multo
918 833 1055 872 minus
1096 833 1176 872 tibi
1209 833 1385 872 concedi
1424 835 1562 885 potest

94 901 220 939 quam
257 889 345 936 illi,
388 887 583 928 laborare
632 889 722 929 sine
763 901 904 929 causa.
975 889 1235 940 Quamquam
1274 891 1469 930 Patronis
1519 894 1562 931 et

95 946 330 985 orationem
359 947 400 985 et
431 958 601 985 causam
630 945 712 985 tibi
743 946 955 998 cognitam
986 959 1075 986 esse
1106 949 1222 986 certo
1254 948 1358 988 scio.
1420 949 1562 987 Hono-

95 1015 210 1054 rem,
252 1002 465 1050 officium,
506 1004 855 1043 testamentorum
892 1002 987 1055 ius,
1025 1003 1207 1054 Epicuri
1246 1004 1559 1052 auctoritatem,

90 1084 1555 1098 m

95 1129 133 1157 et
157 1122 278 1158 Cicer.
302 1123 420 1158 ERN.
448 1124 793 1169 commendatusque.
827 1123 893 1158 Sic
917 1122 995 1159 Md.
1022 1125 1120 1160 Crat.
1147 1125 1249 1162 Vict.
1275 1126 1307 1162 2.
1334 1126 1462 1163 Lamb.
1487 1128 1560 1162 mi·

95 1168 202 1214 hique
227 1171 506 1205 commendatus.
536 1177 603 1204 ett.
633 1171 712 1204 OR.

186 1220 221 1253 3.
245 1216 368 1258 igilur
391 1228 438 1250 z
461 1226 547 1261 nun,
572 1217 670 1260 also,
696 1216 1052 1262 beimUebergange
1079 1226 1162 1251 zum
1178 1218 1560 1264 Hauptgegenstande

96 1260 163 1295 der
186 1262 304 1296 Rede.
331 1263 370 1297 S.
397 1263 545 1297 Ramsh.
573 1264 600 1307 §.
624 1264 701 1307 187,
727 1264 779 1307 ΙΙ,
806 1265 836 1298 1.
865 1264 1008 1299 Grotef.
1036 1264 1063 1307 §.
1081 1266 1160 1299 366.
1185 1267 1262 1300 367.
1289 1285 1333 1291 —-
1358 1271 1458 1300 ut...
1485 1266 1561 1300 sibi

94 1308 323 1351 concederes,
357 1309 472 1352 „dass
504 1310 567 1343 Du
600 1308 675 1342 ihm
707 1308 828 1352 ienes,
860 1309 918 1344 ich
952 1310 1046 1344 weis
1084 1309 1186 1345 nicht
1219 1311 1403 1355 welches,
1441 1312 1560 1348 Stiick

94 1355 318 1387 versallenes
351 1356 553 1389 Gemauers
583 1364 656 1388 von
682 1356 860 1400 Epikur’s
899 1356 1144 1400 ehemaligem
1184 1358 1309 1392 Hause
1342 1359 1559 1393 uberlassen

95 1401 314 1435 mcchtestf‘
362 1401 488 1436 Ueber
520 1402 616 1435 illud
649 1412 678 1435 c.
707 1403 831 1436 Genit.
864 1413 890 1436 S.
918 1403 1067 1438 Ramsh.
1100 1403 1127 1446 §.
1154 1404 1245 1446 132,
1277 1405 1317 1445 5,
1344 1416 1373 1438 c,
1411 1405 1556 1440 Grotef.

96 1448 124 1490 ἕ.
151 1447 238 1489 231;
265 1447 359 1480 iiber
384 1448 502 1481 nescio
529 1447 616 1492 qnid
648 1448 794 1481 Ramsh.
824 1448 849 1489 ξ.
878 1450 955 1491 160,
992 1451 1022 1483 l.
1048 1448 1091 1484 N.
1118 1449 1150 1483 2.
1178 1449 1321 1484 Grotes.
1347 1452 1423 1485 417.
1450 1453 1557 1487 Anm.

96 1511 141 1518 —-
162 1493 295 1537 pariet.
326 1504 373 1527 :2
403 1504 530 1537 areae,
565 1493 628 1527 ubi
661 1494 731 1528 fuit
764 1493 853 1526 olim
886 1494 1016 1528 domus
1048 1495 1217 1538 Epicuri.
1252 1514 1293 1521 —-
1329 1498 1440 1539 aedis.
1476 1502 1560 1531 tuae

96 1540 225 1573 consil.
258 1540 512 1583 Areopagitae
546 1539 698 1572 decret-0
732 1539 829 1572 facto
863 1540 1039 1574 Memmio
1074 1550 1356 1585 concesserant,
1381 1550 1421 1576 ut
1447 1544 1559 1578 aedes

94 1585 252 1631 Epicuri
267 1591 424 1628 veteres,
450 1596 539 1628 quas
557 1585 690 1620 Cicero
716 1591 755 1619 ut
780 1586 817 1619 in
843 1593 1092 1630 contemptum
1118 1587 1331 1629 adduceret,
1353 1589 1562 1632 parietinas

95 1632 255 1675 vocavit,
278 1632 460 1665 commodi
487 1631 543 1665 sui
568 1632 690 1676 gratia
714 1632 965 1666 exaedificare
990 1639 1129 1677 posset.
1155 1634 1365 1670 MANUT.
1391 1655 1436 1661 —-
1461 1637 1560 1670 idem

94 1678 298 1722 negotium,
322 1678 474 1712 eandem
490 1689 579 1712 rem.
594 1679 851 1712 ——scrz'berem
864 1678 1079 1725 Mytilenas.
1104 1697 1149 1705 —·
1173 1681 1360 1726 abiecisse,
1384 1683 1563 1727 aufgege-

92 1726 167 1762 ben
191 1725 332 1758 habest.

186 1772 219 1805 4.
268 1771 549 1814 offensiuncula,
590 1770 650 1804 ein
691 1770 840 1805 kleiner
872 1771 1049 1807 Unwille.
1076 1790 1120 1797 —-
1147 1774 1409 1817 perversitate,
1442 1774 1561 1809 durch

96 1817 297 1853 verkehrte
342 1816 676 1860 Dienstfertigkeit
723 1817 872 1861 einiger
920 1818 1002 1851 dem
1042 1819 1159 1853 Patro
1208 1820 1295 1853 iibel
1343 1822 1561 1855 wolleuden

96 1864 226 1899 Leute.
253 1881 298 1888 ·—
321 1864 428 1897 illam
451 1867 614 1905 gentem,
650 1863 714 1897 das
747 1863 897 1897 sreilich
931 1865 1159 1907 angenehme
1185 1865 1259 1900 und
1285 1865 1561 1911 dienstfertige,

97 1911 189 1945 aber
228 1909 319 1944 ietzt
356 1921 396 1943 so
436 1909 720 1953 eigenniitzige,
760 1910 1044 1954 missgiinstige,
1085 1909 1316 1954 intriguante
1348 1914 1452 1948 Volk
1493 1915 1562 1947 der

98 1955 329 1993 Griechlein.
354 1955 393 1991 S.
419 1955 465 1989 ad
492 1955 615 1991 Quint.
640 1956 762 1990 Fratr.
788 1956 837 1999 II,
864 1958 895 1990 1.
924 1957 1027 1990 Orat.
1054 1968 1123 2002 pro
1149 1958 1295 1992 Flacco.
1345 1960 1475 1994 Daher
1501 1959 1567 1994 auf

98 2004 159 2037 vir
191 2003 302 2037 bonus
334 2002 363 2045 §.
389 2002 410 2036 2
444 2001 504 2036 ein
537 2002 683 2036 solches
719 2001 893 2036 Gewicht
925 2003 1021 2037 ruht.
1050 2022 1090 2028 —
1123 2004 1184 2038 des
1216 2008 1249 2037 te
1275 2005 1323 2037 ad
1354 2006 1469 2048 lenit„
1495 2007 1562 2040 be-

98 2049 244 2084 trachte
290 2048 352 2082 die
385 2047 505 2083 Sache
539 2048 577 2081 iu
615 2048 734 2082 einem
774 2047 956 2082 milderen
989 2049 1145 2092 Lichte3
1184 2050 1332 2084 missam
1364 2053 1421 2086 sac
1454 2053 1559 2088 iram.

98 2114 144 2121 -—
165 2098 316 2140 propter
346 2099 479 2128 tuam.
529 2094 592 2128 Ex
624 2094 776 2138 antiquo
810 2096 990 2140 supplem.
1021 2095 1149 2130 Lamb.
1184 2096 1319 2131 Graev.
1351 2099 1441 2132 Ern.
1475 2099 1561 2135 Sch.

97 2141 196 2179 Liin.
228 2141 332 2175 omis.
365 2145 466 2174 tuam
503 2140 580 2174 Md.
614 2141 712 2175 Crat.
748 2140 848 2177 Vict.
883 2143 914 2176 1.
940 2142 971 2175 2.
1004 2142 1144 2177 Bened.
1180 2161 1223 2167 —
1257 2145 1441 2184 conteud.,
1476 2145 1562 2179 eine

97 2187 220 2224 Sache
235 2187 348 2231 eisrig
372 2186 581 2220 betreiben.
606 2206 649 2212 -
664 2187 740 2220 m'sz’
754 2190 928 2222 tamen...
954 2186 1033 2222 sine
1047 2199 1170 2231 causa,
1194 2198 1265 2222 nur
1279 2191 1383 2224 ware
1399 2190 1471 2226 Dir
1484 2201 1561 2225 we-

100 2234 209 2279 niger
242 2243 288 2267 zu
320 2238 388 2277 gut
412 2243 457 2266 zu
483 2233 626 2276 halten,
652 2233 708 2267 als
733 2233 826 2273 ihm,
853 2244 894 2267 so
920 2233 995 2268 viel
1020 2234 1151 2268 Larms
1176 2245 1235 2268 um
1259 2235 1391 2271 Nichts
1415 2247 1461 2271 zu
1487 2247 1563 2270 ma-

100 2280 205 2314 chen.
239 2279 411 2313 laborare
440 2289 488 2313 ετ..-
510 2279 689 2314 reluctari
729 2279 810 2313 eius
849 2279 1032 2314 voluntati
1065 2286 1103 2314 et
1133 2281 1310 2325 precibus
1343 2284 1391 2316 ob
1424 2284 1562 2317 nullam

100 2336 258 2361 causam.
283 2343 328 2350 —-
352 2325 555 2359 orationem
584 2329 619 2358 et
642 2336 809 2369 causam,
836 2326 926 2360 Was
951 2327 1066 2361 Patro
1099 2336 1167 2361 zur
1199 2327 1456 2373 Begriindung
1489 2329 1564 2363 sei-

100 2383 170 2407 ner
194 2372 414 2416 Anspriiche
439 2370 647 2412 vorbi-ingt.
678 2372 777 2406 Eine
802 2371 1031 2418 Hendiadys.
1064 2391 1109 2397 —-
1133 2373 1338 2413 Honorem,
1371 2376 1452 2410 sein
1478 2375 1563 2409 dem

102 2418 337 2454 Sterbendeu
362 2417 573 2461 gegebenes
597 2419 836 2461 Ehrenwort,
861 2418 944 2453 dass
971 2419 1037 2454 das
1060 2418 1162 2454 Hans
1188 2419 1253 2454 des
1269 2420 1436 2464 Epikurs
1460 2421 1564 2455 nicht

102 2465 214 2500 sollte
245 2465 457 2497 vei-{iussert
480 2462 644 2498 werden.
669 2484 714 2490 -
739 2465 900 2507 officium
924 2475 1047 2509 suum,
1072 2465 1239 2500 debitum
1271 2467 1428 2512 Epicuri
1460 2467 1564 2501 aedi-

103 2511 182 2545 bus.
215 2509 343 2545 JWAN
347 2509 425 2545 UT.
452 2528 496 2533 ——
527 2514 821 2544 lestcmzentorum
850 2511 920 2544 ins.
966 2512 1050 2546 Hoc
1073 2512 1185 2554 dicit,
1210 2513 1298 2556 quia
1321 2523 1408 2547 suos
1433 2514 1564 2548 hortos

105 2557 303 2601 Epicurus,
328 2556 365 2590 in
393 2555 525 2598 quibus
549 2556 718 2590 habitare
742 2568 784 2590 ac
810 2556 946 2591 docere
970 2557 1103 2592 solitus
1129 2564 1220 2602 erat,
1245 2558 1363 2593 amico
1389 2570 1456 2593 suo
1482 2561 1564 2593 Me-

104 2602 259 2637 trodoro
284 2601 447 2636 moriens
480 2606 689 2636 testamento
715 2603 920 2646 reliquerat
945 2614 990 2638 eo
1017 2604 1118 2647 iure,
1144 2610 1183 2637 ut
1207 2611 1293 2648 post
1317 2606 1398 2640 eius
1424 2605 1565 2640 obitum

106 2649 152 2683 ad
176 2649 270 2684 alios
294 2649 505 2693 Epicureae
529 2655 651 2683 sectae
675 2648 866 2694 principes
890 2649 1079 2694 possessio
1099 2650 1324 2693 perveniret.
1361 2652 1446 2687 Vid.
1471 2652 1569 2686 Dio-

109 2705 191 2739 gen.
223 2696 351 2729 Laert.
382 2695 488 2729 Libr.
522 2695 570 2728 X.
602 2695 811 2730 MANUT.
845 2695 933 2739 vgl.
965 2696 1067 2732 Plin.
1099 2696 1146 2731 H.
1170 2696 1215 2732 N.
1240 2697 1351 2742 XIX,
1374 2699 1408 2733 4.
1435 2697 1568 2733 senec.

150 2758 218 2786 Cic.
240 2757 353 2786 Briefe
375 2767 408 2787 v.
433 2758 638 2787 Binerbeck.
670 2761 712 2787 11.
1267 2760 1295 2798 3
