1795 3043
576 103 891 152 EPISTOLA
927 104 1127 152 CCCLI.
1170 129 1171 132 ¹
1484 108 1587 158 463

122 227 214 262 tere
242 234 309 262 me
327 222 507 262 consilii
534 221 586 260 de
623 220 990 261 tamma-sasione&
1026 225 1089 266 et,
1127 219 1385 272 Quamquam
1420 231 1586 273 magna

120 280 425 327 sollicitudine,
473 284 642 327 tamen,
689 279 790 330 quia
825 278 965 316 minus
987 279 1102 326 ,mali
1125 284 1236 328 pato
1266 289 1353 317 esse
1382 289 1509 328 quam
1539 280 1587 315 in

120 339 201 376 illa
223 336 516 388 profectione,
548 348 701 374 maneo
732 337 777 374 in
795 337 1008 373 sententia
1036 340 1077 372 et
1105 335 1273 387 gaudeo
1303 340 1345 379 te
1364 332 1583 373 mansisse.
1615 364 1618 366 .

120 392 258 440 Quum
295 404 395 432 vero
431 392 516 431 iam
552 391 730 443 angerer
769 390 811 431 et
846 390 1059 442 timerem,
1099 402 1154 430 ne
1183 390 1284 442 quid
1313 404 1339 430 a
1367 401 1433 429 me
1463 388 1586 429 dede·
1606 385 1636 425 9

121 450 234 489 coris
273 451 383 489 esset
421 448 668 500 admissum,
717 449 788 488 111'.
817 446 965 487 Nonas·
988 446 1137 488 Mart.=
1199 451 1377 499 Tamen,
1419 454 1461 487 te
1497 461 1584 488 non
1629 490 1632 494 ,

121 520 211 546 esse
239 520 328 546 una
358 521 452 546 cum
480 507 682 557 Pompeio
721 513 808 545 non
840 505 944 554 fero
979 506 1167 545 moleste.
1225 507 1385 545 Postea
1414 508 1454 545 si
1481 517 1584 556 opus

114 563 282 614 fuerit,
307 574 398 603 ‘non
427 565 510 602 erit
539 563 740 614 diffie-ilfi
782 567 824 601 et
851 564 938 608 illi,
967 574 1132 615 quoquo
1160 568 1349 614 tempore
1372 563 1470 614 flet,
1501 564 1586 600 erit

121 615 377 667 ἀσμένιστον.
438 620 525 660 Sed
551 620 722 659 hoc-'ita
751 619 866 670 dico,
902 622 943 660 si
969 621 1061 667 hic,
1100 633 1185 672 qua
1214 623 1387 659 ratione
1416 621 1588 658 init-ium

114 677 249 727 fecit,
299 678 446 718 eadem
474 682 617 717 cetera
646 676 772 731 aget,
815 679 1003 726 sineere5
1046 683 1304 728 temperate,
1337 677 1588 728 prudenter,

121 736 248 774 valde
282 736 430 775 videro
466 739 508 773 et
542 735 855 773 consideratius
889 735 1076 773 utilitati
1110 741 1287 773 nostrae
1319 735 1589 774 consuluero.

120 803 202 831 vn.
219 790 319 831 Idus
339 790 469 831 Mart.
489 788 641 830 scribis
660 789 883 830 Peducaeo
902 801 1072 841 quoque
1089 792 1232 829 nostro
1254 790 1441 842 probari,
1476 789 1591 841 quod
1615 792 1671 831 10

120 848 325 898 quierimo,
367 847 488 887 cuius
519 847 747 887 auctoritas
776 848 955 887 multum
984 846 1096 898 apud
1126 848 1348 891 me-valet.
1402 847 1483 887 His
1513 858 1590 899 ego

121 904 208 944 tuis
245 904 418 957 scriptis
443 917 521 944 ‘me
558 905 776 955 consolor,
822 905 878 943 ut‘
905 903 1018 942 nihil
1057 917 1081 944 a
1111 909 1179 943 me
1217 904 1356 944 adhuc
1386 903 1592 944 delictum

119 962 279 1013 putem.
306 976 307 979 ¹
333 963 409 1002 ‘Tu
448 960 572 1001 modo
613 961 913 1002 auctoritatem
948 964 1065 1000 tuam
1102 960 1338 1009 defenditm
1390 960 1592 1001 adversus

122 1030 191 1057 me
219 1018 332 1058 nihil
362 1031 469 1070 opus
500 1020 586 1067 est3
647 1019 722 1059 sed
750 1017 935 1058 consciis
964 1029 1064 1069 egeo
1095 1017 1206 1059 aliis.
1264 1018 1380 1069 Ego,
1418 1018 1455 1058 si
1482 1017 1595 1057 nihil

122 1077 317 1128 peccavi,
345 1077 513 1126 reliqua
526 1075 696 1117 tuebor.
752 1075 819 1115 Ad
837 1087 886 1114 ea
914 1076 1023 1113 tute
1047 1075 1221 1113 hortare
1250 1075 1292 1113 et
1321 1076 1389 1113 me
1419 1074 1593 1114 omnino

122 1135 198 1172 tua
237 1132 493 1185 cogitatione
532 1131 695 1172 adiuva.
760 1131 846 1171 Hie
885 1129 1096 1169 nihildum
1134 1130 1186 1170 de
1223 1130 1364 1170 reditu
1403 1131 1596 1171 Caesaris

123 1189 390 1231 audiebatur.
455 1189 547 1240 Ego
589 1188 657 1228 his
697 1187 836 1227 literis
880 1187 962 1227 hoc
1000 1186 1163 1234 tameni.
1186 1186 1397 1240 profeci:¹
1429 1187 1597 1241 perlegi

121 1259 266 1287 omnes
293 1248 388 1286 tuas
418 1247 461 1285 et
487 1247 533 1285 in
564 1257 614 1285 eo
645 1244 858 1295 acquievi.
1101 1259 1104 1263 r
1128 1243 1134 1279 ἕ
1211 1275 1214 1278 .
1414 1273 1417 1277 .

124 1367 195 1406 sub
209 1362 474 1399 <accessionem
488 1363 618 1397 febris.
637 1380 682 1393 -=·
721 1374 937 1408 quamquam
960 1374 1099 1407 magna
1118 1366 1371 1400 sollicitudine
1394 1365 1477 1401 scil.
1496 1376 1600 1400 man-

123 1411 245 1455 seris,
287 1411 464 1454 obgleich
498 1410 562 1444 Du
595 1409 771 1444 desshalb
803 1410 841 1444 in
877 1422 1031 1454 grosser
1064 1412 1220 1452 Unruhe
1254 1413 1343 1448 bist.
1377 1431 1422 1437 —
1479 1415 1600 1446 minus

122 1459 250 1510 mali..
271 1483 279 1492 .
305 1467 380 1491 esse
406 1456 485 1491 scil.
510 1456 550 1490 in
566 1456 645 1490 hac
668 1456 951 1505 sollicitudine,
982 1458 1187 1493 mansionis
1211 1469 1344 1502 causa3
1378 1459 1441 1494 vel
1465 1458 1505 1492 in
1529 1459 1601 1493 hac

121 1515 330 1539 manfflone.

214 1552 249 1586 9.
285 1550 510 1591 admissum,
536 1548 618 1582 scil.
645 1548 843 1583 manendo.
870 1567 913 1574 —
950 1549 1028 1583 III.
1054 1549 1152 1584 Non.
1178 1550 1321 1595 Mart„
1347 1557 1405 1584 am
1429 1550 1464 1584 5.
1476 1550 1597 1586 Mii'rz.

124 1616 170 1624 —
203 1598 291 1633 Vor
329 1597 464 1629 Tamen
497 1596 620 1639 suppl.
652 1594 850 1640 scripsisti.
884 1614 928 1621 —
976 1606 1049 1629 non
1073 1607 1168 1639 esse,
1207 1597 1335 1631 Lamb.
1365 1597 1449 1630 isse.
1499 1595 1600 1631 Sane

126 1645 183 1680 sic
197 1644 269 1688 Ep.
286 1643 344 1676 12.
371 1643 401 1685 §.
419 1642 452 1675 4.
481 1643 576 1685 quod
600 1652 672 1675 una
697 1653 770 1680 non
793 1641 923 1685 ier-ivm
957 1642 1023 1676 sed
1048 1643 1116 1687 Ep.
1131 1644 1190 1678 19.
1217 1654 1325 1688 quam
1347 1643 1383 1677 si
1406 1654 1479 1677 una
1504 1643 1599 1686 fuis-

124 1701 256 1725 semus.
293 1687 490 1726 ORELLI.
524 1705 567 1712 —
615 1688 916 1731 α’σμέιιιστοιι,
948 1689 1284 1732 gratissimum.-—
1332 1689 1399 1724 hoc
1422 1693 1476 1724 ita
1502 1690 1600 1732 dico,

127 1738 189 1772 ich
211 1736 360 1771 behalte
386 1734 457 1768 mir
472 1734 550 1768 Das
577 1745 656 1768 vor.
682 1752 727 1759 —-
763 1735 799 1768 si
811 1733 883 1777 hz'c,
911 1734 1061 1769 Caesar.
1083 1755 1128 1761 —
1164 1737 1394 1779 consuluere,
1421 1748 1464 1771 so
1479 1735 1601 1771 werd?

126 1784 195 1818 ich·
221 1783 318 1817 doch
349 1786 427 1816 erst
463 1780 526 1814 die
550 1781 683 1824 Augen
716 1781 895 1824 gewaltig
920 1782 1073 1816 aufthun
1099 1783 1175 1816 und
1200 1782 1443 1828 sorgsziltiger
1476 1783 1532 1818 als
1563 1781 1602 1816 ie

126 1829 357 1872 flberlegen,
393 1837 472 1861 was
498 1838 611 1860 unser
634 1827 768 1861 Bestes
785 1827 947 1866 ,alsdann
971 1828 1125 1862 fordern
1152 1830 1276 1864 sollte.

221 1877 279 1909 10.
315 1874 403 1908 VII.
429 1873 485 1907 Id.
511 1874 749 1916 ,71‹1a2·t.‚,am
774 1874 808 1908 9.
824 1874 943 1909 Marz.
981 1893 1025 1899 -—
1075 1874 1196 1910 Sexto
1228 1876 1428 1911 Peducaeo.
1478 1873 1518 1910 S.
1553 1885 1601 1909 zu

128 1932 188 1967 ep.
216 1919 506 1962 CCCXLVIII,
539 1920 573 1953 2.
603 1939 648 1943 —
695 1920 788 1963 quod
813 1920 989 1963 quierim,
1029 1921 1114 1955 dass
1144 1922 1205 1955 ich
1237 1923 1336 1957 mich
1370 1921 1483 1966 ruhig
1515 1932 1602 1962 ver-

128 1969 241 2002 halte.
273 1985 316 1992 -—
365 1967 538 2000 auctorit.
564 1969 588 1999 t.
617 1967 818 2008 defendim,
858 1967 1103 2012 reehtfertige
1127 1968 1191 2002 Du
1216 1967 1355 2003 iedoch
1375 1968 1479 2003 Dein
1505 1968 1603 2002 Gut-

128 2016 285 2050 acmen.
309 2031 355 2038 -·
401 2013 465 2046 sed
500 2012 657 2047 consciis
681 2023 769 2054 egeo
795 2013 903 2056 aliis,
943 2013 1079 2056 quibus
1105 2015 1217 2059 cupio
1242 2015 1424 2050 rationem
1450 2013 1604 2049 consilii

128 2061 203 2096 mei
235 2059 398 2105 probari.
447 2058 664 2102 ,‚Sehutze‚
706 2059 952 2103 rechtfertige
985 2060 1089 2094 Dein
1115 2061 1347 2105 Gutachten‚
1388 2061 1435 2095 da
1464 2061 1526 2098 ich
1562 2070 1604 2095 es

130 2108 328 2152 besolge.
350 2116 474 2150 gegen
500 2106 675 2148 Andere,
716 2105 778 2140 die
807 2106 937 2140 darum
963 2106 1100 2141 wissen
1124 2107 1200 2141 und
1226 2118 1266 2143 es
1291 2107 1504 2152 gleichfalls
1528 2106 1605 2140 bil-

129 2154 232 2199 ligen
258 2156 431 2192 mussen‚
463 2152 552 2185 weil
579 2152 639 2185 ich
665 2151 770 2186 ihrer
793 2152 935 2187 bedarf.
960 2172 1005 2178 —
1053 2154 1199 2198 reliqua
1220 2155 1366 2198 tuebor,
1403 2164 1514 2189 wenn
1540 2152 1604 2187 ich

131 2211 204 2235 nur
235 2200 364 2235 bisher
387 2198 520 2232 Nichts
551 2198 774 2242 gesundiget
805 2199 920 2243 habe,
968 2200 1057 2235 siir's
1083 2200 1265 2245 Kunftige
1297 2201 1380 2236 will
1415 2201 1477 2235 ich
1502 2198 1603 2234 mich

131 2247 248 2282 sehon
273 2257 321 2280 zu
346 2247 459 2280 huten
485 2244 692 2279 wissen.-—
733 2246 796 2279 Ad
819 2256 882 2289 ea,
908 2245 1014 2280 datur
1039 2247 1118 2282 also
1143 2249 1247 2283 riiste
1264 2247 1366 2282 Dich
1391 2258 1427 2281 u.
1444 2257 1474 2281 s.
1491 2257 1540 2281 w.
1556 2257 1603 2270 --'-

132 2294 175 2327 de
196 2294 338 2336 reditu,
363 2290 525 2326 nfimlich
550 2302 571 2326 a
595 2290 812 2326 Brundisio.
839 2311 884 2317 —
925 2293 966 2327 in
988 2303 1030 2328 eo
1054 2294 1241 2342 acquievi,
1266 2294 1344 2330 und
1366 2294 1463 2329 habe
1476 2292 1604 2334 Ruhe,

131 2339 379 2384 Beruhigung
403 2336 514 2373 dabei
537 2338 737 2384 gefunden.
