1795 3043
625 81 943 137 EPISTOLA
979 81 1176 135 eccm.
1218 142 1220 144 Ι
1526 89 1626 138 461

167 205 308 245 stimo.
365 199 504 244 nnius
533 199 665 254 igitur
680 200 787 242 belli
815 211 893 254 ego
920 200 1136 254 particeps
1163 199 1205 240 et
1219 197 1362 239 socius
1389 198 1433 238 et
1461 197 1628 239 adiutor

166 273 258 301 esse
288 271 437 313 cogor,
474 259 589 310 quod
619 259 661 299 et
690 255 893 296 ἄσπονδον
923 260 1010 311 est,
1041 261 1084 298 et
1112 269 1208 298 cum
1227 254 1406 297 civibus.
1463 254 1628 294 Deinde

165 330 247 359 vu.
277 317 375 356 Idus
411 315 644 366 Februan,
688 328 820 368 quum
857 315 944 356 iam
978 317 1107 368 plura
1144 313 1313 354 audires
1348 311 1401 353 de
1435 311 1628 363 Pompeii

165 373 370 421 consilio,
402 372 623 413 concludis
653 373 874 426 epistolam
893 373 1104 423 quandam
1126 372 1207 412 hoc
1227 369 1377 410 modo:
1417 371 1516 422 Ego
1539 371 1629 421 qui-

164 433 258 471 dem
298 432 379 471 tibi
412 445 499 471 non
534 434 615 471 sim
653 438 838 482 auctorx
881 434 921 470 si
948 432 1174 481 Pompeius
1202 431 1383 468 Italiam
1413 424 1629 479 relinquit,

164 494 208 528 te
235 501 397 541 quoque
421 487 674 542 profugere.
731 490 907 528 Summo
937 490 1048 527 enim
1071 488 1264 538 periculo
1285 485 1428 535 facies
1459 496 1536 524 nec
1563 484 1630 534 rei

158 545 357 597 publicae
387 545 619 595 proderis3
674 547 744 583 cui
777 545 943 596 quidem
976 546 1191 596 posterius
1222 544 1389 593 poteris
1412 540 1629 591 prodesse,

163 605 204 641 si
238 605 460 641 manseris.
529 600 661 648 Quem
696 599 942 649 φιλόπατριν
982 613 1032 641 ac
1069 595 1277 637 πολιτικόν
1315 597 1500 637 hominis
1529 607 1630 648 pru·

163 657 303 698 dentis
322 659 363 697 et
382 656 509 697 amici
537 657 614 696 tali
636 656 855 699 admonitu
872 669 957 707 non
979 657 1167 698 moveret
1184 651 1443 696 auctoritas?
1499 652 1629 696 Dein·
1651 652 1682 692 6

163 726 264 767 ceps
299 727 373 756 111.
404 714 503 753 Idus
531 713 738 754 Februar.
777 715 932 756 iterum
972 715 1077 755 mihi
1116 711 1347 765 respondes
1390 708 1631 751 consulenti

164 772 256 812 sic:
309 772 431 819 Quod
465 775 636 824 quaeris
672 786 701 811 a
738 787 828 820 me,
877 774 904 822 -ζ-
926 772 1142 827 fugamne
1162 772 1325 823 fidam,
1372 782 1432 808 an
1460 781 1629 808 moram

162 829 440 868 deserendam
470 830 686 868 utiliorem
711 836 884 880 putem:
926 844 1003 884 ego
1034 842 1138 869 vero
1169 832 1214 867 in
1234 828 1487 880 praesentia
1516 823 1630 864 subi-

163 891 254 925 tum
284 885 510 924 discessum
541 892 584 923 et
606 890 884 940 praecipitem
908 887 1223 938 profectionem
1257 898 1385 937 quum
1420 882 1502 923 tibi
1539 888 1630 921 tum

160 944 244 994 ipsi
276 943 419 982 Cnaeo
450 944 643 981 inutilem
673 949 715 981 et
737 945 1024 994 periculosam
1048 949 1156 993 puto
1192 948 1234 981 et
1260 939 1400 981 satius
1431 952 1518 978 esse
1547 940 1630 977 exi-

161 1002 291 1039 stimo
321 1012 395 1038 vos
425 999 670 1049 dispertitos
701 1006 742 1051 et
775 1003 820 1039 in
848 1000 1027 1050 speculis
1053 1012 1155 1039 esse.
1217 999 1302 1037 Sed
1316 997 1479 1039 medius
1500 995 1633 1046 fidius

161 1062 286 1107 turpe
315 1056 438 1095 nobis
460 1062 568 1105 puto
598 1069 687 1095 esse
716 1056 767 1094 de
788 1056 907 1107 fuga
937 1058 1142 1108 cogitare.
1204 1054 1299 1093 Hoc
1322 1054 1446 1103 turpe
1468 1050 1634 1091 Gnaeus

161 1110 308 1152 noster
338 1109 511 1150 biennio
542 1112 641 1150 ante
671 1110 891 1162 cogitavit:
933 1109 992 1149 ita
1021 1109 1238 1151 sullaturit
1266 1109 1432 1150 animus
1463 1108 1555 1147 eius
1589 1107 1635 1146 et

160 1166 463 1222 proscripturit
493 1165 578 1206 diu.
644 1166 768 1218 Inde,
809 1167 856 1206 ut
885 1167 1060 1221 opinor,
1099 1179 1230 1218 quum
1258 1167 1304 1207 tu
1334 1166 1386 1206 ad
1414 1177 1481 1205 me
1509 1175 1636 1216 quae-

161 1226 259 1266 dam
299 1220 564 1271 γενικώτερον
600 1224 840 1276 scripsisses
878 1226 920 1263 et
958 1236 1034 1276 ego
1073 1224 1181 1264 mihi
1220 1226 1317 1264 ate
1355 1222 1387 1274 -1-
1430 1221 1637 1273 quaedam

161 1281 395 1335 significari
422 1282 659 1335 putassem,
689 1281 736 1319 ut
764 1280 891 1320 Italia
921 1281 1138 1333 cederem,
1176 1279 1399 1321 detestaris
1427 1280 1510 1329 hoc
1539 1278 1636 1318 dili-

162 1339 312 1392 genter
350 1351 409 1378 xl.
441 1336 619 1377 Kalend.
652 1336 799 1378 Marte
850 1339 949 1390 Ego
977 1351 1075 1377 vero
1111 1341 1233 1378 nulla
1264 1339 1445 1390 epistola
1473 1337 1634 1389 signifi-

164 1400 284 1443 cavi,
333 1398 374 1435 si
413 1396 579 1435 Gnaeus
608 1396 747 1434 Italia
787 1395 974 1443 cederet,
1016 1401 1065 1434 ut
1100 1402 1148 1435 tu
1185 1409 1274 1436 una
1303 1395 1513 1434 cederess·
1543 1398 1637 1440 aut,

164 1457 204 1494 si
239 1454 499 1506 significavi,
550 1465 638 1491 non
676 1452 770 1491 dico
801 1452 878 1501 fui
909 1454 1186 1504 inconstans,
1228 1452 1305 1492 secl
1345 1452 1527 1490 clemens.
1582 1449 1635 1489 In

162 1586 210 1610 zu
236 1575 357 1609 einem
382 1574 724 1609 unaussohnlichen
748 1573 892 1618 Kriege
916 1575 1045 1618 gelegt
1070 1573 1209 1609 werde.
1236 1592 1281 1599 —-
1333 1572 1423 1606 VII.
1439 1571 1636 1614 IcLFebr„

162 1633 222 1656 am
255 1624 285 1657 ⁷.
314 1622 493 1656 Februar.
528 1640 573 1647 -“
623 1621 790 1665 periculo
824 1625 900 1654 tu0.
935 1639 978 1645 -—
1037 1623 1247 1664 posterius,
1287 1620 1438 1664 spinet,
1486 1617 1524 1650 in
1566 1617 1637 1650 der

165 1668 299 1712 Folge.
324 1686 370 1693 —
408 1665 559 1713 φιλόπ.
586 1678 631 1701 ac
656 1665 917 1710 πολιτικὸν,
949 1667 1034 1703 Asc.
1052 1672 1172 1712 utraq.
1197 1670 1271 1703 καὶ
1295 1667 1392 1703 πολ.
1417 1675 1466 1699 =
1488 1663 1636 1709 patriae

163 1720 343 1749 amantem
369 1715 502 1757 reique
527 1713 702 1758 publicae
728 1712 908 1747 deditum.
1125 1714 1128 1715 ⁷

252 1785 290 1818 6.
326 1782 527 1826 Deinceps,
570 1792 645 1815 nun
676 1781 782 1825 folgt.
823 1782 883 1816 ΑΙ.
918 1782 1009 1817 Cdd.
1043 1780 1195 1816 Deinde.
1227 1799 1273 1807 -—
1320 1779 1398 1814 ΠΙ.
1424 1778 1482 1814 Id.
1509 1777 1635 1820 Febr„

161 1840 221 1863 am
247 1832 303 1863 11.
322 1830 502 1863 Februar.
530 1844 575 1852 —-
622 1828 869 1861 deserendam.
904 1829 1007 1863 Haec
1032 1834 1223 1873 corrupta.
1262 1827 1328 1863 Sic
1351 1826 1446 1860 Ball.
1474 1825 1633 1858 Helmst.

165 1877 293 1909 Oxon.
318 1877 350 1909 1.
388 1876 474 1909 Asc.
510 1875 542 1907 1.
585 1874 686 1908 Crat.
725 1874 825 1910 vict.
850 1876 883 1909 l.
911 1875 944 1908 2.
984 1875 1120 1909 Graev.
1153 1875 1245 1908 Ern.
1290 1874 1386 1908 Item
1417 1871 1520 1914 Md„
1567 1869 1637 1905 sed

164 1921 250 1955 hic:
284 1922 474 1963 defendam
498 1930 568 1964 pro
595 1920 847 1964 cleserendam3
889 1921 978 1955 item
1004 1922 1130 1956 Oxon.
1158 1923 1191 1955 1.
1218 1922 1394 1964 fugamne
1418 1919 1563 1961 foedam
1587 1927 1637 1950 an

165 1978 311 2000 moram
341 1968 503 2000 desidem
542 1965 685 2000 Manut.
718 1977 819 2011 susp.
851 1968 1027 2010 fugamne
1056 1969 1190 2011 fidam,
1232 1978 1279 2000 an
1313 1975 1458 1999 moram
1489 1963 1636 2006 foedam

166 2013 263 2047 coni.
291 2013 329 2046 in
350 2025 400 2047 m.
423 2013 522 2047 1584.
558 2013 686 2054 fugam
710 2013 823 2046 citam
846 2024 893 2046 an
918 2025 1061 2047 moram
1085 2012 1296 2048 discedendi
1320 2012 1345 2046 i.
1373 2022 1407 2046 e.
1435 2009 1636 2045 consilium

165 2059 307 2093 diutius
348 2058 386 2092 in
421 2059 533 2093 Italia
563 2059 733 2092 manendi
767 2057 854 2093 Sch.
892 2059 991 2094 coni.
1029 2061 1123 2095 Liin.
1165 2058 1360 2093 ORELLI.
1407 2057 1495 2091 Man
1532 2056 1635 2089 lese:

163 2106 339 2148 fugamne
362 2106 474 2148 fidam
506 2104 548 2147 (i.
575 2116 609 2137 e.
636 2115 718 2138 cum
744 2104 820 2138 fide
845 2105 882 2138 in
908 2106 1133 2150 Pompeium
1158 2103 1384 2149 susceptam)
1419 2113 1468 2136 an
1491 2112 1636 2136 moram

165 2151 248 2194 (das
282 2152 455 2196 zegern,
496 2150 817 2193 Zuriickbleiben)
854 2153 1052 2186 desertoris
1083 2153 1286 2186 amicorum
1318 2149 1409 2194 (wie
1441 2149 1487 2182 ad
1517 2147 1636 2183 Attio.

163 2197 281 2239 VIII,
315 2199 337 2232 9
381 2202 468 2242 post
504 2197 634 2239 med.)‚
679 2197 744 2232 das
777 2197 857 2231 sich
899 2198 937 2232 in
971 2199 1040 2233 der
1072 2198 1256 2233 Endsilbe
1291 2208 1351 2230 am
1388 2195 1550 2230 verriith.
1591 2211 1639 2218 -

162 2244 397 2288 dispertitos,
447 2244 531 2278 dass
563 2244 628 2276 Ihr
662 2244 768 2277 Euch
801 2244 980 2279 vertheilt
1017 2245 1092 2278 und
1125 2244 1201 2279 wie
1237 2253 1303 2278 aus
1344 2240 1639 2276 verschiedenen

164 2290 471 2324 Wartethiirmen
496 2290 569 2324 den
596 2290 747 2334 Gegner
773 2289 1009 2326 beobachtet.
1041 2291 1296 2334 dis-pertimeas
1321 2287 1500 2332 (sicycd.
1527 2286 1565 2320 in
1588 2296 1641 2320 m.

165 2337 288 2379 1584.;
333 2337 371 2370 in
404 2345 478 2381 quo
510 2336 630 2370 latere
664 2342 790 2381 potest
814 2336 938 2371 videri
969 2348 1050 2372 voc.
1079 2337 1276 2372 Graecum.
1315 2335 1389 2369 ΟΒ.
1438 2333 1637 2367 Fortasse:

164 2383 464 2429 διαπειράζοντας
488 2382 568 2416 sive
594 2383 874 2431 ὃιαπειρῶιντας,
908 2389 1114 2427 tentantes,
1142 2384 1402 2428 explorantes.
1429 2396 1474 2403 —
1520 2377 1637 2410 sulla-

164 2428 277 2471 turit,
317 2439 358 2462 so
389 2428 568 2473 gewaltig
592 2429 726 2462 lustert
751 2440 790 2462 es
816 2429 880 2463 ihn
905 2429 1021 2464 sehon
1045 2429 1157 2475 lange
1186 2430 1259 2464 den
1285 2426 1391 2463 Sulla
1415 2434 1462 2458 zu
1488 2423 1637 2468 spielen

165 2474 240 2508 und
281 2474 678 2527 Proscriptionslisten
716 2475 987 2521 anzufertigen.
1028 2494 1072 2502 —
1132 2477 1224 2510 Inde
1263 2486 1309 2508 =
1346 2470 1552 2522 spaterhin.
1589 2476 1660 2494 —'

163 2533 435 2600 tssfflffliifs‘?
447 2532 608 2601 ”aiffa
619 2515 1637 2616 alii-‘55¹²‘isssslfisszwliwssssssgsse{33211300123011‘51'031'1233

164 2613 311 2655 verbis,
355 2611 453 2645 coni.
489 2612 576 2646 Sch.
609 2611 702 2649 Lfi‘n.
737 2618 1087 2651 ΡΕΝΙΚΩΤΕΡΟΝ
1115 2614 1193 2649 Md.
1220 2609 1503 2659 ἅρῥενικαΐτερον
1529 2607 1638 2651 (viri-

163 2657 252 2699 lius)
294 2658 419 2691 Oxon.
454 2659 486 2692 1.
520 2659 554 2693 2.
601 2659 688 2694 Asc.
729 2660 829 2695 Crat.
871 2661 944 2695 ΟΒ.
978 2679 1024 2686 -
1079 2661 1104 2703 -ἷ-
1136 2660 1327 2704 quaedam.
1375 2656 1457 2689 Hoc
1488 2654 1636 2689 falsum.

163 2704 254 2738 Del.
289 2703 375 2739 Seu.
408 2704 505 2740 Liin.
550 2704 706 2740 Fuitne:
746 2707 903 2750 quodam
926 2707 1034 2740 modo
1059 2717 1128 2750 per
1153 2703 1414 2749 compendium
1440 2700 1636 2746 scriptum,

164 2750 301 2785 deinde
334 2751 576 2795 corruptum
607 2751 690 2799 ΟΒ.
724 2770 768 2778 -
816 2753 889 2787 XI.
916 2752 1008 2787 Kal.
1034 2753 1175 2796 Mart.‚
1217 2761 1274 2785 am
1299 2752 1356 2786 19.
1374 2747 1554 2785 Februar.
1589 2762 1635 2770 -·
