1795 3043
540 70 852 118 EPISTOLA
887 71 1150 120 CCCXXV.
1473 77 1574 126 379

118 183 259 233 labat,
288 196 372 236 qua
400 185 523 225 illum
553 183 605 226 ad
635 183 905 227 concordiam
934 183 1150 227 hortabar.
1208 184 1293 224 Eas
1320 183 1354 223 sl
1384 195 1467 235 quo
1498 184 1574 222 illc

118 242 256 293 misit,
285 242 330 282 iu
360 242 533 294 publico
562 243 774 293 proponat
801 240 945 282 velim.
1001 242 1170 282 Alteras
1199 241 1344 282 eodem
1373 241 1442 281 die
1462 239 1572 287 dedi,

117 311 201 350 quo
232 299 307 339 has
336 298 387 339 ad
416 300 472 340 te.
529 297 624 339 Nou
654 298 772 351 potui
801 310 885 338 non
916 297 1037 349 dare,
1077 311 1205 348 quum
1234 300 1274 338 et
1303 299 1394 350 ipse
1424 297 1475 338 ad
1507 309 1575 336 me

118 356 356 407 scripsisset
386 357 427 396 et
454 355 624 396 Balbus.
684 356 841 396 Earum
871 356 1108 405 exemplum
1137 355 1189 394 ad
1218 357 1258 394 te
1288 355 1396 394 misi.
1455 354 1573 395 Nihil
1596 348 1624 386 2

117 413 302 453 arbitror
340 414 452 465 fore,
489 412 601 463 quod
630 411 929 464 reprehendas.
988 412 1033 452 Si
1062 424 1145 463 qua
1175 415 1321 464 erunt,
1361 412 1464 452 doce
1492 423 1575 462 me,

118 482 202 521 quo
225 469 344 509 modo
366 482 414 510 ea
434 466 617 522 effugere
634 469 805 521 possim.
853 468 986 517 Nihil,
1005 468 1185 520 inquies,
1204 470 1373 509 omnino
1395 470 1574 521 scripse-

117 527 190 568 ris.
253 527 333 574 Qui
364 527 495 578 magis
524 524 696 579 effugias
726 538 812 574 eos,
845 525 918 577 qui
943 526 1087 566 volent
1108 524 1296 578 fingere?
1354 527 1568 566 Verumta-

117 596 212 624 men
243 584 303 624 ita
333 584 505 635 faciam,
534 583 671 634 quoad
701 582 794 623 fieri
813 582 984 636 poterit.
1029 583 1148 630 Nam,
1173 582 1285 633 quod
1303 595 1368 622 me
1389 583 1572 623 hortaris

118 641 169 681 ad
188 640 431 681 memoriam
449 641 669 688 factorum,
693 640 920 687 dictorum,
939 640 1195 692 scriptorum
1216 640 1344 679 etiam
1368 651 1570 687 meorum,

117 699 222 739 facis
252 698 386 738 amice
411 700 456 736 tu
482 697 648 748 quidem
665 697 855 749 mihique
873 697 1172 750 gratissimum:
1202 697 1273 737 sed
1291 697 1396 737 mihi
1417 697 1572 736 videris

117 755 233 795 aliud
270 758 314 794 tu
354 755 575 794 honestum
617 767 764 806 meque
806 755 978 806 dignum
1016 755 1059 794 in
1099 755 1180 794 hac
1212 767 1338 795 causa
1367 753 1573 802 iudicare,

116 814 242 863 atque
272 824 347 864 ego
377 811 626 851 existimem.
684 811 793 852 Mihi
818 811 928 852 enim
948 812 1058 851 nihil
1075 812 1165 851 ulla
1185 811 1228 851 in
1249 812 1372 864 gente
1391 823 1573 863 unquam

116 868 169 909 ab
207 869 296 909 ullo
333 870 507 909 auctore
542 869 606 908 rei
645 869 842 921 publicae
873 881 923 909 ac
961 868 1069 909 duce
1099 869 1266 921 turpius
1292 868 1452 908 factum
1483 880 1573 908 esse

115 925 296 975 videtur,
321 938 444 976 quam
475 939 500 965 a
529 927 672 966 nostro
703 927 838 966 amico
869 927 1027 965 factum
1059 929 1142 973 est,
1174 926 1296 965 cuius
1329 937 1404 977 ego
1434 925 1572 965 vicem

115 982 259 1032 doleo3
302 983 377 1033 qui
416 982 565 1022 urbem
599 983 796 1034 reliquit,
827 982 870 1022 id
901 984 964 1022 est
993 982 1197 1034 patriam3
1237 995 1312 1032 pro
1344 994 1426 1032 qua
1457 983 1498 1021 et
1527 982 1569 1021 in

115 1051 198 1091 qua
237 1040 344 1080 mori
387 1041 654 1091 praeclarum
691 1040 786 1080 fuit.
856 1039 1057 1091 Ignorare
1098 1038 1204 1078 mihi
1240 1038 1422 1089 videris,
1463 1039 1570 1078 haec
1594 1039 1620 1078 3

114 1099 271 1147 quanta
309 1096 362 1136 sit
401 1097 557 1137 clades,
615 1097 674 1137 Es
709 1096 822 1135 enim
863 1096 987 1137 etiam
1025 1108 1139 1136 nunc
1176 1095 1289 1136 domi
1325 1097 1435 1134 tuae.
1488 1095 1571 1135 Sed

114 1153 258 1193 invitis
289 1153 581 1205 perditissimis
611 1153 851 1193 hominibus
881 1165 970 1192 esse
1001 1153 1156 1193 diutius
1182 1164 1265 1192 non
1288 1155 1419 1205 potes.
1477 1152 1572 1193 Hoc

114 1210 331 1262 miserius,
371 1210 452 1250 hoc
491 1210 656 1263 turpius
696 1210 956 1261 quidquam?
1021 1210 1230 1263 vagamur
1268 1211 1437 1262 egentes
1475 1222 1572 1250 cum

114 1267 365 1319 coniugibus
404 1268 446 1306 et
484 1268 644 1308 liberis.
702 1268 751 1306 In
782 1268 908 1307 unius
946 1268 1129 1307 hominis
1156 1267 1380 1317 quotannis
1408 1266 1576 1317 pericu-

113 1325 202 1363 lose
233 1323 486 1376 aegrotantis
516 1324 655 1364 anima
682 1324 839 1375 positas
872 1336 1014 1363 omnes
1042 1326 1206 1363 nostras
1229 1336 1324 1375 spes
1354 1323 1571 1371 habemus,

114 1393 195 1420 non
228 1380 413 1431 expulsi,
462 1380 534 1420 sed
575 1380 738 1420 evocati
769 1393 792 1420 e
821 1380 985 1432 patria3
1043 1393 1170 1432 quam
1209 1393 1293 1420 non
1325 1379 1573 1420 servandam

115 1437 166 1477 ad
219 1437 400 1476 reditum
453 1439 666 1484 nostrum,
716 1437 786 1476 sed
827 1437 1109 1489 diripiendam
1152 1438 1194 1477 et
1233 1437 1571 1477 inflammandam

112 1493 373 1545 reliquimus.
434 1494 499 1534 Ita
538 1494 660 1533 multi
703 1493 922 1533 nobiscum
950 1495 1067 1543 sunt,
1116 1495 1273 1533 nonin
1303 1494 1572 1541 suburbanis,

115 1564 196 1590 non
234 1551 279 1590 in
314 1550 473 1596 hortis,
522 1562 605 1590 non
643 1550 687 1589 in
726 1550 816 1601 ipsa
856 1549 983 1590 urbe:
1043 1551 1085 1590 et
1122 1550 1158 1590 si
1187 1563 1301 1591 nunc
1330 1552 1451 1599 sunt,
1489 1563 1572 1591 non

115 1609 251 1649 erunt.
307 1606 392 1647 Nos
421 1608 583 1647 interea
622 1619 675 1647 ne
706 1606 876 1659 Capuae
906 1607 1097 1659 quidem,
1138 1607 1212 1648 sed
1241 1608 1472 1650 Luceriae:
1533 1611 1575 1648 et

81 1736 83 1739 .
114 1719 283 1761 rebatur,
318 1717 354 1751 id
382 1717 482 1761 quod
506 1728 615 1753 secus
631 1717 791 1752 videtur.
820 1719 1015 1752 ORELLI.
1052 1717 1252 1753 S.Ramsh.
1279 1720 1401 1762 §.150‚
1426 1722 1461 1763 3,
1487 1721 1575 1754 Not.

114 1765 257 1799 Grotef.
289 1764 316 1807 §.
330 1765 411 1799 267.
447 1783 490 1789 —-
546 1765 621 1799 Eas
652 1764 793 1799 literas.
829 1783 872 1789 —-
930 1767 968 1797 in
996 1765 1143 1808 publico
1171 1776 1301 1809 prop„
1340 1766 1408 1799 der
1433 1777 1577 1809 ganzen

112 1812 217 1845 Welt
241 1810 432 1854 vorlegen.
459 1829 503 1835 -
562 1810 646 1844 Non
666 1813 771 1854 potui
794 1822 864 1844 non
887 1822 934 1844 =
958 1810 1019 1844 ich
1042 1810 1183 1844 konnte
1209 1811 1310 1845 nicht
1335 1812 1480 1855 umhin3
1516 1813 1575 1846 ich

113 1864 262 1891 musste.
296 1856 334 1890 S.
361 1856 509 1889 Ramsh.
535 1857 657 1900 §.173‚
681 1858 715 1899 3,
740 1867 771 1889 a.
806 1857 952 1892 Grotef.
979 1858 1161 1899 §.337.——
1209 1858 1370 1901 Balbus,
1402 1859 1463 1893 ein
1480 1859 1577 1895 Ver-

114 1911 254 1937 trauter
289 1902 353 1936 des
387 1903 530 1935 Casars.
580 1901 619 1936 S.
658 1913 714 1947 ep.
737 1903 792 1936 28.
819 1904 895 1938 136.
922 1904 1000 1937 146.
1028 1905 1105 1938 173.
1131 1903 1210 1938 211.
1236 1904 1314 1939 294.
1340 1905 1439 1947 298„
1483 1905 1577 1939 iiber

113 1950 242 1983 diesen
273 1948 363 1982 Luc.
391 1947 539 1982 Cornel.
565 1949 671 1982 Balb.
707 1948 796 1991 vgl.
830 1950 929 1984 Orat.
956 1960 1026 1994 pro
1049 1950 1159 1984 Balb.
1187 1961 1218 1984 c.
1244 1951 1289 1986 28
1323 1952 1397 1985 und
1421 1950 1505 1985 hier
1529 1961 1576 1986 zu

114 1995 253 2041 ep.239
282 1995 330 2027 im
354 1994 437 2028 Anf.
462 2014 507 2019 —
553 1995 773 2039 exemplum,
807 1995 890 2029 eine
916 1996 1110 2030 Abschrift
1136 1996 1268 2031 davon.

204 2041 239 2074 2.
281 2039 351 2075 Qui
376 2066 383 2074 .
402 2066 410 2074 .
432 2066 440 2074 .
465 2041 630 2083 fingere?
677 2040 764 2075 VVie
790 2041 929 2075 konnte
953 2041 1013 2075 ich
1039 2042 1203 2076 dadurch
1228 2043 1311 2077 dem
1338 2043 1453 2077 bosen
1478 2043 1578 2077 Leu-

112 2087 225 2122 mund
251 2086 318 2120 der
343 2087 546 2120 Menschen
571 2087 676 2120 mehr
701 2088 904 2130 entgehen,
943 2088 1004 2122 die
1034 2088 1106 2122 mir
1130 2099 1204 2121 nun
1229 2089 1392 2123 einmahl
1415 2089 1577 2123 Allerlei

114 2133 314 2168 andichten
344 2133 512 2167 wellen?
553 2133 645 2177 Vgl.
677 2144 735 2178 ep.
759 2135 840 2177 320,
867 2134 900 2168 2.
943 2136 1023 2177 307,
1049 2136 1083 2170 3.
1124 2136 1204 2175 308,
1229 2137 1262 2169 3.
1293 2154 1339 2161 —-
1391 2136 1495 2169 aliud
1528 2161 1536 2169 .
1565 2160 1573 2168 .

114 2184 237 2223 aeque,
278 2179 407 2213 Etwas
437 2178 613 2221 anderes,
641 2204 670 2213 ..
690 2205 697 2212 .
724 2179 792 2214 als.
840 2179 879 2214 S.
905 2179 1052 2214 Ramsh.
1078 2181 1106 2224 §.
1122 2182 1201 2224 179,
1225 2181 1271 2224 B,
1298 2193 1330 2223 a,
1355 2182 1389 2216 4.
1431 2181 1574 2215 Grotef.

113 2227 194 2261 385.
218 2226 298 2260 386.
323 2244 367 2250 -
422 2230 552 2258 auctor
576 2227 632 2259 rei
651 2236 712 2269 p.‚
746 2226 806 2259 ein
838 2236 991 2270 grosser
1021 2226 1265 2261 staatsmann.
1291 2248 1338 2254 —
1395 2239 1418 2262 α
1451 2231 1576 2261 nostro

115 2274 256 2314 amico,
287 2270 485 2315 Pompeio.
509 2290 554 2297 —
596 2272 833 2315 praeclarum
857 2272 938 2306 scil.
967 2272 1040 2317 ipsi
1064 2273 1135 2314 fuit
1159 2280 1204 2307 st.
1231 2274 1356 2308 fuerit.

204 2319 240 2352 3.
276 2327 350 2350 esse
381 2317 460 2351 scil.
485 2317 540 2351 ibi
574 2327 604 2352 s.
631 2317 741 2351 domi.
769 2337 813 2342 —
861 2319 940 2352 Hoc
964 2331 1010 2351 z
1033 2330 1142 2361 quam
1168 2320 1249 2354 hoc.
1276 2340 1320 2345 —
1371 2319 1577 2362 Vagamur,

115 2363 188 2396 wir
222 2362 322 2396 irren
355 2364 495 2396 umber.
518 2382 561 2388 —
610 2366 717 2396 unius
749 2363 926 2403 hominis,
964 2366 1150 2409 Pompeii.
1171 2384 1217 2391 —-
1259 2368 1402 2411 positas
1428 2392 1458 2400 ..
1476 2391 1484 2399 .
1511 2365 1576 2397 ha-

115 2411 248 2443 bemus.
283 2407 320 2442 S.
337 2408 488 2442 Ramsh.
516 2410 545 2453 §.
560 2410 639 2452 171,
666 2410 717 2443 11.
735 2411 780 2444 A.
809 2410 954 2444 Grotes.
980 2412 1099 2454 §.324
1115 2430 1160 2436 —
1184 2423 1255 2445 non
1280 2412 1421 2456 expulsi
1443 2423 1465 2445 a
1484 2411 1578 2444 Cae-

113 2466 218 2497 sare,
251 2454 313 2488 sed
337 2464 357 2487 a
377 2455 559 2499 Pompeio
585 2457 737 2490 evocati.
765 2476 807 2480 —
856 2458 966 2501 ‹lii-ip.
993 2461 1026 2490 et
1052 2459 1247 2501 inflamma,
1272 2458 1346 2492 wie
1373 2469 1430 2501 ep.
1445 2457 1577 2490 CCCX

115 2501 163 2535 im
191 2500 273 2534 Ans.
300 2519 344 2524 —
391 2502 449 2535 lta
473 2502 581 2534 multi
606 2529 635 2536 ..
652 2528 659 2536 .
687 2513 757 2535 non
782 2507 884 2536 erunt
917 2503 938 2538 i.
965 2513 998 2537 e.
1032 2505 1162 2538 urbem
1187 2503 1432 2549 diripiendam
1459 2508 1496 2536 et
1521 2502 1577 2536 in-

117 2546 368 2581 flammandam
402 2546 640 2592 reliquimus3
680 2548 773 2582 adeo
807 2549 912 2582 multi
946 2549 1136 2585 nobiscum
1163 2556 1264 2592 sunt,
1296 2550 1358 2593 qui
1384 2548 1575 2582 nobiscum

116 2600 154 2627 et
178 2604 258 2627 cum
271 2592 453 2636 Pompeio
479 2592 599 2637 fugam
625 2594 923 2638 capessiverunt,
951 2606 1023 2630 non
1048 2602 1259 2630 manserunt
1285 2595 1321 2629 in
1340 2594 1576 2636 suburbanis,

117 2649 190 2672 non
222 2638 259 2672 in
293 2638 410 2672 hortis
443 2640 557 2680 (unde
587 2640 635 2673 ob
659 2640 888 2675 vicinitatem
915 2641 999 2676 urbi
1023 2653 1242 2678 succurrere
1267 2642 1455 2686 possent),
1500 2651 1574 2674 non

118 2685 154 2718 in
182 2685 261 2729 ipsa
288 2685 377 2718 urbe
404 2685 568 2727 (Roma),
596 2690 627 2718 et
652 2687 685 2719 si
710 2698 801 2721 nunc
827 2692 909 2720 sunt
934 2689 968 2722 h.
985 2699 1016 2722 e.
1041 2686 1153 2731 siqui
1172 2688 1415 2721 uuncRomae
1432 2697 1574 2721 reman-

119 2737 266 2774 serunt,
301 2741 372 2764 non
398 2738 525 2774 erunt,
561 2732 626 2766 sed
652 2733 775 2778 potius
801 2744 868 2768 nos
894 2734 1078 2778 fugientes
1102 2739 1314 2778 sequentur.
1355 2733 1419 2769 Sis
1445 2733 1572 2779 paullo
