1795 3043
563 68 875 117 EPISTOLA
913 69 1045 116 CCL.
1443 76 1541 128 177

71 184 216 225 literas
245 196 373 224 meas.
432 181 515 222 Sed
551 182 595 222 id
633 182 716 223 seci
746 181 951 222 adductus
988 182 1243 224 auctoritate
1281 185 1322 225 et:
1362 187 1541 228 consilio

73 244 166 283 tuo:
206 240 334 292 idque
366 253 390 280 a
419 250 485 278 me
516 242 634 279 recte
663 239 824 279 factum
852 242 977 290 puto,
1020 240 1128 290 quod
1168 253 1251 280 non
1282 244 1449 296 statim,
1493 247 1541 285 ut

72 299 312 351 appellatus
343 298 573 349 imperator
603 297 696 344 sim,
727 296 801 336 sed
831 296 927 335 aliis
957 294 1082 336 rebus
1102 297 1257 338 additis
1284 299 1539 353 aestivisque

74 356 280 396 consectis
321 355 469 395 literas
510 353 709 393 miserim.
779 352 899 393 Haec
938 352 1070 404 igitur
1110 354 1191 394 tibi
1231 359 1356 397 erunt
1395 371 1538 407 curae,

73 412 419 464 quemadmodum
447 410 653 451 ostendis:
683 421 836 462 meque
860 409 994 450 totum
1025 410 1067 450 et
1095 422 1189 452 mea
1219 413 1261 452 et
1290 426 1404 456 meos
1433 428 1542 458 com-

74 469 292 510 mendatos
319 466 512 510 habebis.

326 617 639 666 EPISTOLA
676 618 810 664 cci..
856 617 939 678 (aa
971 618 1063 664 Λα.
1098 618 1153 665 v.
1189 620 1290 678 21.)

244 704 326 742 Ser.
351 705 563 741 Laodiceae
588 705 685 741 Idib.
710 705 824 741 Febr.
848 705 894 741 A.
920 705 966 741 U.
993 706 1036 741 C.
1063 691 1142 742 704.
1168 708 1216 750 (a.
1243 708 1282 742 C.
1300 707 1373 752 50.)

76 774 204 809 Attico
240 775 278 809 in
308 775 465 820 Epirum
496 774 679 819 profecto.
712 776 746 808 1.
803 773 934 808 scribit
967 774 1014 808 de
1044 775 1233 811 Parthicis
1264 777 1391 812 rebus.
1416 778 1449 814 2.
1499 780 1546 814 de

76 829 176 855 metu
203 832 287 860 su0‚
324 832 370 855 ne
395 821 468 855 sibi
493 820 690 865 provincia
713 827 953 865 prorogetur.
970 823 1095 857 3—4.
1145 822 1191 856 de
1223 825 1415 868 pantheris
1446 836 1467 860 a
1490 827 1543 861 M.

78 867 207 902 Caelio
233 868 443 912 postulatis.
471 868 504 902 5.
556 867 602 901 de
626 867 843 912 provinciae
869 878 957 901 suae
981 867 1313 905 administratione.
1339 873 1371 906 6.
1398 874 1428 907 7.
1453 874 1486 907 8.
1510 874 1546 907 9.

78 913 125 948 de
149 913 294 960 Scaptii
317 914 471 959 negotio
497 925 578 947 cum
605 913 816 947 Salaminiis
849 913 1083 948 debitoribus
1116 926 1165 949 ex
1197 916 1324 962 Cypro
1349 920 1406 954 10.
1428 921 1546 956 -13,

498 960 544 994 de
571 959 792 1003 quibusdam
818 959 1046 995 domesticis.
1073 960 1129 996 14.

575 1029 762 1063 CICERO
793 1029 986 1064 ATTICO
1013 1027 1053 1064 S.

193 1097 254 1139 Te
283 1099 327 1140 in
358 1099 537 1152 Epirum
575 1100 737 1140 salvum
765 1099 930 1141 venisse
969 1101 1035 1152 et,
1075 1101 1123 1140 ut
1161 1099 1338 1154 scribis,
1377 1114 1430 1144 ex
1458 1117 1550 1145 sen-

82 1154 216 1198 tentia
244 1156 460 1210 navigasse
490 1157 760 1198 vehementer
797 1157 980 1209 gaudeo:
1020 1169 1106 1197 non
1146 1170 1238 1198 esse
1267 1159 1426 1201 Romae
1454 1174 1548 1202 meo

82 1218 272 1265 tempore
300 1214 616 1266 pernecessario
647 1214 904 1255 submoleste
934 1215 1046 1254 fero:
1077 1215 1159 1255 hoc
1190 1227 1257 1255 me
1287 1219 1426 1258 tamen
1451 1231 1548 1259 con-

83 1274 216 1312 solor:
246 1283 331 1310 non
362 1283 484 1323 spero
515 1273 557 1310 te
587 1271 685 1312 istic
714 1271 898 1312 iucunde
916 1271 1102 1310 hiemare
1133 1273 1175 1311 et
1204 1272 1387 1313 libenter
1406 1277 1547 1326 requi-

85 1341 243 1369 escere.
303 1327 483 1379 Cassius,
511 1328 644 1367 frater
673 1329 720 1375 Q.
737 1328 882 1376 Cassii,
910 1327 1133 1368 familiaris
1161 1329 1247 1378 tui,
1276 1331 1548 1381 pudentiores
1570 1343 1598 1382 2

83 1387 180 1426 illas
209 1385 354 1425 literas
383 1385 574 1431 miserat,
606 1405 665 1413 -—
694 1384 746 1424 de
775 1385 929 1436 quibus
958 1386 1005 1424 tu
1031 1397 1082 1424 ex
1109 1397 1175 1424 me
1204 1387 1405 1440 requiris,
1446 1391 1549 1443 quid

85 1443 170 1483 sibi
199 1440 412 1483 voluerint
438 1463 490 1470 —
522 1453 648 1492 quam
676 1453 772 1493 eas,
807 1454 910 1493 quas
940 1443 1088 1493 postea
1114 1442 1252 1495 misit,
1291 1445 1445 1495 quibus
1472 1459 1552 1499 per

1489 1534 1543 1542 —-

86 1577 147 1599 um
173 1566 266 1599 iiber
290 1563 403 1598 deren
420 1563 585 1607 Antrage
611 1574 644 1598 u.
660 1563 850 1607 Vortriige
875 1574 920 1597 zu
943 1565 1266 1610 berathschlagen.
1283 1587 1328 1593 —-
1358 1574 1398 1604 ut
1419 1583 1467 1605 =
1491 1583 1552 1607 so-

86 1612 186 1646 bald.
210 1629 255 1635 —
307 1611 518 1653 imperator.
564 1608 603 1644 S.
637 1620 696 1654 ep.
725 1611 982 1655 CCXXVIII,
1007 1613 1040 1647 3.
1067 1631 1112 1637 -—
1155 1614 1244 1648 aljis
1274 1616 1381 1650 rebus
1413 1620 1552 1653 addim-3

87 1658 211 1692 aestiv.
237 1657 430 1699 confectis,
456 1656 552 1689 liter.
578 1656 680 1698 mis,
705 1657 867 1690 sondern
893 1664 970 1691 erst
986 1659 1078 1692 nach
1095 1659 1344 1706 Beendigung
1363 1663 1427 1698 des
1441 1665 1553 1700 Feld..

85 1714 200 1747 zuges
224 1703 296 1736 den
320 1702 476 1736 Bericht
499 1713 543 1735 an
569 1702 640 1735 den
666 1702 781 1737 Senat
813 1704 1008 1746 absandte,
1048 1716 1108 1738 um
1142 1705 1206 1739 das
1239 1708 1374 1742 weiter
1399 1712 1555 1756 vorge..

85 1751 223 1784 fallene
249 1749 407 1792 anstigen
432 1758 479 1782 zu
502 1748 650 1782 konnen
685 1748 722 1784 S.
741 1761 796 1794 ep.
809 1750 1085 1793 CCXXVII,3.
1113 1751 1333 1796 CCXXLI.
1361 1757 1552 1802 CCXVII,

87 1799 121 1832 3.
148 1796 321 1838 CCXIV,
339 1797 371 1829 1.
388 1814 433 1819 —
467 1795 665 1838 quemadm.
693 1796 863 1840 ostendis,
887 1796 962 1830 wie
987 1797 1049 1830 Du
1065 1797 1167 1831 Dich
1191 1799 1285 1833 dazu
1309 1803 1462 1847 geneigt
1489 1806 1553 1839 be..

88 1842 219 1886 zeigst.
237 1861 280 1867 —
310 1852 391 1874 mea
415 1851 494 1874 was
519 1840 615 1874 mich
641 1843 788 1885 angeht.
827 1844 1121 1877 commendatos?
1145 1854 1173 1878 s.
1189 1844 1337 1881 Ramsh.
1365 1849 1551 1893 §.96,2‚c.

90 1888 234 1924 Grotef.
262 1888 384 1931 §.208‚
400 1887 437 1921 d.
465 1887 558 1921 uber
582 1887 704 1922 habeb.
731 1888 798 1923 mit
822 1889 858 1923 d.
872 1889 1056 1934 Particip.
1071 1890 1174 1925 Pers.
1190 1892 1330 1936 passivi
1355 1905 1384 1929 s.
1403 1896 1551 1934 Ramsh.

89 1935 119 1979 §.
134 1936 214 1978 171,
229 1934 279 1977 11,
294 1935 342 1976 A,
358 1935 392 1968 2.
431 1933 576 1968 Grotef.
601 1934 629 1977 §.
649 1935 729 1970 324.

181 1993 213 2025 1.
246 1993 293 2024 1η
321 1992 489 2035 Epirum.
528 1990 568 2025 S.
596 2002 656 2035 ep.
677 1991 836 2034 CCXX,
855 1993 889 2026 1.
922 1992 1180 2038 CCXXVIII,
1197 1997 1230 2030 7.
1247 1997 1281 2031 9.
1297 1970 1349 2023 -Ι
1379 2009 1423 2032 ex
1446 2005 1552 2045 sent„

90 2038 183 2072 nach
208 2039 387 2071 VVunsch.
426 2038 522 2072 Ueb.
547 2038 690 2079 gaudeo
715 2038 782 2072 mit
806 2039 840 2072 d.
867 2039 976 2073 Infin.
1003 2052 1034 2074 c.
1061 2052 1180 2075 accus.
1207 2052 1236 2077 s.
1256 2043 1405 2078 Ramsh.
1431 2047 1554 2089 §.168‚

90 2084 185 2127 13‚3.
213 2083 356 2118 Grotef.
383 2085 414 2127 §.
432 2085 513 2118 308.
530 2085 561 2118 3.
580 2085 687 2118 Aum.
707 2085 739 2118 l.
761 2104 802 2109 —
834 2096 912 2118 meo
937 2090 1040 2130 temp.
1064 2098 1223 2130 ρετ-παι,
1257 2100 1367 2129 quum
1393 2092 1439 2125 de
1465 2105 1555 2138 pro-

92 2130 225 2164 vinciis
251 2137 382 2174 agetur
408 2130 566 2164 Kalend.
582 2130 744 2165 Martiis.
771 2131 815 2165 cf.
834 2131 1083 2168 CCXXVIII.
1107 2134 1314 2170 MANUT.
1347 2147 1424 2181 „zu
1450 2140 1557 2174 einer

93 2177 191 2220 Zeit,
215 2188 276 2210 wo
301 2177 366 2210 Du
390 2176 461 2210 mir
487 2177 573 2210 dort
595 2188 637 2211 so
663 2176 794 2221 nothig
818 2178 1025 2212 warest.-
1062 2179 1129 2213 hoc
1152 2180 1273 2215 weis’t
1297 2184 1363 2218 auf
1381 2183 1454 2218 den
1466 2186 1555 2221 Satz

91 2234 164 2255 non
187 2233 291 2266 spero
317 2228 387 2256 cet.
411 2223 562 2257 Ramsh.
586 2223 614 2266 §.
630 2223 803 2266 204,3,b.
845 2224 971 2258 Ueber
994 2235 1094 2258 meus
1117 2226 1266 2262 Ramsh.
1292 2229 1319 2271 §.
1336 2230 1415 2271 158,
1429 2233 1463 2266 4.
1495 2234 1555 2266 An

93 2268 291 2302 delendum
316 2269 413 2302 non?
437 2269 549 2303 Certe
571 2280 701 2314 parum
726 2270 888 2303 urbanus
914 2276 970 2304 est
994 2271 1098 2306 iocus
1124 2283 1205 2306 cum
1228 2275 1439 2318 negatione.
1478 2279 1557 2315 Vel

94 2315 312 2357 legendum:
349 2315 442 2358 quod
465 2326 588 2360 spero,
623 2322 662 2350 ut
695 2326 744 2350 ex
774 2315 895 2349 animo
927 2316 1115 2360 loquatur.
1134 2338 1152 2345 -
1191 2321 1286 2363 quod
1310 2333 1381 2355 non
1413 2325 1555 2366 (Oxou.

95 2362 168 2402 13³)
203 2361 290 2394 Asc.
308 2361 338 2394 1.
374 2361 474 2394 Crat.
497 2362 624 2396 Lamb.
649 2362 748 2397 Oliv.
783 2362 979 2397 ORELLI.
996 2383 1041 2389 —
1078 2368 1111 2398 et
1135 2365 1288 2400 libenter
1320 2370 1554 2412 requiescere.

95 2407 197 2440 Haec
221 2406 374 2439 aberant
398 2417 419 2440 a
444 2407 509 2442 Cd.
529 2408 655 2442 Ursini
679 2408 813 2453 probb.
840 2409 942 2453 ipso,
968 2410 1141 2456 Mureto,
1165 2412 1410 2458 IuniorErn.
1436 2417 1554 2454 delev.

96 2453 182 2489 Sch.
208 2452 302 2486 Lun.
336 2452 454 2486 Recte
477 2454 631 2488 retinuit
653 2455 803 2489 Bentiv.
830 2455 906 2490 ΟΒ.

187 2499 219 2532 2.
254 2498 293 2532 C.
323 2498 484 2532 Cassius.
524 2499 562 2535 S.
590 2511 635 2534 zu
662 2512 722 2545 ep.
739 2501 894 2536 CCXLI
917 2501 966 2535 im
991 2503 1077 2537 Ans.
1097 2523 1137 2529 —
1174 2504 1215 2539 Q.
1238 2505 1381 2549 Cassii,
1411 2507 1479 2541 der
1503 2509 1558 2544 ais

101 2544 349 2580 Volkstribun
380 2544 446 2578 mit
469 2545 596 2580 seinen
622 2547 804 2591 Collegen
834 2549 884 2582 M.
902 2549 1088 2583 Antonius
1113 2560 1151 2584 u.
1179 2551 1219 2584 C.
1237 2552 1352 2585 Curio
1378 2554 1443 2588 705
1475 2564 1559 2589 zum

101 2591 215 2625 Casar
241 2591 435 2634 iiberging.
454 2609 497 2616 —
524 2593 692 2636 pudent„
725 2594 1019 2628 bescheidneren
1038 2595 1157 2631 Brief.
1202 2599 1457 2640 prudentiores
1480 2601 1558 2637 Md.

103 2638 226 2671 Oxon.
243 2638 276 2670 2.
313 2638 401 2671 Asc.
420 2638 452 2670 l.
488 2638 587 2672 Crat.
614 2638 741 2673 Lamb.
767 2640 988 2674 Emendavit
1011 2642 1158 2677 Victor.
1178 2660 1221 2666 —
1266 2644 1309 2676 de
1342 2645 1470 2688 quibus
1497 2673 1505 2681 .
1524 2673 1532 2681 .
1550 2675 1559 2683 .

102 2684 189 2727 quid
211 2683 283 2716 sibi
307 2683 507 2726 voluerint,
540 2684 632 2718 iiber
656 2686 800 2720 welche
825 2687 888 2720 Du
913 2686 999 2720 eine
1022 2688 1160 2721 nahere
1185 2689 1371 2724 Auskunft
1395 2702 1466 2726 von
1492 2694 1563 2728 mir

106 2729 310 2773 verlangst,
343 2735 479 2764 statt:
507 2740 596 2774 quae
623 2757 654 2765 ..
681 2732 768 2776 quid
791 2732 864 2766 sibi
887 2733 1079 2768 voluerint.
1101 2752 1146 2759 -
1176 2734 1245 2768 Illi
1258 2736 1403 2782 Parthi,
1428 2750 1506 2775 was
1525 2740 1564 2776 in

141 2792 208 2819 Cic.
230 2790 342 2818 Briefe
366 2801 396 2819 v.
422 2792 565 2820 Billerb.
599 2795 639 2820 11.
1234 2797 1291 2836 12
