1795 3043
416 78 729 126 EPISTOLA
765 76 943 128 CCLX.
989 76 1190 124 CCLXI.
1435 82 1536 128 223

270 194 585 242 EPISTOLA
621 193 793 239 CCLX.
839 192 921 252 (ad
956 193 1060 238 Div.
1097 189 1232 238 XIII.
1269 191 1338 249 3.)

199 280 279 317 Ser.
303 282 514 319 Laodiceae
540 287 625 316 ante
649 281 746 317 Non.
771 279 860 315 Mai.
887 281 933 314 A.
959 279 1007 315 U.
1033 281 1073 314 C.
1094 280 1173 315 704.
1199 281 1248 323 (a.
1273 278 1316 313 C.
1339 276 1414 320 50.)

448 351 494 384 Α.
520 350 665 384 Fufium
692 349 897 393 diligenter
923 349 1165 383 commendat.

555 418 742 454 CICERO
775 417 988 453 MEMMIO
1022 417 1061 452 S.

185 477 237 520 A.
259 477 438 530 Fufium,
466 490 597 518 unum
625 491 676 519 ex
701 478 804 518 meis
826 477 1001 524 intimis,
1022 473 1432 516 observantissimum
1453 473 1537 514 stu-

73 533 436 587 diosissimumque
465 535 614 583 nostri,
647 535 859 575 eruditum
888 534 1103 573 hominem
1133 534 1174 572 et
1204 545 1365 572 summa
1394 533 1538 572 huma-

73 592 208 632 nitate
236 595 392 644 tuaque
420 592 606 632 amicitia
628 591 915 645 dignissimum
939 591 1067 631 velim
1088 590 1148 629 ita
1168 591 1338 636 tractes,
1365 590 1412 628 ut
1432 589 1538 629 mihi

75 662 219 689 coram
247 649 460 701 recepisti.
517 650 621 689 Tam
651 651 818 701 gratum
848 649 952 688 mihi
982 647 1027 687 id
1056 648 1151 694 erit,
1175 658 1297 698 quam
1319 646 1429 697 quod
1446 658 1539 698 gra-

74 706 293 746 tissimum.
350 707 492 757 Ipsum
521 708 742 758 praeterea
770 717 929 746 summo
959 704 1103 746 officio
1134 705 1176 744 et
1205 715 1366 744 summa
1395 701 1538 743 obser-

74 763 219 803 vantia
246 762 326 803 tibi
351 763 399 804 in
428 764 682 816 perpetuum
715 763 969 806 devinxeris,

277 910 592 958 EPISTOLA
627 912 828 958 CCLXI.
865 912 947 971 (ad
980 912 1086 957 Div.
1110 911 1194 957 ΙΙΙ.
1226 910 1333 969 10.)

167 998 248 1034 Ser.
274 998 485 1032 Laodiceae
508 998 617 1032 initio
642 999 779 1033 mensis
804 997 892 1033 Mai.
918 999 962 1033 Α.
989 1000 1036 1033 U.
1065 999 1103 1034 C.
1132 999 1209 1034 704.
1238 1001 1284 1043 (a.
1311 997 1352 1032 C.
1377 997 1448 1041 5⁰.)

77 1066 219 1103 Scribit
251 1078 291 1101 se
317 1067 481 1111 Appium
512 1078 533 1100 a
558 1067 760 1101 Dolabella
791 1072 999 1100 accusatum
1024 1068 1183 1101 moleste
1208 1068 1326 1109 serre,
1359 1072 1459 1100 certe
1486 1069 1542 1100 ta-

76 1125 158 1147 men
183 1124 337 1165 sperare
361 1114 443 1146 fore
469 1119 507 1146 ut
532 1114 768 1154 absolvatur,
804 1113 841 1145 111
866 1124 986 1155 eoque
1011 1114 1182 1158 periculo
1209 1113 1333 1147 omnia
1358 1113 1392 1146 ei
1417 1113 1543 1147 officia

75 1159 274 1212 promittit.
300 1160 377 1192 1—
393 1160 426 1194 4.
475 1160 626 1193 Deinde
650 1138 878 1202 legationes,
904 1159 1021 1204 Appii
1046 1159 1220 1193 laudandi
1246 1171 1330 1193 caus
1335 1170 1355 1192 a
1380 1170 1426 1192 ex
1454 1170 1543 1203 pro-

75 1206 198 1239 vincia
224 1205 292 1239 mis
296 1216 373 1248 sas,
408 1216 429 1239 a
459 1216 499 1238 59
532 1205 728 1258 impeditas
763 1216 836 1238 non
868 1217 906 1239 es
911 1217 950 1239 59
983 1207 1107 1240 multis
1139 1206 1267 1240 verbis
1300 1205 1542 1239 demonstrat.

77 1231 490 1286 5—6.nar1at'ionem
515 1252 561 1285 de
588 1252 633 1285 iis
639 1262 769 1294 ,quae
793 1262 862 1295 pro
880 1252 997 1296 Appii
1024 1252 1205 1296 dignitate
1231 1251 1354 1296 egerit
1378 1257 1416 1285 et
1439 1257 1544 1285 actu-

170 1308 234 1332 rus
260 1298 328 1340 511,
359 1297 541 1341 adiungit.
567 1300 587 1331 7
603 1300 714 1331 —10.
772 1308 930 1340 eumque
954 1309 1043 1332 mox
1067 1309 1263 1333 censorem
1289 1299 1452 1332 futurum

646 1354 729 1377 esse
756 1350 891 1386 sperat.
918 1345 974 1377 ll.

330 1399 383 1433 M.
419 1400 464 1433 Τ.
500 1400 684 1434 CICERO
715 1400 872 1434 APPIO
904 1400 1143 1435 PULCHRO
1176 1399 1216 1435 S.
1248 1401 1298 1435 D.

192 1458 330 1506 Quum
360 1459 421 1497 est
452 1458 502 1498 ad
532 1471 607 1498 nos
638 1459 810 1499 allatum
840 1458 890 1499 de
916 1459 1154 1499 temeritate
1178 1472 1335 1510 eornm,
1363 1459 1434 1512 qui
1463 1458 1544 1501 tibi

80 1516 295 1568 negotium
326 1516 603 1562 facesserent,
645 1515 723 1554 etsi
753 1515 938 1567 graviter
966 1516 1102 1568 primo
1132 1518 1280 1557 nuntio
1311 1519 1544 1557 commotus

80 1586 193 1620 sum,
225 1571 338 1622 quod
367 1571 477 1610 nihil
507 1573 594 1610 tam
623 1573 792 1623 praeter
821 1572 1062 1623 opinionem
1092 1585 1226 1613 meam
1248 1574 1441 1614 accidere
1469 1586 1544 1625 po-

81 1630 185 1669 tuit:
214 1630 381 1675 tamen,
413 1630 461 1667 ut
490 1640 556 1667 me
587 1628 765 1681 collegi,
799 1631 940 1669 cetera
970 1629 1077 1670 mihi
1104 1630 1314 1671 facillima
1342 1630 1545 1671 videban-

79 1688 172 1733 tur,
206 1684 318 1736 quod
347 1686 388 1724 et
417 1685 462 1723 in
493 1686 535 1724 te
564 1684 654 1737 ipso
685 1685 908 1725 maximam
947 1699 1062 1738 spem
1091 1688 1133 1726 et
1162 1688 1206 1727 in
1237 1688 1321 1727 tuis
1349 1699 1545 1740 magnam

79 1741 306 1783 habebam:
334 1742 550 1793 multaque
580 1742 687 1782 mihi
715 1741 942 1783 veniebant
970 1743 1016 1783 in
1045 1746 1241 1796 mentem,
1271 1745 1547 1796 quamobrem

78 1799 203 1838 istum
230 1798 421 1839 laborem
449 1799 528 1838 tibi
559 1800 684 1839 etiam
716 1800 865 1839 honori
894 1801 1086 1852 putarem
1114 1801 1220 1841 fore.
1279 1801 1390 1841 Illud
1419 1803 1547 1853 plane

79 1857 253 1896 moleste
283 1856 382 1907 tuli,
419 1855 530 1906 quod
570 1856 851 1896 certissimum
890 1859 931 1897 et
968 1857 1242 1898 iustissimum
1280 1858 1546 1911 triumphum

173 1980 203 2012 1.
230 1980 278 2011 A.
295 1978 449 2019 Fufium,
477 1976 671 2011 Ciceronis
696 1960 876 2018 intimum,
894 1978 1080 2013 hominem
1107 1979 1304 2014 eruditum.
1330 1984 1377 2014 A.
1394 1982 1547 2018 Fusium

81 2023 172 2058 Cdd.
205 2023 293 2067 aliq.
327 2024 443 2066 (Bas.)
476 2024 576 2058 Crat.
608 2024 742 2058 Graev.
777 2025 971 2060 ORELLI.
1016 2025 1106 2060 Vid.
1138 2027 1269 2061 Pearc.
1307 2027 1352 2060 ad
1385 2028 1463 2062 Cic.
1499 2029 1548 2062 de

82 2071 186 2104 Orat.
210 2070 270 2112 11,
295 2070 350 2103 22.
372 2089 415 2094 —
464 2081 589 2103 coram
618 2081 756 2114 recep„
796 2071 985 2105 mundlich
1019 2073 1272 2115 versprochen
1307 2074 1398 2107 hast.
1452 2074 1551 2109 Hier

8 2121 13 2151 1=
79 2117 291 2150 vermuthet
324 2115 563 2157 Schmieder‚
599 2116 683 2150 dass
716 2117 816 2151 diess
855 2123 931 2151 erst
963 2117 1028 2151 anf
1050 2118 1215 2152 Cicero⁷s
1240 2120 1449 2154 Ruelreise
1480 2131 1547 2155 aus

82 2162 239 2196 Cilicien
265 2163 477 2206 gese-helien
503 2162 578 2195 und
603 2162 680 2195 fol¹⁷
658 2163 758 2205 glich
790 2162 870 2197 dies
875 2175 895 2197 e
924 2164 1176 2197 wiederholte
1202 2165 1432 2199 sehriltliche
1456 2167 1548 2201 Em·-

10 2252 11 2257 ,
80 2208 260 2259 pfehlung
292 2219 335 2241 an
367 2209 564 2242 Memmitst
601 2219 659 2242 91“5
654 2215 677 2241 t
712 2219 785 2242 von
823 2209 899 2242 ihm
930 2210 1041 2253 abges
1046 2210 1133 2243 andt
1165 2210 1237 2251 sei,
1275 2211 1329 2244 als
1357 2222 1397 2244 er
1429 2213 1547 2248 sehon

81 2252 223 2287 wieder
249 2253 286 2286 in
312 2254 380 2288 der
402 2255 507 2288 Nahe
532 2265 605 2288 von
622 2255 717 2288 Rom
742 2266 839 2289 war:
867 2255 963 2288 denn
989 2256 1081 2288 nach
1108 2267 1165 2300 ep.
1179 2257 1370 2300 CXCVII,
1384 2259 1415 2292 l.
1443 2259 1547 2292 hatte

11 2318 12 2323 =
84 2309 125 2332 er
149 2300 213 2332 aus
234 2299 300 2332 der
325 2300 499 2334 Hinreise
525 2301 596 2334 den
615 2301 811 2335 Memmius
838 2311 882 2334 zu
899 2302 1021 2336 Athen
1046 2301 1148 2335 1119111
1173 2304 1549 2346 anget10ffen‚nicht

12 2356 16 2370 =2
83 2346 328 2388 gesprochen.
347 2364 391 2370 —
438 2347 664 2387 devinaQerzs
704 2353 743 2381 ut
775 2353 811 2381 te
844 2348 881 2380 in
914 2353 1135 2392 perpetuum
1170 2360 1312 2383 summo
1350 2330 1476 2384 offi’cio
1508 2354 1546 2385 et

13 2420 16 2444 ἰ
84 2401 223 2424 summa
247 2391 483 2425 observantia
507 2394 624 2437 colat,
659 2394 813 2428 efficies.
840 2394 946 2428 SCH.

384 2447 536 2482 APPIO
566 2450 605 2484 P.
655 2449 693 2485 S.
719 2461 763 2484 zu
792 2462 850 2495 ep
872 2450 1054 2484 CLXXX
1079 2449 1127 2483 im
1152 2451 1238 2485 Ans.

175 2494 206 2526 l.
235 2493 277 2525 (Ie
303 2495 455 2527 temerit.
480 2506 621 2539 eet-,um
648 2497 873 2530 Dolabellae
900 2503 936 2530 et
961 2497 1049 2531 subs
1033 2496 1272 2541 scriptorum,
1301 2495 1363 2539 qni
1380 2497 1544 2543 Appium

7 2538 19 2562 «ἒ
83 2539 285 2572 maiestatis
319 2548 589 2575 accusaverant
623 2542 730 2577 SCH.
786 2542 824 2577 S.
859 2554 916 2587 ep.
945 2543 1179 2585 CCLV11‚2
1210 2555 1267 2576 am
1299 2543 1416 2577 Ende.
1472 2545 1544 2579 Um

17 2618 18 2627 ἶ
84 2583 189 2618 (11959
224 2585 309 2618 Zeit
339 2586 510 2620 verlobte
540 2588 614 2621 und
649 2589 854 2623 vermahlte
888 2589 967 2623 51911
1002 2589 1164 2623 Cicero⁷s
1190 2589 1373 2630 'loc-,lum
1405 2590 1544 2635 Tullia,

17 2632 18 2665 1
85 2630 200 2664 durch
234 2632 269 2665 1,
274 2631 514 2676 ermittelung
546 2634 609 2667 des
643 2635 791 2669 Caelius
827 2635 893 2668 mit
923 2634 1135 2668 Dolabella.
1177 2634 1215 2668 S.
1242 2634 1288 2668 ad
1317 2635 1446 2670 Iamil.
1470 2637 1543 2681 ΙΙΙ,

18 2679 22 2705 ¹.
85 2677 141 2720 12,
162 2677 196 2710 2.
222 2677 331 2718 VIII,
354 2678 388 2712 6.
406 2697 449 2702 —
489 2684 607 2720 negot.
635 2682 728 2723 fac,
764 2681 884 2715 Einen
916 2681 1152 2724 behelligen,
1191 2681 1253 2714 ihu
1280 2680 1475 2726 anklagen.
1498 2700 1543 2707 —-

22 2733 23 2743 ¹
85 2726 122 2753 ut
145 2734 190 2756 Ξ
216 2723 326 2757 simul
352 2730 401 2758 ut.
425 2743 469 2750 —
513 2725 552 2758 in
577 2726 668 2769 tuis,
700 2727 885 2772 Pompeio
911 2734 949 2761 et
972 2727 1103 2761 Bruto.
1125 2744 1168 2751 —-
1206 2726 1376 2773 triumph.
1391 2710 1453 2763 OS.
1480 2739 1539 2774 ep.
