1795 3043
540 40 855 88 EPISTOLA
900 41 1190 90 CCXXVIII.
1500 53 1602 101 129

122 155 262 208 potest
292 153 539 207 elegantius.
591 153 681 194 Nec
712 154 795 193 iam
825 165 902 206 ego
932 155 1044 196 hanc
1074 155 1379 198 continentiam
1407 161 1596 211 appello,

122 224 233 264 quae
264 212 396 252 virtus
425 211 633 263 voluptati
651 211 847 251 resistere
867 211 1048 254 videtur.
1087 214 1178 265 Ego
1199 215 1242 254 in
1262 216 1350 255 vita
1364 228 1457 256 mea
1476 218 1596 259 nulla

121 281 309 320 unquam
339 270 556 321 voluptate
586 270 703 308 tanta
743 281 834 308 sum
869 266 1067 322 affectus,
1110 273 1269 321 quanta
1304 272 1470 314 afficior
1510 275 1592 315 hac

119 328 378 379 integritate.
429 326 518 366 Nec
548 338 616 364 me
646 328 732 365 tam
760 326 895 373 sama,
929 337 1037 376 quae
1067 340 1224 368 summa
1255 331 1341 377 est,
1371 343 1496 382 quam
1525 345 1594 373 res

119 384 213 436 ipsa
243 384 441 425 delectat.
500 382 609 431 Quid
639 382 838 433 quaeris?
892 382 994 423 Fuit
1024 384 1153 425 tanti:
1191 398 1257 425 me
1287 387 1376 439 ipse
1407 401 1491 428 non
1520 401 1594 429 110-

0 481 3 492 ,
120 453 233 481 ram:
266 454 346 481 nec
377 441 477 480 satis
506 440 703 491 sciebam,
733 439 833 490 quid
862 439 905 479 in
935 441 1017 480 hoc
1048 453 1202 493 genere
1231 443 1374 483 facere
1400 458 1588 497 possem:

0 523 5 548 ς
122 499 240 538 recte
269 498 541 547 πεφυσίωμαι.
602 495 722 536 Nihil
751 498 813 536 est
843 498 1118 549 praeclarius.
1161 499 1336 540 Interim
1358 502 1464 543 baec
1490 507 1591 553 λαμ-

51 572 53 574 *
121 552 219 604 πρά.
279 555 590 596 Ariobarzanes
632 566 762 606 opera
791 566 885 594 mea
914 554 1043 602 vivit,
1081 558 1242 608 regnat.
1301 555 1373 595 Ἐν
1408 559 1588 613 παρόδῳ,

122 613 301 653 consilio
331 614 372 653 et
402 612 655 652 auctoritate
686 611 728 650 et
757 611 870 663 quod
898 611 1216 653 insidiatoribus
1253 613 1343 655 eius
1378 612 1592 666 ἁπρόςιτον

122 682 205 722 me,
234 682 317 710 non
337 670 459 710 modo
485 666 799 717 ἀδωροδόκητον
827 669 1023 721 praebui,
1052 683 1194 723 regem
1221 684 1484 725 regnumque
1505 689 1591 717 ser-

119 727 232 769 vavi.
290 728 459 767 Interea
488 739 511 766 e
542 726 811 778 Cappadocia
840 738 894 766 ne
921 727 1057 779 pilum
1097 727 1355 778 quiden1.—-
1410 733 1591 775 Brutum

0 827 8 837 ι,
119 783 354 832 abiectum,
394 786 597 835 quantum
625 780 767 835 potui,
810 784 1013 824 excitavi:
1056 797 1182 835 quem
1211 798 1296 825 non
1325 788 1465 830 minus
1495 804 1589 832 amo

0 868 9 894 ss
119 854 246 893 quam
274 844 340 894 tu,
370 854 506 894 paene
537 841 645 892 dixi,
682 853 808 892 quam
838 843 892 880 te.
914 863 973 870 —-
1021 841 1162 893 Atque
1191 843 1317 884 etiam
1346 859 1469 898 spero
1500 849 1590 888 toto

1 925 11 952 ς
52 932 53 936 ,
119 912 230 939 anno
262 898 433 951 imperii
461 898 598 938 nostri
628 898 868 938 teruncium
898 902 1086 950 sumptus
1110 899 1154 939 in
1177 901 1401 952 provincia
1423 906 1589 946 nullum

0 984 12 1001 .‚
51 970 53 1011 j
117 957 224 998 sore.
284 956 426 997 Habes
466 955 622 997 omnia.
677 955 801 997 Nunc
839 955 1012 1008 publice
1047 956 1193 997 literas
1219 958 1394 1000 Romam
1416 962 1587 1003 mittere
1610 972 1640 1013 7

52 1016 54 1038 i

0 1033 11 1066 Π
108 1066 199 1090 man
225 1054 306 1089 sich
331 1055 485 1099 artiger,
512 1056 777 1090 euthaltsamer
801 1056 981 1099 betragen
1007 1055 1117 1096 kann,
1144 1056 1198 1090 als
1224 1057 1286 1092 ich
1304 1059 1400 1094 mich
1424 1062 1591 1108 betrage.

0 1099 14 1125 sl
52 1108 56 1142 ,³
117 1103 171 1138 Es
203 1101 352 1136 bezieht
385 1102 464 1135 sich
496 1103 561 1135 auf
589 1103 651 1136 die
677 1103 855 1146 folgende
881 1102 1134 1147 Schilderung
1159 1103 1284 1139 seiner
1308 1108 1591 1155 Amtsfiihrung.

0 1170 18 1177 ..
52 1148 55 1178 ἶ
115 1149 207 1193 Vgl.
228 1160 285 1194 ep.
298 1149 451 1189 CCXII,
466 1148 554 1183 2.—
579 1160 643 1183 nec
667 1150 743 1182 iam
768 1160 837 1191 ego
863 1156 953 1192 cet.,
981 1161 1054 1183 nun
1081 1150 1172 1184 aber
1197 1153 1370 1186 verstehe
1395 1154 1455 1188 ich
1482 1163 1592 1191 unter

0 1209 16 1232 i.
52 1215 55 1226 ›
116 1195 243 1229 dieser
267 1194 408 1229 meiner
432 1195 746 1230 Enthaltsamkeit
781 1197 869 1230 oder
900 1197 968 1230 mit
1001 1197 1127 1231 dieser
1158 1198 1300 1232 meiner
1329 1201 1441 1235 Enth.
1468 1203 1592 1238 meine

54 1275 55 1278 ,
116 1242 180 1276 ich
205 1242 307 1275 nicht
331 1241 392 1275 die
418 1242 595 1285 Tugend‚
622 1242 682 1276 die
709 1253 842 1277 u.s.w.
892 1242 957 1277 Sic
983 1244 1065 1277 cod.
1093 1245 1235 1279 decurt.
1261 1246 1349 1281 Bos.
1376 1246 1492 1291 Seqq.
1525 1261 1591 1285 nec

2 1303 15 1322 m
53 1302 55 1324 ε
118 1292 193 1322 tam
219 1298 287 1330 ego
313 1288 388 1321 Md.
411 1288 536 1323 Oxon.
552 1290 583 1322 1.
596 1288 627 1322 2.
654 1288 843 1324 Vict.1.2.
870 1300 933 1322 nec
959 1292 1077 1322 tamen
1103 1301 1171 1332 ego
1196 1293 1322 1326 Asc.l.
1343 1294 1444 1328 Crat.
1460 1295 1588 1332 Lamb.

2 1351 17 1373 ,ι,
40 1331 55 1369 i!
120 1336 196 1368 ΟΠ.
224 1334 705 1378 appellare=namentlich
732 1335 953 1376 erxa'ahnen,
979 1337 1173 1379 anfiihren,
1200 1338 1275 1371 wie
1300 1339 1346 1372 ad
1372 1340 1524 1376 Divers.
1540 1344 1589 1387 V,

7 1402 18 1418 ..
43 1383 56 1418 ’ἐ
117 1383 162 1423 6,
182 1382 234 1414 19.
270 1380 351 1413 Liv.
375 1380 544 1422 XXXV,
570 1381 624 1414 48.
647 1399 692 1405 —
733 1382 890 1423 integr„
923 1381 1028 1415 diese
1059 1383 1239 1417 Reinheit
1270 1385 1414 1420 meiner
1445 1399 1590 1431 ganzen

0 1444 19 1465 μ’
42 1422 55 1463 5}
120 1426 402 1470 Amtsfiihrung.
420 1446 464 1451 —
496 1427 583 1460 Fuit
608 1427 701 1459 tanti
723 1440 770 1461 z
794 1439 833 1461 es
859 1438 940 1460 war
966 1428 1033 1461 der
1047 1430 1161 1463 Miihe
1188 1431 1332 1474 werth,
1359 1438 1398 1465 ut
1423 1435 1589 1470 subirem

0 1488 19 1510 -ω
42 1465 57 1513 t
120 1475 194 1507 hoc
227 1473 435 1517 periculum
468 1472 781 1506 administrandae
812 1473 1041 1518 provinciae.
1080 1476 1185 1510 SCH.
1213 1495 1255 1501 -—
1291 1478 1413 1519 facere
1431 1492 1590 1526 possem,

0 1536 20 1558 η.
44 1537 57 1549 ι·
120 1530 167 1554 zu
194 1520 328 1553 leisten
353 1519 577 1552 vermochte.
604 1519 723 1553 delev.
748 1521 870 1562 facere
892 1521 1024 1563 Margo
1046 1522 1146 1556 1584.
1170 1541 1215 1546 —
1247 1537 1424 1568 πεφυσ.,
1459 1528 1498 1569 (a
1520 1543 1590 1574 φυ-

0 1582 21 1604 ts
121 1565 225 1608 σιόω)
252 1566 429 1609 superbia
461 1565 578 1598 elatus
611 1576 712 1609 sum,
746 1566 837 1599 ietzt
864 1565 926 1599 bin
955 1566 1016 1600 ich
1042 1568 1253 1612 berechtigt
1278 1570 1349 1603 mir
1373 1571 1502 1607 Etwas
1528 1576 1594 1609 auf

0 1619 21 1653 qt,
58 1643 61 1648 ,
120 1613 218 1646 mich
243 1612 359 1646 selbst
384 1611 633 1645 einzubilden.
651 1630 696 1636 —
736 1613 809 1646 Int.
837 1612 924 1646 haec
949 1614 1137 1661 λαμπρά
1161 1614 1185 1649 i.
1204 1626 1234 1649 e.
1263 1627 1357 1658 quae
1382 1628 1590 1662 sequuntur

2 1676 22 1697 μΙΙ
120 1659 168 1692 de
193 1659 468 1700 Ariobarzane,
505 1668 578 1691 non
604 1659 723 1692 solum
749 1659 944 1702 praeclare
971 1660 1066 1693 sacta
1092 1667 1194 1702 sunt,
1228 1662 1293 1695 sed
1329 1662 1437 1698 etiam
1463 1667 1590 1710 splen-

0 1713 23 1746 [ῃ
58 1717 61 1720 ’
121 1705 250 1738 dorem
281 1705 429 1739 habent.
466 1704 573 1738 SCH.
601 1723 645 1728 —
678 1706 810 1738 Arz'ob.
845 1716 912 1739 zur
938 1705 1057 1740 Sache
1084 1707 1202 1750 vergi.
1220 1708 1392 1753 CCXIX,
1408 1712 1429 1744 4
1448 1723 1529 1756 sqq.
1546 1735 1589 1740 —

2 1761 24 1792 ps
57 1754 58 1762 ¹
121 1751 189 1787 Ἐν
222 1751 419 1799 παρόδῳ,
454 1750 555 1783 bloss
582 1751 644 1784 bei
669 1751 812 1785 meiner
838 1752 1070 1786 Durchreise
1103 1753 1221 1786 durch
1248 1754 1522 1799 Cappadocieu.
1549 1781 1589 1787 —

2 1806 26 1839 in,
58 1827 59 1830 Ἴ
120 1796 239 1843 &3965-
257 1822 264 1831 ,
281 1823 288 1831 ,
305 1823 312 1831 .
331 1798 462 1845 ᾱδωρ.,
490 1797 590 1839 quod
608 1797 653 1830 iis
682 1808 728 1831 ne
754 1797 891 1831 aditum
918 1797 1066 1841 quidem
1092 1799 1137 1832 ad
1164 1811 1221 1833 me
1246 1803 1428 1846 concessi,
1455 1806 1589 1840 nedum

3 1861 27 1885 ffl-
58 1852 59 1876 t
121 1849 163 1876 ut
187 1844 233 1877 iis
258 1854 314 1876 me
339 1842 554 1876 muneribus
580 1845 889 1888 corrumpendum
914 1846 1144 1889 praeberem.
1169 1846 1277 1880 SCH.
1295 1867 1338 1872 —
1365 1860 1407 1881 ne
1422 1851 1489 1893 pil.
1509 1854 1591 1896 qui-

0 1900 26 1933 iffl
58 1887 59 1923 ἐ
120 1890 201 1923 (lem
234 1889 312 1923 scil.
339 1889 486 1933 accepi,
519 1890 679 1934 sumpsi,
724 1891 952 1934 gleichwohl
988 1891 1071 1924 hab'
1105 1891 1165 1925 ich
1199 1904 1264 1926 aus
1289 1894 1453 1939 Cappad.
1488 1899 1591 1934 nicht

8 1954 27 1978 Z„
122 1935 183 1969 ein
209 1935 307 1969 Haar
332 1946 511 1979 gezogen.
549 1937 735 1980 Tropisch
762 1937 861 1979 pilus
881 1949 927 1970 =
954 1937 1198 1982 Kieinigkeit.
1224 1940 1313 1983 Vgl.
1340 1941 1386 1974 ad
1406 1943 1587 1980 Q.Fratr.

2 2003 28 2026 30,
59 1997 62 2003 ·
121 1982 173 2024 11,
194 1983 246 2016 16.
279 1982 390 2016 Rosa
420 1984 520 2016 Com.
539 1984 571 2016 7.
601 1983 736 2016 Catull.
755 1984 806 2026 X,
827 1985 880 2018 13.
905 1983 1034 2022 XVII,
1054 1986 1106 2018 17.
1124 2004 1167 2009 —
1214 1987 1374 2020 Brutum
1400 2015 1407 2022 .
1427 2015 1435 2023 .
1458 2016 1465 2024 .
1492 1993 1592 2026 exci-

14 2039 28 2071 5,
120 2029 215 2071 tavi,
257 2028 326 2062 den
359 2028 664 2073 hoffnungslosen
689 2029 828 2063 Brutus
861 2030 943 2063 hab'
969 2030 1029 2063 ich
1062 2030 1207 2064 wieder
1239 2033 1469 2070 auferweckt
1500 2038 1536 2072 d.
1564 2038 1591 2074 i.

0 2067 30 2119 ξμς
121 2075 183 2108 die
218 2075 279 2108 bei
304 2074 408 2109 Seite
441 2076 591 2119 gelegte
618 2075 738 2109 sache
772 2076 837 2109 des
861 2076 1000 2110 Brutus
1034 2077 1117 2110 hab’
1142 2077 1201 2110 ich
1226 2079 1371 2113 wieder
1396 2090 1592 2129 angeregt0

2 2132 30 2165 d„
124 2122 243 2157 Quum
269 2121 487 2166 desperaret
511 2122 719 2166 pecuniam,
745 2133 854 2165 quam
879 2123 952 2156 sibi
968 2123 1243 2157 Ariobarzanes
1268 2125 1438 2171 deberet,
1465 2141 1506 2164 se
1532 2142 1593 2165 re-

1 2179 31 2213 iffl'
123 2174 335 2212 cepturum,
370 2167 504 2201 Cicero
537 2169 662 2201 effecit
687 2169 785 2211 apud
811 2180 955 2211 regern,
994 2176 1033 2203 ut
1057 2169 1252 2214 pecuniam
1278 2172 1438 2208 reddere
1462 2177 1592 2220 vellet,

0 2235 32 2259 UH,
62 2229 64 2242 :
125 2219 165 2246 ut
189 2213 346 2257 primum
370 2222 506 2258 posset.
556 2214 665 2248 SCH.
702 2214 740 2249 S.
769 2226 827 2260 ep.
846 2215 1016 2259 CCXIV,
1034 2216 1069 2249 4.
1088 2234 1133 2240 —-
1164 2228 1281 2260 paene
1305 2219 1406 2263 dixi,
1432 2221 1591 2257 beinahe

0 2256 32 2315 ,pe
62 2270 64 2273 ’
124 2259 214 2292 hatt'
239 2259 299 2292 ich
323 2266 464 2303 gesagt.
483 2279 527 2284 —
552 2264 671 2304 Atque
696 2261 806 2294 etiam
830 2272 935 2305 spero
963 2288 970 2296 .
994 2288 1027 2295 ..
1055 2263 1146 2304 fore,
1174 2263 1248 2296 und
1273 2264 1333 2298 ich
1360 2266 1459 2301 hoffe
1479 2280 1593 2312 sogal·

4 2320 33 2352 mm
62 2305 65 2335 ='.
125 2304 367 2339 derProviuz
392 2306 571 2340 wahrend
597 2307 662 2341 des
688 2318 831 2351 ganzen
851 2308 956 2342 Iahrs
979 2308 1122 2342 meiner
1139 2308 1336 2355 Regiruug
1350 2312 1484 2348 keinen
1500 2316 1594 2349 Hel-

4 2365 34 2397 Ἥ,
125 2352 184 2385 ler
209 2361 254 2384 zu
280 2351 422 2385 kosten.
472 2353 575 2386 Haec
601 2353 647 2387 de
672 2354 828 2398 Malasp.
856 2354 1000 2388 incerta
1025 2355 1242 2389 coniectura
1273 2364 1360 2401 post
1385 2371 1443 2394 vv.
1468 2373 1511 2394 ne
1532 2362 1594 2405 pi-

0 2415 34 2447 f,
126 2398 201 2431 lum
218 2397 314 2441 quid.
334 2398 612 2432 collocaverunt
624 2400 749 2435 Lamb.
762 2401 851 2434 Bos.
875 2401 1317 2438 Graev.Ern.Sch.Liin.
1343 2404 1386 2438 In
1404 2406 1594 2445 CddAsc.

0 2441 35 2493 ,m
63 2463 67 2468 w
125 2446 158 2478 1.
185 2444 284 2478 Crat.
313 2443 415 2479 vict.
433 2446 462 2478 l.
478 2445 509 2478 2.
535 2446 635 2480 Man.
660 2452 745 2479 sunt
770 2453 855 2491 post
874 2458 990 2490 paene
1014 2447 1114 2491 dixi,
1141 2459 1248 2492 quam
1272 2453 1327 2483 te.-
1352 2462 1461 2493 quem
1487 2454 1594 2496 equi-

0 2514 36 2538 Ἧι
63 2488 64 2493 ’
125 2490 209 2524 dem
234 2490 403 2524 ordinem
429 2490 575 2525 restitui
600 2503 681 2525 cum
705 2493 826 2537 Lall.,
863 2499 924 2537 ut,
951 2493 981 2527 si
1006 2493 1090 2527 fieri
1116 2494 1302 2538 potuisset
1327 2496 1406 2531 sine
1432 2500 1595 2534 maximo

0 2539 37 2579 μ.
64 2546 65 2558 ³
126 2536 309 2570 lectorum
334 2542 546 2570 nostrorum
579 2537 833 2582 incommodo,
865 2539 902 2573 in
928 2539 1146 2574 ordinandis
1171 2541 1267 2585 Epp.
1295 2542 1377 2576 Lib.
1397 2544 1464 2579 IV.
1502 2546 1594 2582 Cdd.

0 2582 37 2630 ''ng
127 2582 284 2616 fuissent
311 2582 498 2625 sequendi.
535 2583 758 2619 Rectissime
783 2591 904 2619 autem
930 2585 990 2619 hic
1005 2587 1114 2620 Bruti
1135 2586 1180 2620 ad
1198 2598 1299 2638 spem
1315 2592 1597 2635 recuperandae

0 2648 38 2676 »sum
128 2637 151 2662 a
173 2639 262 2672 rege
288 2628 549 2673 Cappadocum
579 2631 760 2673 pecuniae
790 2632 947 2666 excitati
979 2632 1118 2667 mentio
1144 2633 1371 2668 interficitur
1396 2638 1503 2680 quasi
1526 2650 1598 2685 per

3 2695 38 2724 ψῃ,
129 2675 380 2720 parenthesin.
432 2675 629 2709 ORELLI.
686 2694 689 2695 ν

0 2740 39 2768 wll-3
220 2723 252 2756 7.
284 2721 430 2765 publice
455 2721 512 2755 lit.
536 2722 692 2766 mittere,
716 2721 825 2758 einen
849 2722 1049 2757 amtlichen
1067 2723 1225 2758 Bericht
1248 2725 1447 2762 abstatten.
1483 2740 1600 2774 para-

170 2782 238 2811 eie.
260 2783 374 2817 Briefe
396 2794 429 2812 v.
454 2784 598 2813 Billerb.
630 2788 672 2813 11.
1296 2788 1325 2827 9
