1795 3043
214 55 317 107 472
467 49 533 99 Μ.
572 51 628 99 Τ.
663 49 1008 99 CICERONIS
1042 49 1418 101 EPISTOLAE.

216 176 326 218 sem,
372 164 577 218 quantum
605 162 711 204 mihi
738 163 815 204 ille
843 163 1003 217 potuit!
1071 162 1182 205 Mihi
1211 165 1373 218 tamen,
1414 165 1533 218 quod
1555 167 1671 220 fecit,
1737 212 1740 217 ἢ

215 223 521 276 gratissimum:
566 233 647 262 nec
684 225 761 274 ego
799 234 935 274 nunc,
985 233 1082 261 eum
1118 222 1266 262 iuvare
1303 235 1386 274 qua
1414 235 1462 264 re
1500 225 1672 277 possim,

216 280 329 329 sci03
377 291 486 331 nec,
523 278 560 318 si
589 291 779 333 possem,
816 292 944 331 quum
972 280 1058 319 tam
1087 279 1335 331 pestiferum
1368 280 1527 321 bellum
1554 292 1673 333 para-

163 344 191 383 4
214 338 303 385 ret,
345 334 628 377 adiuvandum
654 338 861 389 putarem.
919 337 1101 377 Tantum
1130 334 1342 378 offendere
1371 338 1554 379 animum
1582 338 1674 379 eius

213 393 286 434 hic
316 405 488 434 manens
508 394 619 433 nolo.
676 392 766 435 Nec
795 393 1038 434 mehercule
1067 392 1148 433 ista
1171 394 1329 446 videre,
1360 407 1468 446 quae
1489 397 1535 435 tu
1556 396 1675 448 potes

212 451 299 490 iam
327 450 467 491 animo
496 451 732 504 providere,
761 464 840 492 nec
870 452 1076 490 interesse
1102 452 1194 491 istis
1216 452 1339 492 malis
1367 465 1543 504 possem.
1593 452 1676 494 Sed

213 519 265 547 eo
293 508 454 548 tardior
481 508 535 549 ad
552 507 850 549 discedendum
864 508 942 559 fui,
972 507 1085 558 quod
1114 507 1293 549 difficile
1322 511 1384 549 est
1412 510 1464 550 de
1484 510 1673 551 discessu

212 565 452 606 voluntario
494 565 585 605 siue
623 567 714 605 ulla
752 577 825 616 spe
861 565 1022 605 reditus
1061 566 1260 618 cogitare.
1320 566 1428 607 Nam
1457 580 1532 621 ego
1560 568 1675 608 hunc

211 621 275 669 ,sta
314 623 509 674 paratum
549 622 671 663 video
700 622 920 674 peditatu,
967 622 1185 676 equitatu,
1232 624 1459 672 classibus,
1507 625 1677 665 auxiliis

214 679 457 731 Gallorum,
502 690 607 730 quos
636 679 794 719 Matius
821 676 1026 726 ὲλάπιζεν,
1076 681 1121 719 ut
1148 681 1275 732 puto;
1321 681 1392 722 sed
1422 682 1538 722 certe
1567 681 1678 722 dice-

212 734 310 784 bat,
361 736 554 790 peditum
594 747 745 789 ccmo,
800 736 989 787 equitum
1039 748 1112 777 sex
1157 738 1355 789 polliceri
1398 740 1567 790 sumptu
1600 749 1676 778 suo

212 805 345 833 annos
387 793 544 834 decem.
603 793 687 833 Sed
723 793 780 833 sit
815 794 898 833 hoc
936 788 1132 841 λάπισμα.
1191 794 1366 847 Magnas
1406 796 1534 836 habet
1562 796 1677 836 certe

210 850 380 901 copias:
425 852 467 890 et
496 849 670 891 habebit
698 862 808 899 non,
838 852 887 890 ut
909 851 1010 902 ille,
1037 851 1242 903 vectigal,
1272 852 1346 892 sed
1375 853 1531 894 civium
1553 852 1677 893 bona.

209 906 332 949 Addo
369 906 667 948 confidentiam
703 907 910 957 hominis3
956 906 1062 948 adde
1100 908 1438 950 imbecillitatem
1472 909 1680 951 bonorum

210 964 427 1014 virorum
478 964 555 1016 qui
585 964 782 1018 quidem,
820 964 932 1018 quod
961 965 1083 1006 illum
1113 964 1198 1007 sibi
1226 967 1378 1007 merito
1406 967 1562 1008 iratum
1601 979 1680 1019 pu-

210 1022 330 1071 tant,
363 1021 394 1074 †
425 1021 633 1074 oderunt,
663 1028 710 1062 ut
739 1025 786 1063 tu
807 1021 982 1070 scribis,
1012 1022 1174 1065 ludum.
1232 1024 1260 1072 †
1287 1024 1350 1065 Ac
1370 1025 1547 1073 vellem,
1578 1024 1682 1065 scri-

209 1078 300 1127 bis,
358 1079 550 1130 quisnam
598 1079 672 1119 hic
712 1079 1005 1133 significasset.
1077 1080 1161 1119 Sed
1201 1082 1244 1120 et
1283 1081 1389 1133 iste,
1444 1083 1546 1133 quia
1583 1082 1680 1134 plus

209 1135 474 1184 ostenderat,
507 1148 633 1187 quam
660 1136 787 1188 fecit,
826 1134 1055 1187 [amatam]
1087 1138 1129 1176 et
1158 1138 1284 1190 vulgo
1314 1137 1438 1178 illum
1469 1139 1543 1190 qui
1570 1151 1681 1179 ama-

209 1194 335 1242 runt,
372 1205 458 1232 non
488 1194 647 1233 amant.
706 1192 946 1243 Municipia
974 1205 1075 1232 vero
1106 1194 1148 1233 et
1176 1194 1327 1234 rustici
1349 1195 1528 1236 Romani
1558 1196 1681 1236 illum

210 1251 429 1301 metuunt,
467 1249 582 1288 hunc
613 1247 752 1290 adhuc
781 1249 977 1301 diligunt.
1039 1249 1178 1296 Quare
1206 1251 1268 1291 ita
1295 1254 1468 1302 paratus
1498 1255 1579 1305 est,
1617 1254 1679 1300 ut,

211 1307 340 1347 etiam
377 1305 413 1345 si
449 1305 622 1349 vincere
658 1317 744 1346 non
785 1306 938 1361 possit,
990 1317 1073 1358 quo
1110 1306 1232 1347 modo
1269 1309 1409 1348 tamen
1447 1308 1562 1350 vinci
1589 1309 1682 1361 ipse

210 1420 328 1457 Senat
359 1419 435 1456 und
466 1418 746 1462 Ritterstande‚
793 1418 855 1453 die
890 1418 974 1452 eine
1007 1419 1182 1464 Zeitlang
1212 1431 1335 1465 gegen
1368 1420 1573 1467 Pompeius
1607 1422 1682 1456 und

211 1468 347 1511 Gasar,
393 1476 434 1500 so
460 1465 572 1509 lange
597 1465 702 1499 diese
727 1464 902 1501 Freunde
925 1475 1076 1509 waren,
1114 1467 1247 1501 Partei
1277 1468 1447 1503 machten
1473 1469 1547 1504 und
1571 1469 1683 1504 beide

208 1524 333 1559 gegen
359 1511 538 1546 einander
562 1511 739 1546 heimlich
762 1522 810 1546 zu
833 1512 1037 1546 verhetzen
1063 1513 1232 1548 suchten.

302 1560 335 1594 4.
377 1559 533 1592 Tantam
565 1568 610 1592 ..·-:
641 1569 724 1592 nur.
758 1577 803 1584 -
850 1569 999 1591 manens
1030 1570 1076 1592 =
1109 1560 1305 1594 manendo.
1344 1579 1389 1586 —-
1437 1563 1530 1606 ista,
1573 1561 1681 1596 diese

209 1604 595 1642 Abscheulichkeiten
621 1604 725 1638 eines
750 1604 1075 1648 BiirgerkriegeS,
1113 1605 1176 1639 die
1209 1606 1313 1640 nicht
1337 1607 1557 1642 ausbleiben
1582 1620 1682 1643 wer-

211 1652 297 1687 den.
328 1670 373 1677 —
416 1661 572 1696 possem.
618 1651 816 1685 Fortasse:
847 1660 1009 1694 possum.
1045 1651 1243 1686 ORELLI.
1277 1671 1323 1678 -
1369 1663 1437 1696 ego
1469 1655 1561 1688 hunc
1586 1655 1618 1689 ¹i.
1645 1666 1679 1690 e.

211 1698 421 1733 Caesarem.
457 1716 503 1722 -
548 1697 626 1739 ita,
661 1703 700 1730 ut
726 1696 821 1732 nihil
845 1696 979 1730 melius
1004 1707 1156 1740 sperare
1182 1698 1333 1742 possim.
1361 1718 1405 1724 —
1454 1702 1680 1743 ἐλάπιζεν,

211 1744 260 1779 de
285 1744 420 1787 quibus
447 1742 543 1786 (scil.
563 1743 699 1786 Gallis)
726 1754 855 1777 vanam
879 1748 970 1787 puto
989 1743 1096 1776 Marii
1117 1745 1403 1778 ostentationem
1421 1746 1546 1781 fuisse.
1572 1747 1680 1782 SCH.

214 1791 371 1835 „Deren
398 1789 652 1833 Schilderung
678 1789 746 1825 od.
772 1789 809 1822 in
835 1788 1010 1822 Hinsicht
1034 1789 1149 1823 deren
1174 1791 1310 1824 iedoch
1337 1791 1399 1825 die
1424 1793 1581 1836 Angabe
1605 1805 1681 1828 von

211 1837 351 1874 Matius
384 1835 604 1870 hoffentlich
635 1836 876 1869 iibertrieben
913 1834 993 1871 sein
1033 1836 1143 1870 wird.
1185 1836 1223 1871 S.
1251 1848 1309 1881 ep.
1330 1838 1537 1883 CCCLIII,
1571 1841 1603 1873 1.
1636 1858 1683 1865 -—

206 1884 372 1930 peditum
398 1908 406 1918 ,
427 1907 436 1916 .
453 1909 462 1917 .
489 1883 629 1925 decem,
661 1881 722 1915 die
744 1881 889 1916 Gallier
913 1882 1037 1916 hatten
1065 1881 1146 1917 sich
1169 1883 1389 1927 anheischig
1411 1886 1591 1929 gemacht,
1616 1885 1683 1920 ihu

212 1930 309 1964 zehn
335 1929 446 1963 Iahre
477 1928 567 1971 lang
598 1927 664 1961 mit
696 1929 821 1970 10‚000
846 1928 958 1963 Manu
991 1939 1037 1961 zu
1063 1929 1156 1963 Fuss
1195 1930 1271 1964 und
1302 1932 1403 1973 6‚000
1429 1932 1587 1966 Reitern
1619 1933 1683 1966 auf

209 1975 296 2010 ihre
321 1975 468 2009 Kosten
504 1985 550 2008 zu
583 1977 853 2009 unterstiitzeu.
890 1993 933 1998 —
981 1975 1207 2019 λα’πισμα,
1245 1977 1596 2022 Grosssprecherei.
1635 1998 1680 2004 —

211 2026 252 2056 ue
275 2022 362 2064 ille,
398 2020 617 2066 Pompeius.
651 2040 697 2045 --
743 2021 924 2063 vectigal,
965 2021 1027 2055 die
1062 2022 1171 2056 Zolle
1205 2023 1279 2057 und
1305 2023 1466 2058 Steuern
1502 2025 1570 2059 der
1601 2025 1680 2059 Re-

241 2068 360 2102 ublik.
410 2068 464 2101 Er
493 2067 592 2101 wird
624 2066 691 2101 mit
724 2067 807 2101 dem
830 2067 927 2101 Hab'
956 2068 1032 2101 und
1058 2069 1133 2102 Gut
1165 2068 1231 2103 der
1255 2070 1405 2113 Borger
1435 2071 1498 2105 die
1522 2071 1680 2114 Kriegs-

210 2079 346 2149 {osten
372 2113 577 2148 bestreiten
602 2115 761 2147 mussen.
787 2132 831 2139 —
869 2115 1021 2157 consid,
1046 2113 1111 2149 das
1136 2115 1347 2150 Vertrauen
1373 2117 1437 2150 auf
1457 2117 1538 2151 sich
1563 2118 1681 2152 selbst

213 2160 289 2202 und
313 2159 394 2194 sein
420 2160 554 2194 Gliick.
579 2178 624 2185 -—
654 2160 782 2204 illam,
808 2160 1041 2205 Pompeium.
1057 2180 1101 2186 —-
1134 2162 1259 2195 ludum
1284 2162 1394 2204 belli,
1427 2164 1531 2197 cuius
1557 2163 1680 2198 incer-

212 2213 273 2252 tus
299 2211 356 2240 est
379 2206 526 2250 exitus,
553 2205 641 2249 quia
667 2206 797 2240 timent
818 2207 1040 2250 Pompeium
1066 2207 1140 2242 sibi
1165 2207 1321 2251 iratum,
1362 2209 1463 2252 quod
1489 2221 1571 2244 eum
1603 2221 1678 2244 non

214 2252 335 2288 secuti
362 2257 479 2286 erant.
514 2252 631 2286 ERN.
680 2253 721 2287 S.
748 2263 806 2297 ep.
829 2254 970 2296 CCCL,
1002 2254 1042 2288 2:
1079 2255 1156 2297 „At
1187 2265 1295 2297 quam
1320 2255 1445 2289 veniet
1470 2255 1603 2290 iratus!
1642 2262 1679 2291 et

214 2299 263 2334 iis
289 2298 438 2343 quidem
463 2298 634 2340 maxime,
662 2298 726 2342 qui
751 2309 830 2332 eam
855 2301 1014 2334 maxime
1038 2301 1174 2334 salvam
1192 2301 1380 2345 volebant,
1408 2303 1680 2345 quasirelictus

214 2346 260 2379 ab
287 2344 354 2387 iis,
400 2354 493 2388 quos
529 2345 719 2387 reliquit.”
756 2345 924 2384 CCCLI,
950 2347 988 2380 2:
1020 2357 1145 2389 „quae
1171 2346 1292 2380 minae
1317 2348 1550 2393 municipiis!
1584 2360 1678 2392 quae

213 2391 430 2425 nominatim
455 2389 548 2425 viris
573 2391 695 2425 bonis!
731 2402 827 2434 quae
852 2392 1014 2435 denique
1040 2393 1232 2432 omnibus,
1259 2394 1323 2438 qui
1337 2395 1616 2430 remansissent!
1633 2413 1678 2421 —

212 2439 471 2481 significasset.
498 2435 585 2471 Sch.
611 2437 703 2471 Lim.
731 2437 777 2470 de
804 2438 939 2472 Graev.
956 2448 1056 2482 susp.
1089 2441 1146 2473 Ac
1159 2440 1298 2483 vellem,
1324 2442 1470 2485 quinam
1482 2441 1533 2486 Ιιί,
1558 2441 1678 2484 signi-

214 2486 369 2528 ficasses,
411 2483 637 2519 Vielleicht:
674 2485 731 2517 Ac
755 2484 884 2518 vellem
907 2485 1137 2528 scripsisses,
1162 2497 1335 2530 quosnam
1359 2487 1417 2520 hic
1443 2488 1676 2533 (Pompeius)

214 2531 316 2573 sign.
341 2548 387 2557 -—-
427 2530 499 2564 Sed
524 2533 558 2562 et
581 2530 662 2572 iste,
689 2530 836 2565 Caesar.
864 2549 907 2555 —-
952 2532 1169 2573 ostenderat,
1196 2544 1301 2576 quam
1326 2535 1412 2576 fecit
1443 2534 1465 2570 i.
1492 2546 1523 2569 e.
1548 2535 1675 2576 multa,

215 2588 312 2621 quae
329 2577 488 2611 minatus
514 2582 606 2619 erat,
632 2586 701 2609 non
716 2582 914 2610 exsecutus
928 2583 998 2620 est,
1026 2578 1091 2611 sed
1120 2579 1244 2612 mitem
1270 2590 1309 2613 se
1335 2581 1508 2623 praebuit
1532 2591 1575 2614 ac
1599 2580 1677 2614 cle·

213 2630 385 2659 mentem.
424 2622 513 2659 Vid.
541 2634 598 2667 ep.
611 2622 786 2665 CCCXL,
811 2623 843 2656 2.
864 2642 909 2649 —-
944 2625 1119 2668 [amatur]
1147 2625 1357 2659 deGraevii
1383 2637 1480 2669 susp.
1508 2626 1676 2661 inserue-

214 2675 299 2703 runt
338 2671 433 2706 Ern.
460 2668 545 2703 Sch.
572 2669 663 2703 Liin.
709 2669 791 2702 Non
818 2670 955 2703 habent
980 2670 1072 2704 edd.
1100 2671 1192 2705 Edd.
1221 2672 1380 2715 priores.
1410 2673 1605 2707 ORELLI.
1631 2690 1675 2698 -—-

211 2716 323 2758 uulgo
351 2741 359 2751 .
375 2743 383 2751 .
411 2726 482 2750 non
505 2720 648 2761 amant,
676 2714 740 2749 das
761 2716 963 2751 Publikum
989 2716 1082 2751 licbt
1107 2718 1179 2752 den
1205 2718 1409 2763 Pompeius
1434 2719 1537 2753 nicht
1556 2719 1674 2754 mehr.
