1795 3043
233 64 332 117 176
427 89 430 91 Δ
487 59 555 107 Μ.
593 59 648 106 Τ.
685 57 1028 107 CICERONIS
1062 59 1434 110 EPISTOLAE.

232 187 330 215 men
360 172 540 225 dignitas
569 184 690 212 suum
720 173 861 213 locum
890 171 1113 216 obtinebit.
1171 173 1279 224 Sed,
1310 173 1348 215 si
1375 185 1442 214 me
1470 172 1626 228 diligis,
1656 172 1694 216 si

232 247 258 274 a
288 244 354 274 me
382 230 502 281 diligi
531 229 611 277 vis,
643 229 696 270 ad
725 242 793 270 me
821 231 982 278 literas,
1012 233 1059 270 ut
1081 244 1207 282 quam
1231 232 1415 284 primum
1438 232 1603 272 laetitia
1632 235 1693 273 af-

182 293 210 333 3
232 290 376 335 ficiar,
416 287 586 327 mittito.
643 287 699 326 Et
735 288 888 340 velim,
925 288 1137 339 reliquum
1173 289 1284 340 quod
1323 290 1386 329 est
1414 288 1608 341 promissi
1638 300 1692 330 ac

232 345 415 388 muneris
444 343 530 396 tui,
568 344 674 384 mihi
703 346 930 396 persolvas.
987 345 1123 392 Quum
1157 346 1291 397 ipsam
1321 345 1601 399 cognitionem
1629 344 1693 386 iu-

230 405 292 445 ris
321 401 487 454 augurii
517 402 716 452 consequi
746 402 893 454 cupio,
922 403 1012 441 tum
1042 403 1285 442 mehercule
1314 403 1399 442 tuis
1427 401 1692 443 incredibili-

231 463 298 501 ter
327 458 476 500 studiis
505 471 605 511 erga
633 471 698 498 me
727 459 1056 510 muneribusque
1086 458 1288 499 delector.
1348 459 1468 506 Quod
1496 460 1635 500 autem
1665 472 1692 500 a

229 530 298 557 me
327 517 413 556 tale
443 515 641 567 quiddam
677 515 913 564 desideras,
954 527 1053 556 saue
1092 517 1200 556 mihi
1236 516 1583 556 considerandum
1613 517 1694 567 est,

231 586 412 626 quonam
441 575 484 613 te
513 584 758 613 remunerer
787 572 1045 624 potissimum
1065 585 1240 626 genere:
1272 586 1370 613 nam
1391 574 1583 626 profecto
1604 585 1691 614 non

231 634 294 672 est
323 643 475 682 meum,
503 631 577 682 qui
605 629 651 669 in
677 629 900 669 scribendo
929 650 988 659 —-·
1014 631 1063 669 ut
1083 631 1191 670 soles
1212 630 1415 670 admirari
1440 651 1500 661 -—-
1526 631 1692 670 tantum

228 689 464 730 industriae
501 699 675 739 ponam,
726 686 1009 736 committere,
1048 687 1096 726 ut
1132 688 1350 740 negligens
1384 692 1430 728 in
1466 685 1692 727 scribendo

226 746 358 786 fuisse
386 744 554 785 videar:
592 743 845 795 praesertim
884 755 1013 794 quum
1050 743 1095 782 id
1134 756 1219 784 non
1259 744 1381 784 modo
1425 743 1693 796 negligentis,

138 845 155 857 v,
230 803 304 843 sed
334 803 462 842 etiam
496 800 654 852 ingrati
681 800 810 839 animi
848 801 1008 840 crimen
1044 800 1233 840 futurum
1264 801 1330 842 sit.
1387 800 1544 840 Verum
1583 802 1691 841 haec

178 861 207 899 4
230 859 480 901 videbimus.
537 857 675 904 Illud,
707 856 819 908 quod
848 857 1090 909 polliceris,
1119 857 1247 897 velim
1275 869 1353 910 pro
1383 858 1456 898 tua
1484 856 1567 898 fide
1598 856 1694 897 dili-

227 917 452 970 gentiaque
489 915 532 955 et
569 926 648 966 pro
688 915 830 954 nostra
867 925 952 953 non
994 913 1188 954 instituta
1224 914 1296 954 sed
1335 914 1419 954 iam
1455 915 1692 955 inveterata.

227 974 419 1014 amicitia
448 984 592 1023 cures,
631 971 816 1018 enitare,
857 972 903 1010 ut
932 970 1186 1023 supplicatio
1215 970 1337 1010 nobis
1366 983 1492 1022 quam
1521 969 1692 1011 honori-

226 1030 497 1071 ficentissime
535 1041 661 1080 quam
696 1028 963 1081 primumque
1001 1028 1268 1070 decernatur.
1336 1027 1516 1068 Omnino
1553 1028 1689 1068 serius

225 1089 325 1128 misi
355 1087 523 1133 literas,
567 1098 690 1137 quam
726 1086 901 1125 vellem:
941 1084 985 1124 in
1026 1097 1110 1136 quo
1149 1097 1278 1136 quum
1315 1084 1544 1125 difficultas
1572 1085 1690 1125 navi-

225 1145 353 1198 gandi
379 1144 463 1184 fuit
483 1142 640 1191 odiosa,
670 1142 715 1182 in
744 1142 882 1194 ipsum
905 1141 1133 1182 discessum
1153 1143 1321 1182 senatus
1342 1141 1541 1182 incidisse
1561 1141 1688 1182 credo

225 1301 292 1326 sen
324 1289 449 1323 konne
488 1287 550 1321 die
580 1286 852 1330 Bedingungen
891 1286 1020 1319 erfflllt
1054 1296 1100 1320 zu
1139 1286 1281 1329 haben,
1320 1296 1366 1320 an
1400 1286 1545 1320 welche
1580 1286 1687 1321 diese

224 1336 382 1371 hochste
405 1334 535 1368 Glorie
562 1333 663 1367 eines
680 1334 839 1367 Romers
864 1332 1063 1375 gebund‘en
1086 1343 1179 1367 war.
1228 1333 1339 1365 Dann
1364 1338 1440 1366 erst
1464 1332 1596 1366 wurde
1621 1333 1689 1366 der

226 1382 408 1426 Triumph
433 1381 673 1414 beschlossen
698 1379 792 1413 oder
815 1384 976 1422 versagt.
998 1397 1042 1403 —-
1079 1389 1185 1412 suum
1209 1379 1348 1423 locum,
1375 1378 1436 1412 die
1460 1378 1521 1413 ihr
1543 1379 1686 1422 gebiih-

221 1429 340 1464 1*ende
364 1427 667 1470 Auszeichnung.

314 1476 336 1509 3
369 1474 548 1517 reliquum
651 1471 857 1516 persolvas,
897 1469 968 1504 mir
993 1470 1065 1505 den
1090 1471 1401 1516 versprochenem
1425 1470 1519 1504 Rest
1542 1469 1687 1505 Deines

223 1520 467 1555 Geschenkes
493 1518 712 1552 zukommen
738 1528 784 1551 zu
810 1518 934 1551 lassen
959 1517 993 1551 d.
1012 1517 1035 1550 i.
1064 1517 1167 1551 seine
1193 1518 1353 1561 iibrigen
1367 1516 1578 1552 Biicherde
1603 1516 1686 1550 iure

221 1566 413 1611 augurali,
439 1565 535 1599 denn
555 1575 596 1598 er
621 1564 722 1597 hatte
747 1564 822 1597 ihm
847 1569 924 1597 erst
949 1563 1007 1596 ein
1022 1563 1127 1596 Buch
1151 1563 1359 1606 geschickt.
1385 1563 1422 1598 S.
1443 1574 1501 1608 ep.
1521 1563 1685 1599 CXCIV

221 1625 258 1648 u.
285 1612 466 1648 CCXCV.
515 1610 656 1644 Leider
682 1610 729 1644 ist
761 1609 825 1643 das
856 1620 972 1653 ganze
998 1609 1117 1643 Werk
1148 1610 1322 1643 verloren
1347 1620 1552 1653 gegangen.
1591 1619 1686 1653 pro-

220 1660 329 1695 missi
359 1670 402 1692 ac
432 1658 606 1691 muneris.
654 1656 780 1690 Ueber
810 1655 916 1689 diese
952 1655 1167 1701 Hendiadys
1201 1666 1230 1690 s.
1266 1656 1414 1690 Ramsh.
1450 1656 1479 1698 ἕ.
1494 1656 1572 1695 203,
1594 1657 1626 1698 l,
1644 1655 1683 1698 b,

220 1707 256 1741 2.
273 1707 333 1748 a.).
357 1705 437 1747 206,
454 1705 496 1747 C,
514 1705 546 1737 4.
563 1714 594 1737 3.
614 1720 660 1727 -—
689 1702 957 1736 incredibiliter
981 1702 1115 1745 gehon
1139 1712 1185 1735 zu
1211 1702 1378 1736 delector.
1425 1701 1552 1735 Ueber
1577 1701 1684 1736 diese

221 1751 431 1798 Synchysis
458 1749 647 1784 §.Ramslh
667 1749 948 1792 §.206‚B,5.—
975 1748 1047 1781 tale
1072 1748 1256 1790 quiddam,
1284 1748 1343 1780 ein
1360 1747 1684 1792 Gegengeschenk
1710 1760 1713 1763 ’

221 1799 289 1832 (161·
314 1799 394 1832 Art.
443 1796 653 1833 Vielleicht
677 1795 825 1829 schrieb
852 1794 1023 1827 desshalb
1039 1794 1172 1827 Cicero
1198 1794 1278 1827 sein
1298 1794 1404 1827 Buch
1429 1794 1472 1827 de
1496 1793 1681 1835 auguriis.

221 1864 267 1870 —
299 1855 370 1877 non
403 1847 455 1876 est
477 1853 595 1876 meam
708 1841 948 1883 committere,
976 1843 1033 1882 (es
1060 1840 1107 1873 ist
1130 1839 1200 1873 mir
1225 1839 1328 1873 nicht
1354 1839 1477 1883 eigen)
1513 1839 1574 1873 ich
1598 1851 1684 1884 mag

220 1891 293 1926 mir
326 1890 428 1923 nicht
464 1889 529 1923 das
567 1898 613 1921 zu
649 1886 835 1922 Schulden
867 1887 1040 1920 kommen
1078 1886 1214 1920 lassen.
1263 1886 1392 1920 Ueber.
1418 1897 1535 1919 meam
1566 1890 1619 1919 est
1649 1896 1680 1921 s.

219 1937 374 1973 Ramsh.
408 1937 437 1978 §.
461 1936 546 1978 108,
571 1935 657 1968 Not.
673 1935 706 1967 4.
738 1945 773 1968 u.
807 1933 837 1976 §.
854 1934 941 1975 158,
958 1934 991 1967 4.
1016 1932 1110 1965 iiber
1144 1943 1283 1975 meum,
1316 1932 1378 1975 qui
1399 1943 1446 1965 =
1471 1943 1582 1975 quum
1608 1941 1680 1975 ego

220 1983 297 2017 das.
323 1984 351 2027 ξ).
372 1983 451 2024 159,
465 1982 499 2025 2,
519 1992 552 2014 c.
578 1991 613 2014 u.
641 1981 720 2023 194,
736 1982 770 2014 1.
786 1980 838 2023 2.,
864 1980 957 2012 iiber
983 1978 1045 2012 die
1068 1978 1243 2012 Formeln
1273 1979 1413 2020 facere,
1444 1978 1681 2021 committere,

219 2033 260 2064 ut
284 2040 313 2063 s.
329 2028 478 2062 Ramsh.
505 2028 534 2070 §.
550 2027 630 2069 204,
646 2027 732 2061 5.—
755 2026 796 2060 in
817 2026 942 2067 scrib„
967 2024 1014 2058 da
1038 2024 1097 2058 ich
1123 2036 1164 2058 so
1190 2024 1312 2058 vielen
1329 2024 1450 2058 Fleiss
1476 2024 1543 2057 auf
1555 2024 1678 2057 meine

220 2075 409 2112 Schriften
450 2073 663 2107 verwende,
687 2091 731 2097 —
773 2072 813 2105 in
839 2071 952 2106 scrib.
995 2072 1029 2105 A
1060 2070 1137 2105 Md.
1170 2071 1276 2104 abest
1307 2070 1346 2104 in
1377 2072 1433 2113 (ut
1463 2070 1676 2113 Libr.2,1.

218 2124 248 2167 §.
271 2122 339 2165 1.).
393 2121 487 2154 Item
520 2131 541 2154 a
572 2120 671 2153 Crat.
705 2117 809 2155 Vict.
830 2120 862 2153 1.
881 2118 914 2152 2.
941 2117 1074 2151 Graev.
1108 2117 1146 2150 z'n
1177 2117 1287 2150 scrib.
1321 2116 1420 2158 negt.
1453 2116 1678 2159 Mart.-Lag.

220 2168 308 2204 Sch.
334 2167 426 2200 Liin.
456 2166 589 2200 ΘΚ-
632 2164 768 2199 Verum
791 2164 880 2199 haec
902 2164 995 2205 vid„
1027 2163 1124 2198 doch
1154 2163 1227 2198 wir
1258 2162 1396 2197 wollen
1420 2163 1554 2205 sehen,
1584 2162 1678 2196 Was

219 2215 302 2249 sich
326 2213 422 2246 wird
448 2212 537 2245 thun
561 2212 694 2246 lassen.

310 2260 342 2294 4.
379 2270 450 2292 non
479 2258 616 2301 instit„
651 2257 715 2291 sed
744 2257 821 2291 iam
850 2256 960 2290 invet.
987 2266 1044 2298 a.,
1076 2253 1150 2287 und
1180 2255 1356 2297 vermiige
1387 2263 1541 2287 unserer
1573 2253 1677 2288 nicht

219 2310 299 2340 erst
324 2305 585 2349 angehenden,
618 2304 780 2337 sondern
804 2303 944 2336 bereits
970 2301 1086 2335 durch
1111 2300 1172 2333 die
1198 2300 1282 2333 Zeit
1308 2300 1488 2343 gereiften
1508 2300 1676 2333 Freund-

218 2352 349 2387 schast.
364 2371 411 2377 —
445 2353 673 2386 decernatur.
705 2349 743 2383 S.
767 2361 822 2393 ep.
839 2348 1033 2390 CCXL‚3.
1061 2346 1311 2388 CCXXXIX,
1325 2350 1356 2383 2.
1383 2346 1676 2390 CCXXXVIII,

219 2401 264 2433 ll
281 2409 359 2441 sqq.
376 2417 421 2423 —
454 2398 583 2431 serius.
617 2395 656 2430 S.
685 2407 740 2439 ep.
758 2395 929 2430 CCXXI.
957 2392 1207 2431 CCXXVHI,
1226 2395 1257 2426 7.
1275 2403 1307 2426 u.
1326 2393 1357 2426 9.
1391 2392 1620 2431 CCXXVII,
1637 2393 1672 2426 3.

219 2464 262 2471 —-
298 2445 495 2487 difficultas
517 2441 732 2484 navigandi.
771 2441 810 2475 S.
838 2452 895 2486 ep.
915 2439 1096 2477 CCXIX,
1126 2442 1276 2481 propter
1300 2437 1429 2472 hiemis
1451 2437 1603 2480 magnit.
1629 2455 1676 2463 —

218 2491 308 2534 fuit,
341 2491 456 2535 Neap.
486 2489 620 2533 faerit,
649 2488 870 2530 Mart.-Lag.
903 2486 997 2519 Liin.
1033 2485 1160 2526 fuisset
1187 2485 1314 2517 odiosa
1339 2489 1469 2518 contra
1492 2484 1567 2517 Md.
1596 2483 1671 2518 ΟΒ..

221 2556 264 2561 -
295 2538 335 2570 z'n
358 2537 477 2581 ipsam
501 2536 645 2570 discess.
671 2538 807 2575 senat„
841 2533 923 2566 dass
947 2531 1044 2564 mein
1068 2530 1179 2564 Brief
1197 2531 1311 2574 grade
1336 2541 1395 2564 um
1421 2529 1481 2563 die
1502 2528 1585 2562 Zeit
1609 2540 1674 2562 an-

219 2583 390 2617 kommen
415 2582 564 2625 werde,
589 2592 649 2616 wo
675 2580 742 2613 der
768 2579 882 2613 Senat
904 2578 1015 2612 keine
1036 2576 1242 2620 Sitzungen
1266 2577 1354 2610 halt.
1404 2576 1519 2610 Eines
1542 2575 1673 2609 Festes

219 2629 269 2663 im
293 2630 460 2664 Februar
490 2639 623 2671 wegen
657 2626 750 2660 oder
779 2624 866 2659 weil
897 2624 992 2657 nach
1021 2622 1088 2657 der
1117 2622 1182 2657 lex
1206 2623 1328 2667 Pupia
1353 2627 1390 2655 et
1414 2621 1573 2655 Gabinia
1605 2621 1675 2654 der

220 2674 334 2710 Senat
358 2675 395 2709 in
421 2675 488 2709 der
512 2674 671 2709 zweiten
695 2672 819 2707 Halfte
844 2670 909 2704 des
927 2671 1078 2704 Ianuars
1104 2680 1138 2703 u.
1165 2669 1213 2702 im
1239 2679 1380 2712 ganzcn
1401 2668 1570 2701 Februar
1593 2666 1675 2700 sich

218 2721 321 2756 nicht
344 2721 602 2756 versammelte
631 2719 724 2754 oder
760 2727 830 2753 nur
862 2717 933 2751 den
962 2715 1126 2752 fremden
1153 2714 1366 2750 Gesandten
1389 2713 1559 2749 Audienz
1588 2713 1674 2757 gab,
