1795 3043
233 67 333 118 270
493 61 556 109 Μ.
592 60 648 106 Τ.
685 58 1024 106 CICERONIS
1059 60 1433 112 EPISTOLAE.

235 176 288 218 ad
317 172 638 217 considerandas
667 172 887 225 utriusque
910 173 1066 227 ‚copias
1095 175 1138 214 et
1166 173 1220 216 ad
1248 175 1482 228 eligendam
1508 177 1687 232 partem.

186 239 213 277 4
236 235 373 286 Prope
412 231 566 272 oblitus
601 244 715 278 sum,
763 230 874 283 quod
912 232 1092 272 maxime
1126 232 1209 273 fuit
1244 232 1524 274 scribendum.
1570 234 1690 275 Scis

235 290 419 343 Appium
447 301 661 330 censorem
691 287 761 327 hic
790 289 954 328 ostenta
982 288 1152 329 facere?
1191 289 1243 329 de
1279 289 1408 343 signis
1437 292 1480 330 et
1517 291 1687 342 tabulis,

236 348 288 388 de
318 347 408 400 agri
435 346 580 398 modo,
621 345 673 385 de
702 357 801 385 aere
830 345 968 385 alieno
1000 346 1205 386 acerrime
1234 347 1392 399 agere?
1434 347 1687 388 Persuasum

235 407 299 444 est
338 405 378 444 ei
417 415 637 444 censuram
672 402 898 442 lomentum
936 404 1008 442 aut
1041 403 1200 443 nitrum
1237 415 1341 445 esse.
1397 403 1553 444 Errare
1582 404 1688 444 mihi

235 460 417 503 videtur:
447 473 545 501 nam
563 459 703 500 sordes
725 460 866 500 eluere
884 461 976 499 vult
985 473 998 510 3
1028 472 1156 501 venas
1176 459 1257 500 sibi
1280 472 1422 501 omnes
1452 462 1494 500 et
1522 461 1688 502 viscera

237 519 389 570 aperit.
447 517 603 569 Curre,
642 529 718 569 per
746 516 845 556 deos
874 517 999 567 atque
1026 517 1240 559 homines!
1281 519 1323 567 et
1351 530 1474 569 quam
1504 518 1689 570 primum

235 575 341 617 haec
380 576 512 616 risum
549 575 670 614 veni:
711 573 816 625 legis
845 573 1088 614 Scantiniae
1125 574 1331 615 iudicium
1365 573 1477 625 apud
1506 575 1690 615 Drusum

235 631 349 686 fieri,
386 632 571 685 Appium
599 631 650 670 de
678 628 836 670 tabulis
876 632 917 669 et
946 630 1074 682 signis
1104 644 1239 684 agere.
1299 631 1430 671 Crede
1458 631 1588 683 mihi,
1625 633 1689 672 est

235 689 557 743 properandum.
617 687 743 726 Curio
781 687 924 726 noster
957 688 1170 738 sapienter
1200 688 1264 736 id,
1303 688 1415 739 quod
1444 689 1608 728 remisit
1637 687 1690 728 de

235 746 444 800 stipendio
474 744 677 796 Pompeii,
709 743 858 783 fecisse
887 742 1159 784 existimatur.
1219 744 1285 784 Ad
1313 757 1533 794 summam,
1564 756 1690 796 quae·

236 805 309 856 ris,
338 803 440 855 quid
468 804 612 855 putem
640 802 842 841 futurum.
892 800 938 840 Si
967 801 1170 842 alteruter
1196 814 1340 842 eorum
1370 802 1422 842 ad
1442 802 1690 842 Parthicum

235 862 391 902 bellum
421 872 504 900 non
537 861 624 905 eat,
668 857 788 897 video
818 869 987 909 magnas
1014 857 1258 910 impendere
1289 858 1542 907 discordias,
1586 870 1690 909 quas

233 921 393 960 ferrum
423 918 465 957 et
492 916 556 957 vis
586 914 801 955 iudicabit.
861 914 1048 965 Uterque
1079 917 1121 955 et
1151 916 1290 956 animo
1320 917 1362 955 et
1384 915 1516 967 copiis
1536 917 1599 955 est
1617 927 1690 966 pa-

234 978 365 1018 ratus.
425 974 472 1014 Si
501 973 591 1013 sine
620 974 692 1011 tuo
721 971 912 1022 periculo
941 970 1035 1011 fieri
1062 974 1217 1025 posset,
1247 983 1443 1026 magnum
1470 973 1513 1012 et
1541 972 1691 1012 iucun-

235 1034 332 1074 dum
360 1030 441 1071 tibi
480 1031 668 1070 Fortuna
697 1028 985 1080 spectaculum
1011 1028 1204 1081 parabat.

232 1135 344 1169 citum
368 1130 580 1174 utriusque,
607 1127 692 1163 dass
715 1127 806 1161 aber
829 1126 912 1161 ihre
936 1127 1229 1172 beiderseitigen
1249 1128 1374 1162 Heere
1397 1129 1499 1163 nicht
1523 1129 1589 1163 mit
1612 1128 1691 1162 ein-

233 1180 350 1215 ander
373 1189 419 1213 zu
444 1175 682 1219 vergleichen
708 1173 803 1208 sind.
823 1192 866 1199 —
898 1175 989 1207 satis
1012 1175 1125 1219 spatii
1148 1176 1208 1209 sit.
1241 1174 1437 1209 Fortasse:
1463 1176 1555 1208 satis
1578 1174 1691 1218 spatii

233 1231 305 1268 est;
336 1235 418 1258 nam
444 1222 533 1266 quid
558 1221 815 1254 coniunctivus
846 1219 907 1252 hic
939 1220 1013 1254 sibi
1037 1221 1145 1263 velit,
1182 1231 1256 1254 non
1280 1220 1403 1255 video.
1432 1221 1505 1254 ΟΒ.
1546 1221 1691 1254 Ueber-

232 1274 348 1316 haupt
372 1271 421 1304 ist
445 1279 513 1302 uns
537 1268 654 1303 Raum
679 1276 803 1308 genug
832 1266 1017 1307 gelassen.
1036 1285 1075 1290 —
1120 1270 1154 1299 et
1177 1266 1266 1307 elig.
1289 1270 1406 1309 part„
1443 1266 1518 1300 und
1550 1266 1690 1301 danach

233 1328 366 1352 unsere
395 1313 523 1350 Partei
553 1323 600 1346 zu
630 1311 797 1345 nehmen.
833 1310 899 1345 Ei!
933 1311 988 1346 ei!
1026 1311 1119 1355 Vgl.
1153 1312 1201 1346 ad
1226 1311 1378 1347 Divers.
1396 1312 1517 1356 VIII,
1536 1314 1600 1356 15,
1630 1321 1690 1346 wo

228 1369 371 1411 partem
395 1363 454 1396 sur
476 1363 610 1405 partes.

321 1411 355 1444 4.
392 1408 485 1443 Scis.
519 1406 613 1440 Ueb.
641 1404 703 1439 die
727 1404 849 1448 Frage
885 1414 913 1438 s.
950 1403 1099 1438 Ramsh.
1134 1404 1164 1447 §.
1187 1404 1264 1438 174.
1292 1423 1333 1429 —-
1386 1408 1524 1438 ostenta
1556 1404 1690 1446 facere,

230 1458 355 1492 vielen
392 1454 498 1500 Spuk
535 1451 678 1494 macht,
719 1451 773 1483 als
810 1450 953 1484 Censor
990 1449 1071 1484 sich
1113 1450 1291 1493 gewaltig
1330 1451 1457 1495 patzig
1490 1450 1621 1485 macht.
1647 1467 1692 1474 —-

232 1505 276 1538 de
309 1502 430 1544 signis
456 1526 464 1534 .
485 1525 493 1533 .
512 1524 521 1533 .
555 1508 686 1540 agere,
731 1497 814 1530 dass
852 1507 894 1529 er
925 1496 1069 1529 scharfe
1100 1496 1309 1540 Nachfrage
1341 1497 1440 1541 thut‚
1481 1497 1555 1531 wie
1592 1495 1692 1531 viele

230 1549 451 1586 Bilds'ziulen
483 1557 518 1580 u.
554 1542 758 1578 Gemahlde
798 1541 859 1575 ein
892 1542 1004 1575 Ieder
1037 1542 1099 1575 hat
1136 1542 1198 1585 (da
1228 1553 1270 1575 er
1303 1543 1399 1577 doch
1434 1549 1537 1577 sonst
1576 1542 1691 1576 selbst

232 1607 299 1630 aus
338 1594 421 1629 dem
451 1590 688 1627 Asiatischen
720 1587 795 1621 und
826 1588 969 1632 Europ.
1010 1587 1309 1621 Griechenlande
1344 1589 1583 1633 dergleichen
1621 1597 1690 1633 per

233 1644 286 1677 fas
320 1646 357 1674 et
387 1639 489 1674 nefas
513 1648 558 1671 an
590 1635 671 1670 sich
702 1645 747 1668 zu
780 1633 937 1676 bringen
969 1635 1145 1677 wusste),
1186 1635 1234 1667 ob
1269 1645 1311 1667 er
1342 1634 1444 1668 nicht
1468 1635 1572 1668 mehr
1594 1632 1690 1668 Feld

233 1687 390 1731 hesim,
423 1686 477 1720 als
513 1682 663 1717 erlaubt
694 1681 760 1723 ἱεῖς
797 1680 845 1712 ob
877 1679 951 1712 und
982 1680 1056 1712 wie
1086 1679 1161 1712 viel
1187 1691 1229 1713 er
1252 1680 1424 1724 schuldig
1445 1681 1522 1714 sei?
1546 1699 1590 1705 -
1634 1680 1689 1712 lo-

233 1738 392 1768 mentum
420 1736 483 1765 aut
521 1731 680 1771 nitrum,
717 1725 854 1775 Stfirke
893 1725 985 1758 oder
1015 1725 1118 1759 Seise
1145 1737 1191 1759 Ξ.
1227 1725 1287 1759 ein
1318 1726 1590 1760 Waschmittcl.
1635 1725 1690 1758 Io-

235 1785 391 1815 mentum
422 1780 458 1813 h.
485 1789 516 1811 e.
548 1775 668 1809 farina
698 1773 855 1814 fabacea,
879 1771 941 1804 bei
965 1771 1100 1815 Veget.
1127 1771 1173 1804 de
1205 1782 1245 1805 re
1270 1777 1341 1805 vet.
1365 1773 1441 1816 ΙΙΙ,
1465 1774 1519 1808 63.
1554 1772 1690 1805 lomen-

236 1831 310 1863 tum
334 1826 438 1868 fabae
463 1825 540 1858 das.
561 1825 600 1865 l,
617 1821 681 1863 96,
701 1820 753 1853 19.
785 1818 809 1851 l.
834 1828 887 1851 ex
910 1817 995 1850 faba
1019 1818 1155 1851 factum
1180 1817 1243 1851 bei
1266 1817 1410 1852 Pallad.
1437 1819 1568 1852 Octob.
1580 1817 1690 1860 XIV,

235 1874 270 1909 9.
296 1870 555 1911 MartiaLnl,
577 1868 639 1910 42,
661 1868 694 1900 l.
732 1864 902 1905 Nitrvm,
935 1866 1052 1909 νίτρον
1080 1865 1128 1906 (v.
1156 1864 1305 1907 ινίπτω),
1340 1865 1433 1898 auch
1457 1866 1596 1912 λίτρον,
1624 1863 1689 1897 das

235 1918 472 1954 mineralisch
505 1913 705 1949 alkalische
731 1910 836 1949 Salz,
863 1919 1032 1952 woraus‚
1058 1910 1125 1943 mit
1145 1909 1217 1943 Oel
1240 1909 1460 1953 vermischt‚
1488 1921 1568 1943 man
1594 1909 1689 1943 noch

233 1965 325 2000 ietzt
348 1965 399 1998 im
426 1962 558 1998 Orient
582 1959 683 1995 Seife
709 1957 829 1991 macht
853 1966 887 1989 u.
913 1955 1043 1988 womit
1074 1966 1156 1989 man
1187 1955 1396 1999 gleichfalls
1427 1956 1465 1990 in
1490 1957 1690 2000 Aegypten

232 2012 386 2046 wascht.
434 2011 615 2052 Dagegen
650 2006 803 2040 Nati-um
838 2011 949 2036 unser
975 2001 1160 2046 Salpeter.
1207 2000 1246 2036 S.
1271 2002 1370 2036 Plin.
1397 2003 1443 2036 H.
1468 2002 1515 2035 Ν.
1541 2001 1691 2044 XXXI,

233 2060 288 2093 10.
315 2057 426 2092 Ovid.
451 2055 589 2091 Medic.
607 2052 662 2087 85.
680 2069 724 2075 —
761 2050 897 2091 eluere,
935 2048 1064 2082 seinen
1099 2047 1275 2083 Schmutz
1306 2048 1580 2091 auslaugen.-
1608 2058 1687 2080 ven.

233 2130 242 2139 .
259 2129 268 2139 .
293 2103 431 2148 aperit,
461 2101 537 2135 und
568 2099 666 2133 reibt
698 2096 775 2131 sich
810 2095 971 2128 darnber
994 2095 1068 2128 alle
1091 2094 1218 2127 Adern
1244 2093 1318 2127 und
1343 2093 1588 2137 Eingeweide
1613 2093 1687 2136 auf,

231 2151 266 2184 d.
287 2150 308 2185 i.
335 2149 453 2183 durch
477 2146 580 2181 seine
606 2152 756 2186 strenge
778 2142 922 2175 Censur
946 2141 1049 2174 stellt
1073 2151 1115 2174 er
1137 2140 1240 2174 scine
1265 2139 1398 2183 eigene
1422 2140 1496 2173 alte
1518 2138 1689 2174 Schande

231 2197 351 2230 bloss.
370 2214 411 2220 ——
451 2194 587 2235 risum,
620 2201 679 2224 um
713 2188 872 2222 dariiber
895 2197 942 2220 zu
966 2187 1118 2229 lachen,
1157 2185 1275 2229 regirt
1299 2185 1405 2229 haec,
1438 2196 1516 2220 was
1541 2186 1606 2219 auf
1627 2184 1689 2218 die

231 2242 348 2286 solgg.
375 2251 497 2275 accus.
523 2250 552 2272 c.
579 2237 682 2271 infin.
709 2234 920 2268 hinweiset.
939 2252 984 2259 -—
1017 2233 1088 2274 leg.
1114 2231 1171 2265 Sc.
1198 2258 1206 2265 .
1223 2257 1254 2265 ..
1280 2242 1413 2275 agere,
1451 2232 1568 2275 „dass
1591 2231 1690 2265 beim

230 2289 367 2324 Prator
390 2288 538 2321 Drusus
572 2284 664 2317 iiber
691 2281 841 2317 S'unden
874 2290 994 2323 gegen
1022 2279 1087 2312 das
1112 2277 1342 2312 Scatinische
1371 2278 1508 2312 Gesetz
1535 2276 1691 2312 Gericht

230 2334 430 2379 angestellt
460 2330 588 2365 werde
623 2332 666 2372 (s.
694 2340 751 2372 ep.
776 2327 862 2369 279,
884 2326 934 2368 2.)
968 2324 1041 2358 und
1072 2324 1155 2358 dass
1192 2323 1251 2357 ein
1282 2324 1428 2369 Appius
1464 2334 1586 2368 gegen
1627 2322 1690 2356 die

228 2379 461 2426 Ueppigkeit
485 2376 551 2411 mit
575 2374 730 2410 Statucn
757 2372 831 2407 und
856 2370 1085 2406 Gemiihlden
1111 2369 1253 2404 eifert.’'
1303 2371 1451 2404 Drusus
1475 2371 1585 2404 homo
1611 2374 1690 2402 tur-

228 2428 342 2473 pibus
366 2424 585 2460 libidinibus
611 2420 756 2454 deditus
780 2418 895 2452 iudex
920 2417 989 2450 fuit
1012 2416 1110 2450 inter
1134 2426 1220 2450 reos
1245 2415 1291 2449 de
1317 2417 1402 2461 lege
1423 2415 1597 2451 Scatinia.
1631 2413 1687 2448 Cf.

229 2474 277 2508 ad
302 2471 488 2512 Attic.11‚
513 2472 546 2503 7.
581 2467 643 2501 ubi
668 2464 905 2500 Pisaurensis
930 2469 1094 2500 vocatur.
1126 2462 1277 2498 Divers.
1298 2463 1375 2503 XI,
1392 2463 1447 2497 19.
1483 2460 1596 2495 Attic.
1613 2460 1687 2502 IV,

231 2520 284 2554 15.
308 2521 366 2554 16.
400 2528 421 2551 a
445 2516 627 2551 Cicerone
659 2510 890 2552 defenditur,
920 2516 1111 2543 accusatus
1144 2519 1165 2542 a
1188 2508 1381 2542 Lucretio.
1414 2507 1529 2542 ERN.
1552 2525 1596 2531 —-
1638 2509 1690 2539 est

225 2576 374 2611 proper.
407 2563 488 2598 scil.
516 2560 597 2595 tibi.
623 2576 669 2585 —-
707 2557 802 2601 quod
832 2555 975 2589 remisit
999 2555 1042 2588 de
1072 2555 1156 2599 stip.
1184 2555 1331 2598 Pomp.,
1371 2554 1455 2588 dass
1488 2564 1528 2587 er
1560 2551 1687 2586 seinen

226 2610 440 2656 Einspruch
464 2618 585 2653 gegen
609 2605 682 2639 den
698 2602 790 2638 Sold
813 2603 872 2636 fiir
892 2601 953 2635 die
965 2600 1158 2644 Legionen
1177 2600 1243 2634 des
1256 2594 1458 2645 Pompeius
1482 2597 1689 2641 zuruckge-

227 2667 398 2691 nommen
422 2656 496 2689 hat.
511 2673 554 2679 -
585 2652 648 2686 Ad
670 2659 858 2691 summam,
884 2658 940 2681 am
955 2647 1130 2681 Ende.—-
1154 2647 1343 2690 alteruter,
1369 2643 1571 2690 Pompeius
1596 2644 1687 2677 oder

226 2704 350 2739 Ciisar.
382 2702 423 2737 S.
450 2712 507 2746 ep.
535 2697 683 2740 CCLII,
703 2696 757 2730 14.
785 2705 819 2728 u.
835 2704 925 2728 S.w.
941 2711 985 2718 —
1017 2693 1087 2727 tibi
1110 2692 1295 2729 redeunti.
