1795 3043
559 37 872 86 EPISTOLA
908 35 1066 107 ccvi.
1472 37 1541 87 57

76 156 189 196 tum:
235 151 403 194 Laelios
431 152 474 192 et
510 151 717 192 Antonios
759 151 802 191 et
830 149 873 190 id
903 162 1033 202 genus
1061 148 1252 190 valentes
1281 146 1391 189 dico.
1450 147 1539 187 Has
1563 152 1591 192 3

77 225 154 265 ego
193 210 273 251 tibi
315 211 462 251 literas
503 221 552 249 eo
588 209 746 249 maiore
776 207 873 247 misi
910 208 1162 255 intervallo,
1208 206 1320 257 quod
1350 204 1543 246 comitio-

77 282 173 309 rum
211 268 432 308 dilationes
463 266 780 318 occupatiorem
804 277 870 304 me
900 264 1113 304 habebant
1145 265 1187 304 et
1218 264 1464 315 exspectare
1492 262 1541 301 in

78 326 167 366 dies
208 326 368 366 exitum
399 324 630 377 cogebant,
662 324 734 369 ut,
777 322 981 362 confectis
1012 321 1226 368 omnibus,
1269 323 1311 360 te
1352 321 1540 360 facerem

79 383 321 424 certiorem.
377 382 443 423 Ad
472 379 684 421 Kalendas
716 379 895 419 Sextiles
936 391 1068 429 usque
1101 378 1352 430 exspectavi.
1413 377 1542 418 Prae-

78 441 200 480 toriis
230 452 372 479 morae
402 438 606 490 quaedam
635 436 891 476 inciderunt.
951 435 1047 475 Mea
1077 448 1204 487 porro
1222 434 1394 474 comitia
1414 446 1543 485 quem

80 499 275 537 eventum
305 497 390 536 sint
413 495 626 542 habitura,
656 494 828 533 nescio:
859 492 1103 544 opinionem
1133 492 1314 544 quidem,
1345 491 1457 543 quod
1488 490 1543 531 ad.

78 555 258 596 Hirrum
289 553 450 601 attinet,
482 551 779 592 incredibilem
810 550 1010 590 aedilium
1029 549 1169 601 plebis
1199 549 1384 589 comitiis
1414 549 1544 589 nacta

80 613 190 652 sunt.
229 611 336 652 Nam
364 610 424 651 Μ.
457 608 934 650 CaeliumVinicianum
961 607 1116 647 mentio
1146 608 1222 647 illa
1251 608 1381 654 fatua,
1413 619 1544 657 quam

82 668 360 709 deriseramus
393 666 516 714 olim,
551 668 592 705 et
621 666 904 718 promulgatio
936 664 987 704 de
1018 665 1225 704 dictatore
1257 664 1396 704 subito
1427 663 1540 704 deie-

82 726 143 766 cit
181 727 223 765 et
260 725 471 765 deiectum
506 735 657 775 magno
699 724 884 762 clamore
924 722 1117 761 insecuta
1153 723 1228 761 est.
1298 721 1402 761 Inde
1443 720 1544 761 Hir-

81 795 178 824 rum
208 783 352 823 cuncti
382 782 466 822 iam
496 793 581 820 non
619 780 859 821 faciendum
888 778 1093 831 flagitare.
1154 779 1287 831 Spero
1318 780 1360 818 te
1394 777 1544 819 celeri-

83 842 150 881 ter
180 842 221 880 et
251 840 302 879 de
331 839 467 886 nobis,
500 837 613 889 quod
643 837 837 890 sperasti,
870 839 911 875 et
943 836 993 876 de
1013 837 1114 888 illo,
1146 836 1258 887 quod
1275 835 1346 876 vix
1371 848 1544 888 sperare

82 911 208 938 ausus
245 909 302 949 es,
342 896 594 936 auditurum.
654 895 718 935 De
755 907 801 934 re
831 893 1004 945 publica
1043 893 1127 933 iam
1168 893 1268 933 novi
1309 893 1544 944 quidquam
1567 879 1597 918 4

84 1007 204 1031 sarem
230 995 530 1040 oppugnantibus
555 994 693 1028 restitit
726 993 1015 1037 intercessitque
1039 995 1124 1036 704,
1150 1004 1197 1027 ne
1222 999 1371 1027 senatus
1398 993 1548 1027 consul-

86 1049 161 1076 tum
187 1042 233 1076 de
261 1043 465 1077 Galliarum
497 1041 735 1075 successione
759 1040 887 1074 fieret:
921 1051 994 1082 quo
1019 1041 1119 1073 facto
1147 1040 1193 1074 ad
1217 1041 1413 1074 Caesarem
1438 1040 1546 1083 sugit.

85 1088 178 1125 vid.
205 1090 344 1123 Manut.
372 1088 418 1122 ad
441 1088 570 1122 Famil.
595 1087 710 1129 XVI,
736 1088 790 1121 11.
816 1086 863 1120 ad
886 1086 999 1120 Attio.
1026 1088 1077 1128 X,
1103 1088 1136 1121 8.
1164 1107 1204 1111 -
1229 1087 1271 1120 id
1293 1097 1409 1128 genus
1425 1087 1549 1119 valen-

86 1139 156 1177 tes,
183 1135 243 1169 die
269 1137 328 1169 fiir
352 1135 471 1168 Lente
496 1134 564 1169 der
590 1135 661 1168 Art
686 1133 832 1178 gelten,
858 1134 997 1167 andere
1022 1133 1177 1169 wichte
1202 1132 1326 1168 dieses
1351 1132 1549 1178 Schlage5‚

85 1181 246 1215 namlich
270 1182 499 1216 Casarianer.

177 1230 211 1262 3.
261 1239 381 1272 occup.
408 1238 464 1260 me
488 1227 584 1266 hab„
610 1225 679 1260 mir
704 1226 814 1261 Mehr
838 1227 893 1261 als
918 1226 1156 1270 gewohnlich
1181 1236 1226 1261 zu
1252 1226 1341 1259 thun
1367 1226 1548 1260 machten.

89 1273 127 1309 S.
152 1274 299 1307 Ramsb.
326 1276 352 1317 ξ.
379 1276 454 1308 171.
482 1273 533 1307 ΙΙ.
559 1277 604 1307 Α.
629 1274 662 1308 2.
697 1273 843 1307 Grotef.
868 1275 896 1317 §.
922 1274 1002 1307 324.
1035 1274 1142 1306 Anm.
1170 1292 1212 1297 —
1248 1273 1456 1307 Praetoriis
1487 1283 1551 1306 co-

88 1320 217 1362 mitiis,
244 1320 304 1352 die
322 1320 505 1354 Comitien
531 1329 598 1352 zur
611 1320 852 1354 Pratorwahl
876 1319 960 1353 sind
987 1320 1052 1352 auf
1072 1318 1197 1362 einige
1212 1319 1460 1353 Hindernisse
1485 1330 1552 1362 ge-

90 1372 247 1400 stossen.
273 1384 318 1390 —
342 1367 431 1399 illese
453 1376 567 1409 porro
594 1365 743 1398 comitia
768 1365 792 1398 i.
821 1377 853 1399 e.
881 1365 1066 1399 aedilibus
1084 1365 1254 1399 creandis
1282 1364 1334 1408 (S.
1356 1376 1415 1409 ep.
1434 1365 1552 1407 CCII,

90 1413 125 1446 2,
156 1418 193 1445 ct
219 1412 361 1455 CCIII,
395 1413 441 1449 l.)
475 1412 609 1445 Delev.
642 1412 792 1446 comitia
817 1418 857 1445 ut
887 1412 1112 1456 superfluam
1139 1422 1268 1444 vocem
1291 1412 1420 1445 Lamb.
1468 1411 1554 1446 Der

91 1458 205 1493 wahl
237 1458 304 1491 der
337 1458 492 1491 Aediles
532 1458 680 1490 curules
711 1458 852 1500 pflegte
892 1458 953 1491 die
978 1458 1091 1491 Wahl
1124 1457 1191 1490 der
1222 1457 1377 1491 Aediles
1409 1457 1553 1502 plebeii

91 1504 391 1547 voranzugehen.
416 1523 459 1529 —-
485 1504 619 1537 incred.
648 1503 671 1536 i.
698 1514 729 1536 e.
756 1513 923 1546 magnam
941 1504 1051 1546 opita,
1078 1503 1161 1537 scil.
1187 1503 1339 1537 Hirrum
1364 1504 1554 1548 repulsam

92 1552 279 1591 laturum,
312 1550 350 1584 id
386 1549 485 1593 quod
512 1549 647 1582 deinde
673 1549 819 1583 accidit.
845 1568 890 1574 —
914 1554 1021 1582 nacta
1046 1553 1141 1592 sunt,
1168 1550 1276 1592 weil,
1310 1551 1364 1584 als
1397 1550 1459 1583 bei
1486 1550 1557 1584 der

92 1596 405 1640 vorangebenden
431 1596 544 1629 Wahl
571 1596 637 1629 der
660 1595 924 1629 Plebeiischen
950 1596 1112 1629 Aedilen
1139 1596 1289 1630 Caelius
1315 1596 1390 1630 und
1415 1596 1557 1631 Hirrus

92 1643 174 1678 sich
201 1654 258 1676 um
285 1642 346 1676 die
372 1642 582 1676 curulische
608 1641 791 1675 Aedilit'at
822 1642 1031 1675 abermahls
1058 1642 1155 1675 beim
1183 1642 1311 1678 Volke
1336 1644 1557 1685 bewarben,

92 1690 174 1725 sicli
207 1689 310 1722 diese
335 1688 549 1722 offentliche
574 1687 754 1731 Meinung
784 1689 878 1722 iiber
904 1688 1037 1721 Hirrus
1062 1689 1164 1722 kund
1196 1690 1282 1732 gab.
1333 1691 1468 1734 Vergl.
1496 1701 1556 1734 ep.

95 1736 218 1778 CCII,
249 1736 280 1769 2.
312 1735 455 1777 CCIII,
482 1736 512 1768 l.
547 1745 603 1767 am
626 1734 746 1768 Ende.
783 1754 823 1759 —
848 1735 907 1768 M.
936 1735 1035 1769 Cael.
1067 1734 1287 1768 Vinicianus
1313 1736 1404 1777 (Md.
1437 1737 1555 1781 Neap.

95 1784 183 1818 Asc.
196 1784 226 1816 1.
250 1782 347 1815 Crat.
366 1781 467 1817 Vict.
482 1781 557 1814 1.2.
574 1781 701 1814 Lamb.
726 1780 964 1814 Vicinianum
987 1782 1052 1815 cfr.
1069 1781 1206 1825 Script.
1225 1782 1267 1815 de
1277 1782 1384 1815 Bello
1395 1783 1504 1817 Alex.
1524 1794 1554 1817 c.

95 1830 167 1870 77.)
193 1829 292 1862 hatte
319 1828 446 1861 t‘riiher
471 1828 525 1860 als
545 1827 735 1861 Tribunus
760 1827 883 1873 plebis
904 1827 974 1860 den
989 1828 1192 1872 Pompeius·
1217 1828 1281 1861 mit
1296 1829 1390 1862 aller
1407 1830 1558 1863 Gewalt

97 1885 180 1908 zum
207 1875 378 1908 Dictator
409 1874 562 1907 machen
593 1874 742 1907 wollen.
792 1873 980 1907 Desshalb
1006 1875 1112 1908 ward
1144 1886 1203 1917 er,
1238 1875 1292 1908 als
1319 1886 1360 1909 er
1386 1875 1465 1909 sich
1490 1875 1559 1909 mit

97 1922 248 1956 Caelius
287 1921 405 1954 Rufus
444 1920 519 1953 und
558 1920 692 1953 Hirrus
732 1930 790 1952 um
831 1920 891 1953 die
918 1920 1128 1954 curulische
1167 1921 1351 1954 Aedilit'at
1390 1922 1559 1965 bewarb,

97 1967 323 2003 schmahlich
347 1966 691 2009 zuriickgewiesen.
741 1966 837 2000 Dem
862 1966 1011 2009 zufolge
1034 1973 1171 2001 musste
1196 1968 1289 2001 auch
1315 1967 1464 2011 Hirrus,
1492 1969 1561 2001 der

97 2014 270 2048 dasselbe
295 2013 452 2057 gewollt
476 2013 550 2046 und
575 2012 769 2046 betrieben
795 2013 909 2055 hatte,
936 2013 1171 2056 abgewiesen
1197 2014 1364 2048 werden.
1393 2033 1435 2039 ——
1460 2026 1563 2048 men-

99 2061 153 2094 tio
178 2061 246 2093 illa
271 2061 374 2102 fatua
400 2059 421 2093 i.
450 2071 481 2092 e.
510 2059 575 2092 illa
600 2060 676 2100 leX,
704 2070 810 2101 quam
836 2060 883 2093 ad
908 2060 1087 2103 populum
1113 2061 1242 2093 retulit
1269 2060 1389 2102 (iener
1405 2062 1562 2094 alberne

100 2107 273 2149 Antrag),
300 2112 335 2139 et
353 2106 604 2149 promulgatio
626 2105 773 2139 bezieht
799 2105 878 2139 sich
901 2106 1030 2139 beides
1057 2107 1122 2139 auf
1143 2107 1203 2140 die
1228 2108 1364 2140 worte
1381 2108 1424 2141 de
1441 2108 1560 2141 dicta-

102 2157 180 2186 tore
206 2152 285 2186 scil.
312 2152 495 2195 Pompeio
529 2152 701 2185 creando.
728 2170 773 2177 —
806 2153 936 2185 deiecit
961 2152 1039 2186 scil.
1067 2153 1278 2195 aedilitate,
1312 2153 1373 2186 hat
1405 2154 1468 2187 ihn
1501 2165 1562 2188 uin

102 2199 166 2232 die
190 2199 379 2241 Hoffnung
404 2199 596 2242 gebracht,
624 2198 737 2233 Aedil
762 2209 808 2232 zu
822 2199 986 2233 werden.
1014 2219 1045 2225 -
1071 2202 1105 2232 et
1129 2200 1304 2233 deiectum
1322 2210 1458 2242 magno
1485 2201 1563 2234 cla-

0 2253 1 2258 *
103 2256 204 2278 more
236 2245 395 2278 insecuta
428 2249 479 2277 est
510 2252 599 2278 statt
623 2245 674 2278 ita
700 2252 739 2278 ut
764 2244 947 2278 deiectum
972 2256 1105 2289 magno
1132 2246 1294 2279 clamore
1326 2246 1435 2290 plebs
1463 2247 1563 2280 inse-

104 2297 296 2333 queretur.
326 2309 367 2315 -
399 2291 488 2324 Inde
519 2292 675 2324 Hirrum
701 2304 730 2325 c.
757 2292 834 2325 iam
858 2302 928 2324 non
950 2293 1022 2333 fac.
1047 2292 1232 2334 flagitare.
1267 2293 1409 2336 Nempe
1436 2302 1564 2326 omnes

105 2337 311 2370 clamabant
336 2336 486 2369 Hirrum
514 2337 641 2370 eadem
667 2336 713 2371 de
739 2348 848 2371 causa
878 2348 949 2370 non
977 2349 1058 2372 esse
1084 2339 1290 2372 faciendum
1317 2339 1474 2372 aedilem
1501 2350 1566 2372 cu-

106 2383 235 2416 rulem.
286 2384 409 2424 Atque
435 2393 483 2416 ex
508 2383 564 2417 his
591 2385 835 2425 clamoribus,
862 2385 1061 2419 voluntatis
1087 2385 1218 2429 populi
1245 2385 1446 2427 indicibus,
1473 2385 1568 2418 Cae-

106 2429 180 2462 lius
213 2428 416 2471 colligebat
446 2429 598 2463 Hirrum
633 2430 827 2464 aedilitate
853 2431 1034 2464 deiectum
1061 2431 1121 2465 iri.
1154 2431 1260 2465 SCH.
1312 2430 1376 2464 Sic
1404 2431 1504 2466 Vict.
1532 2431 1566 2465 2.

108 2475 242 2522 Graexj.
269 2475 374 2508 Rost.
401 2474 501 2518 spec.
529 2476 563 2518 2,
585 2488 622 2519 p.
649 2478 681 2511 8.
710 2477 831 2510 cuncti
855 2488 902 2510 αη
935 2488 1005 2510 uon
1030 2477 1106 2511 Md.
1139 2478 1242 2513 Vict.
1268 2478 1299 2509 l.
1327 2477 1418 2511 Ern.
1445 2477 1569 2511 cuncti

71 2532 180 2554 ·uon
214 2521 299 2555 Seli.
330 2521 423 2554 Liin.
457 2523 576 2555 cuncti
618 2523 692 2555 iam
731 2524 779 2555 (ια’
819 2534 899 2557 non.
932 2524 1054 2557 Lamb.
1093 2524 1213 2557 cuncti
1251 2523 1299 2555 ad
1337 2534 1420 2556 non.
1476 2524 1567 2560 Cld.

108 2567 203 2609 Reg.
231 2567 329 2600 Crat.
358 2567 452 2600 Lall.
478 2567 617 2602 Bened.
647 2569 840 2603 ORELLI.
873 2570 997 2604 Ueber
1022 2570 1094 2603 'den
1118 2568 1257 2603 Infinit.
1285 2568 1367 2602 hist.
1394 2570 1568 2611 flagitare

109 2624 138 2646 s.
165 2613 315 2646 Ramsh.
344 2614 372 2656 §.
402 2613 479 2653 168,
505 2615 539 2647 5.
567 2615 707 2649 Grotet'.
734 2617 760 2658 §.
788 2617 863 2650 170.
891 2635 935 2642 —
960 2617 1183 2658 auditarum,
1211 2615 1370 2649 niimlicli
1396 2616 1481 2650 dass
1506 2617 1567 2650 ich

111 2659 269 2692 erwalilt
294 2660 367 2692 und
392 2658 496 2692 iener
521 2660 799 2704 durchget'allen
826 2662 894 2696 sei.

201 2705 233 2739 4.
282 2709 486 2749 exspectare
517 2707 661 2751 desiera,
695 2707 848 2751 solglich
886 2708 1025 2742 konnte
1056 2717 1097 2741 er
1134 2706 1191 2741 bis
1225 2705 1336 2741 dabin
1368 2706 1442 2741 ihm
1475 2709 1568 2743 auch
