1795 3043
480 56 790 106 EPISTOLA
824 57 1126 106 cchxvn.
1407 62 1507 111 ⁵05

170 182 482 231 EPISTOLA
514 183 821 231 CCCLXVH.
865 181 947 246 (ad
980 185 1086 230 Div.
1122 181 1251 230 vm.
1289 185 1391 244 16.)

319 271 400 308 Ser.
425 282 552 308 meuse
574 272 700 319 Aprili
724 273 769 307 Α.
791 271 836 306 U.
863 270 903 306 C.
927 272 1007 307 705.
1032 273 1080 315 (a.
1108 272 1149 306 C.
1174 272 1247 315 49.)

64 340 180 380 Pulso
208 350 256 375 ex
279 340 387 375 Italia
408 340 593 386 Pompeio
630 345 738 385 rogat
760 338 980 374 Ciceronem
1003 339 1170 383 Caelius,
1208 345 1248 374 ut
1281 337 1390 375 saluti
1421 347 1509 373 suae

108 387 272 422 consulat
295 397 389 421 neve
413 387 588 421 afflictam
612 387 793 421 fortunam
817 393 1012 428 sequatur,
1044 387 1268 430 suadetque,
1300 392 1339 421 ut
1362 395 1402 420 se
1425 384 1463 419 in

296 433 457 477 aliquam
481 434 611 468 urbem
636 433 736 467 bello
760 442 912 466 vacuam
937 432 1108 477 recipiat.
1149 433 1269 467 1-5.

505 500 718 538 CAELIUS
749 500 991 536 CICERONI
1025 500 1065 536 S.

172 558 447 601 Exanimatus
475 561 598 613 [sum]
632 560 715 601 tuis
730 559 891 610 literis,
927 559 1080 612 quibus
1099 560 1141 599 te
1162 557 1270 600 nihil
1289 557 1371 599 nisi
1392 557 1510 599 triste

64 616 249 670 cogitare
278 617 493 659 ostendisti
520 629 670 669 neque,
699 616 743 657 id
772 616 874 668 quid
904 617 1026 665 esset,
1058 616 1344 669 perscripsisti
1371 627 1511 666 neque

62 686 147 714 non
185 676 350 728 tamen,
396 675 520 725 quale
556 676 690 722 esset,
739 674 850 725 quod
888 675 1115 728 cogitares,
1155 672 1376 726 aperuisti:
1433 672 1511 712 has

63 730 117 771 ad
145 733 186 771 te
212 732 331 773 illico
358 732 505 772 literas
534 730 696 784 scripsi.
753 731 837 771 Per
864 731 1053 771 fortunas
1083 733 1197 782 tuas,
1228 730 1397 781 Cicero,
1434 741 1512 780 per

62 787 219 828 liberos
248 800 348 837 oro,
389 788 590 837 obsecro,
627 800 681 828 ne
711 786 813 839 quid
842 787 1010 840 gravius
1039 787 1090 827 d'e
1119 789 1255 828 salute
1285 788 1326 826 et
1352 786 1513 825 incolu-

62 844 208 885 mitate
244 846 318 886 tua
354 847 562 888 consulas.
618 844 726 885 Nam
761 844 861 884 deos
898 845 1172 895 hominesque
1201 843 1513 893 amicitiamque

62 903 246 943 nostram
263 901 468 943 testificor
488 915 553 943 me
575 902 654 943 tibi
670 901 926 955 praedixisse
946 913 1083 952 neque
1101 902 1259 940 temere
1280 899 1511 939 monuisse:

62 958 159 1010 sed,
201 961 422 1011 postquam
456 960 674 1000 Caesarem
715 958 982 998 convenerim
1026 958 1358 1008 sententiamque
1406 956 1511 1002 eius,

63 1016 200 1068 qualis
228 1017 370 1057 sutura
399 1018 507 1057 esset
535 1018 655 1068 parta
673 1015 874 1062 victoria,
911 1014 1200 1066 cognoverim,
1230 1016 1272 1053 te
1291 1013 1516 1053 certiorem

61 1072 225 1116 fecisse.
284 1074 329 1113 Si
360 1074 572 1113 existimas
602 1072 776 1112 eandem
804 1072 1010 1111 rationem
1040 1072 1132 1110 fore
1162 1070 1332 1110 Caesari
1368 1070 1412 1109 in
1452 1068 1514 1108 di·

62 1128 276 1171 mittendis
299 1129 548 1172 adversariis
576 1130 617 1169 et
639 1127 949 1169 conditionibus
970 1126 1177 1176 ferendis,
1207 1139 1338 1168 erraS.
1394 1124 1513 1166 Nihil

62 1186 147 1229 nisi
176 1188 296 1227 atrox
333 1187 375 1226 et
415 1198 585 1227 saevum
615 1186 773 1237 cogitat
802 1186 931 1235 atque
962 1185 1088 1224 etiam
1115 1183 1317 1235 loquitur.
1373 1182 1513 1223 Iratus

63 1244 226 1284 senatui
255 1243 378 1284 exiit:
417 1243 484 1283 his
511 1240 885 1284 intercessionibus
912 1241 1041 1292 plane
1069 1240 1266 1280 incitatus
1296 1240 1375 1279 est:
1414 1251 1514 1290 non,

63 1301 331 1351 mehercule,
369 1300 451 1340 erit
478 1298 772 1352 deprecationi
800 1298 931 1338 locus.
991 1297 1154 1344 Quare,
1195 1296 1232 1336 si
1262 1295 1340 1336 tibi
1367 1296 1436 1348 tu,
1478 1295 1513 1335 si

64 1356 178 1399 filius
213 1357 391 1404 unicus,
437 1357 473 1397 si
512 1356 679 1408 domus,
722 1355 758 1395 si
794 1367 889 1407 spes
929 1355 1028 1396 tuae
1057 1353 1247 1404 reliquae
1282 1352 1362 1392 tibi
1390 1363 1515 1393 carae

41 1416 186 1463 .sunt;
223 1414 258 1454 si
287 1413 448 1465 aliquid
478 1413 590 1465 apud
618 1414 660 1452 te
688 1424 788 1464 nos,
830 1412 866 1452 si
893 1411 960 1452 vir
989 1411 1196 1463 optimus,
1246 1420 1375 1461 gener
1401 1411 1515 1456 tuus,

64 1471 201 1511 valet:
251 1482 427 1522 quorum
462 1471 673 1510 fortunam
711 1481 797 1509 non
838 1467 964 1508 debes
1006 1468 1118 1508 velle
1148 1466 1426 1518 conturbare,
1468 1467 1517 1505 ut

66 1539 159 1568 eam
188 1539 377 1579 causam,
416 1527 461 1567 in
491 1526 610 1568 cuius
640 1525 820 1567 victoria
848 1514 960 1566 saihs
988 1524 1134 1564 nostra
1165 1524 1250 1571 est,
1282 1523 1416 1563 odisse
1446 1522 1518 1562 aut

155 1649 388 1685 CAELIUS.
437 1650 476 1685 S.
499 1660 546 1684 zu
570 1660 630 1694 ep.
658 1647 800 1683 CXCII
824 1647 872 1682 im
897 1648 983 1683 Ans.

156 1708 190 1742 1.
229 1708 336 1752 [sum]
384 1707 552 1741 Alterum
584 1706 796 1750 exemplum
827 1705 954 1738 harum
984 1704 1176 1739 literarum
1206 1709 1263 1739 est
1287 1702 1332 1737 ad
1357 1702 1519 1737 Atticum

66 1754 126 1796 X,
156 1755 179 1788 9
215 1754 498 1797 (CCCLXXV).
539 1763 609 1786 om.
642 1763 721 1785 sum
754 1753 842 1785 Asc.
868 1753 901 1785 1.
939 1751 1066 1785 Lamb.
1109 1751 1206 1785 Lall.
1246 1749 1443 1784 ORELLI.
1476 1766 1522 1773 -

66 1811 176 1844 neque
206 1806 326 1833 tamen
357 1825 367 1833 .
392 1822 402 1832 .
431 1825 439 1834 .
467 1798 738 1843 perscripsisti,
782 1797 968 1840 deutlich,
1009 1796 1236 1840 vollstandig
1275 1795 1522 1839 geschrieben

67 1846 163 1880 hast.
201 1865 247 1871 —
292 1855 402 1888 neque
431 1856 521 1887 non,
565 1845 640 1879 und
675 1844 712 1877 in
744 1843 812 1878 der
843 1844 949 1878 That.
999 1843 1037 1878 S.
1071 1843 1221 1876 Ramsh.
1247 1843 1277 1884 ἕ.
1297 1843 1381 1885 173,
1416 1843 1457 1884 3,
1488 1851 1521 1874 a.

69 1892 214 1926 Grotef.
239 1892 270 1935 ξ.
285 1893 364 1926 337.
397 1892 477 1934 338,
501 1893 534 1926 3.
561 1910 603 1916 —
651 1900 738 1932 ονο,
763 1890 919 1924 obsecro.
951 1889 1016 1923 Cd.
1042 1889 1269 1923 petrarchae
1295 1889 1371 1922 Act.
1394 1887 1522 1921 Lamb.

71 1938 206 1972 liberos
237 1942 271 1970 te
302 1948 366 1971 oro
398 1941 431 1970 et
461 1937 618 1972 obsecre.
667 1936 801 1970 Fuitne
834 1947 883 1969 ex
915 1935 1183 1969 consuetudine
1208 1933 1361 1967 Latina:
1393 1933 1465 1967 Per
1489 1936 1523 1965 te

70 1986 238 2026 fortunas
268 1984 357 2017 ceti
398 1983 593 2018 ORELLI.
642 1983 809 2024 obsecro,
843 1982 1052 2016 beschwiir'
1084 1980 1145 2015 ich
1168 1980 1267 2014 Dich
1305 1979 1365 2012 bei
1388 1979 1522 2021 Allem,

71 2041 149 2064 was
172 2029 290 2073 heilig
316 2029 375 2063 ist.
409 2049 453 2054 —
500 2040 543 2062 ne
568 2055 576 2063 .
600 2054 608 2062 .
629 2054 637 2062 .
664 2028 850 2071 consulas,
884 2027 1026 2071 ergreif
1046 2026 1157 2061 keiue
1182 2025 1414 2068 lxlaasregel,
1444 2035 1523 2059 wo-

71 2076 190 2111 durch
233 2076 333 2110 Dein
372 2075 598 2118 Burgerheil
635 2075 710 2108 und
745 2073 868 2108 Deine
904 2074 1120 2107 Wohlfahrt
1155 2072 1295 2105 konnte
1330 2070 1525 2105 befahrdet

71 2121 235 2157 werden.
269 2141 313 2147 --
355 2122 585 2166 praedixi-sse
609 2120 742 2155 omnia.
775 2139 817 2145 —
865 2124 1017 2163 temere,
1054 2119 1150 2152 ohne
1181 2117 1324 2152 Grund.
1360 2136 1401 2142 -—
1447 2128 1526 2150 sen-

0 2178 2 2196 ?
73 2169 289 2212 tentiamque
319 2173 408 2202 Statt
436 2169 681 2211 sententiaque
707 2166 783 2199 eius
807 2166 925 2210 qualis
949 2172 1041 2209 cet.‚
1085 2166 1177 2199 Was
1203 2175 1244 2198 er
1267 2174 1313 2197 zu
1338 2162 1428 2196 thun
1460 2173 1525 2206 ge-

74 2215 206 2248 denke.
255 2213 328 2248 Ein
352 2214 611 2248 Hellenismus.
661 2212 700 2247 S.
726 2213 874 2247 Ramsh.
900 2213 928 2255 §.
947 2212 1036 2253 206,
1062 2212 1117 2253 A,
1144 2211 1176 2245 5.
1200 2229 1246 2236 —
1293 2209 1439 2243 eandem
1462 2219 1527 2241 ra-

75 2262 208 2294 tionem
234 2262 313 2303 fore
338 2261 490 2294 Caesari
516 2260 540 2293 i.
565 2270 596 2293 e.
629 2259 765 2301 Erras,
789 2257 822 2292 si
846 2265 954 2303 putas
979 2258 1174 2291 Caesarem
1199 2261 1284 2301 post
1308 2254 1524 2299 Pompeium

75 2307 185 2352 plane
210 2306 393 2340 devictum
419 2317 499 2340 cum
524 2304 747 2339 adversariis
773 2304 827 2338 sic
850 2310 1033 2346 acturum,
1062 2309 1099 2337 ut
1119 2313 1197 2336 cum
1212 2300 1402 2342 Domitio,
1428 2300 1527 2334 Len-

78 2353 154 2387 tulo
187 2351 366 2395 aliisque,
408 2359 447 2387 ut
480 2362 544 2385 eos
576 2351 780 2385 incolumes
805 2349 966 2384 dimittat
997 2355 1034 2383 et
1058 2348 1164 2383 mites
1191 2348 1266 2382 illis
1293 2345 1528 2380 conditiones

76 2401 182 2433 ferat.
215 2398 321 2432 SC'H.
352 2417 396 2423 —
443 2398 532 2431 exiit
555 2398 691 2438 Roma,
728 2408 770 2430 er
794 2397 857 2430 hat
881 2396 974 2429 Rom
999 2395 1196 2429 verlassen.
1237 2393 1330 2436 vgl.
1355 2393 1383 2435 §-
1399 2393 1420 2426 8
1446 2402 1481 2425 u.
1505 2393 1529 2426 9

78 2444 143 2479 des
168 2443 286 2487 vorig.
311 2444 373 2478 ΒΓ.
400 2462 443 2469 --
491 2444 829 2485 intercessionibus,
855 2441 1114 2486 Einspriiche‚
1137 2439 1283 2474 Metelli
1310 2437 1529 2483 praesertim

78 2490 218 2525 tribuni
243 2489 377 2534 plebis.
413 2509 455 2515 —
501 2501 573 2523 non
598 2516 607 2524 .
625 2515 633 2524 .
655 2515 664 2523 .
689 2490 829 2534 depr-ec.
855 2488 974 2530 locus,
1016 2488 1089 2521 und
1114 2486 1205 2520 alles
1228 2485 1407 2519 Abbitten
1431 2483 1529 2518 wird

79 2537 175 2570 dann
199 2536 286 2570 kein
314 2536 442 2570 Gehor
465 2536 601 2570 finden.

169 2583 202 2616 2.
235 2582 269 2615 si
294 2582 435 2626 aliquid
459 2582 555 2625 apud
579 2586 611 2614 te
635 2593 699 2615 nos
724 2582 886 2616 valemus
910 2590 975 2614 aus
1000 2579 1118 2620 valet,
1143 2576 1266 2610 wofiir
1286 2576 1446 2610 valemus
1463 2575 1532 2610 cd.

81 2629 184 2663 Petr.
213 2630 290 2662 Ant.
324 2628 417 2662 Lun.
468 2628 505 2661 S.
532 2628 681 2661 Ramsh.
708 2629 737 2670 §.
753 2629 818 2670 96,
842 2630 877 2662 3.
914 2625 1057 2660 Grotef.
1082 2625 1111 2667 §.
1130 2624 1216 2665 194,
1242 2625 1276 2657 1.
1303 2641 1344 2647 --
1381 2632 1532 2666 quorum

81 2676 279 2717 fortunam.
330 2674 445 2708 Attio.
477 2674 572 2708 Edd.
604 2674 828 2719 pleraeque,
867 2672 992 2706 Lamb.
1027 2671 1120 2703 Lun.
1154 2679 1297 2711 eorum,
1338 2668 1403 2703 sed
1436 2668 1532 2701 cons.

82 2720 212 2755 Rostii
241 2721 342 2766 δρα.
372 2722 402 2756 1.
430 2721 542 2765 p.15.
571 2720 766 2762 fortunam.
815 2718 880 2756 Sic
912 2717 987 2753 Md.
1017 2715 1118 2751 Vict.
1144 2716 1175 2751 1.
1208 2713 1347 2750 Bened.
1379 2714 1531 2749 Liinem.

1535 1304 1564 1343 to
