1795 3043
612 40 925 88 EPISTOLA
961 40 1162 89 CXCVI.
1547 47 1616 94 29

154 154 319 206 aliquid
360 153 412 194 de
450 165 517 194 me
554 154 664 194 scire
699 155 877 194 sortasse
914 154 1058 195 mavis.
1118 153 1237 194 Haec
1281 154 1394 195 sunt.
1460 152 1615 195 Adhuc

153 215 344 265 sumptus
373 224 452 252 nee
480 211 524 250 in
555 223 622 251 me
652 213 725 251 aut
755 211 927 263 publice
958 213 1031 251 aut
1059 212 1259 262 privatim
1289 224 1368 251 nec
1399 210 1443 251 in
1475 223 1616 262 quem-

155 282 282 320 quam
322 269 538 309 comitum.
597 268 719 309 Nihil
757 268 972 319 accipitur
1007 269 1101 321 lege
1138 269 1267 316 Iulia,
1307 268 1419 309 nihil
1457 267 1510 308 ab
1541 269 1616 308 ho-

154 327 278 378 spite.
336 327 589 366 Persuasum
619 326 682 365 est
710 324 904 364 omnibus
933 325 1036 365 meis
1066 325 1330 366 serviendum
1360 338 1452 365 esse
1479 326 1617 365 famae

154 395 289 425 meae.
349 384 470 423 Belle
501 383 652 423 adhuc.
711 382 806 422 Hoc
836 382 1175 422 animadversum
1199 383 1460 423 Graecorum
1489 382 1618 422 laude

155 444 197 480 et¹
225 442 360 482 multo
390 452 583 480 sermone
613 439 868 479 celebratur.
912 439 1033 487 Quod
1061 442 1267 490 superest,
1297 439 1543 480 elaboratur
1571 440 1618 480 in

155 499 238 539 hoc
267 512 292 538 a
321 509 401 544 me,
433 498 546 538 sicut
574 496 653 536 tibi
682 497 794 536 sensi
826 497 1010 548 placere.
1099 496 1181 536 Sed
1218 497 1324 537 haec
1355 498 1444 536 tum
1473 497 1618 537 laude-

155 568 272 602 mus,
321 566 450 606 quum
499 556 623 595 erunt
666 556 878 605 perorata.
939 554 1119 604 Reliqua
1161 558 1260 594 sunt
1301 553 1529 607 eiusmodi,
1569 556 1670 596 uta

156 624 294 652 meum
333 611 556 652 consilium
594 623 719 662 saepe
747 611 1079 662 reprehendam,
1121 611 1233 661 quod
1262 624 1346 650 non
1378 611 1521 662 aliqua
1551 624 1619 652 ra·-

156 670 272 709 tione
313 681 365 708 ex
401 669 483 708 hoc
526 669 696 721 negotio
736 668 994 709 emerserim.
1054 668 1087 707 Ο
1127 680 1217 708 rem
1258 668 1431 708 minime
1473 670 1618 721 aptam

157 727 263 766 meis
294 725 502 766 moribus!
564 726 597 766 0
628 724 736 764 illud
764 737 926 773 verum,
958 724 1067 773 ἕρδοι
1096 726 1181 766 τις]
1239 725 1380 774 Dices,
1415 726 1516 776 quid
1546 727 1618 766 ad-

157 781 272 824 huc?
314 782 510 823 Nondum
541 783 653 822 enim
681 783 726 821 in
754 783 924 835 negotio
955 782 1152 824 versaris,
1211 781 1393 832 Nesci03
1440 785 1482 822 et
1510 786 1617 835 puto

158 840 402 879 molestiora
442 841 627 880 restaret
673 839 752 879 etsi
787 840 894 880 haec
924 839 1016 891 ipsa
1053 841 1144 880 fero
1181 840 1376 890 equidem
1403 841 1543 881 fronte
1573 842 1617 881 et.

157 898 278 937 vultu
309 896 560 945 bellissime,
592 896 664 936 sed
694 908 826 948 angor
852 897 1013 936 intimis
1054 896 1265 937 sensibus:
1295 897 1356 936 ita
1385 899 1518 938 multa
1547 899 1616 939 vel

157 953 360 994 iracunde
389 955 458 993 vel
486 954 719 993 insolenter
748 955 817 994 vel
846 955 893 994 in
925 954 1041 993 omni
1069 966 1222 1006 genere
1254 954 1456 994 stultitiae
1485 955 1619 995 insul-

158 1024 217 1058 se,
251 1014 496 1062 arroganter
526 1013 568 1051 et
597 1011 799 1051 dicuntur
830 1013 872 1051 et
900 1012 1099 1052 tacentur
1130 1011 1336 1062 quotidie.
1369 1012 1498 1061 Quae,
1530 1025 1617 1052 non

159 1080 242 1119 quo
272 1070 314 1107 te
351 1069 511 1115 celem,
554 1081 638 1108 non
670 1068 914 1119 perscribo:
956 1068 1028 1107 sed
1069 1069 1168 1119 quia
1207 1067 1463 1117 δυςεξιῖλλητα
1503 1073 1616 1111 sunt.

158 1144 273 1178 Reise
297 1143 426 1177 weder
451 1144 510 1177 fur
533 1143 631 1177 mich
656 1144 751 1177 noch
776 1145 835 1177 fur
861 1145 994 1187 irgend
1019 1145 1140 1178 Einen
1166 1145 1304 1179 meiues
1331 1146 1510 1190 Gefolges
1535 1148 1619 1181 dem

160 1190 287 1225 Staate
318 1190 410 1223 oder
442 1190 548 1224 einer
579 1190 849 1235 Privatperson
881 1191 942 1224 die
978 1191 1195 1235 geringsten
1221 1192 1363 1226 Kosten
1392 1195 1621 1228 verursacht.

160 1256 205 1261 -—
231 1238 311 1278 lege
336 1237 448 1278 Iulia,
473 1236 571 1278 „wir
595 1237 750 1270 nehmen
776 1237 878 1270 nicht
898 1238 1032 1270 einmal
1059 1238 1187 1271 Etwas
1212 1249 1283 1271 von
1309 1240 1419 1282 Dcm,
1443 1251 1528 1274 was
1545 1241 1621 1275 wir

161 1283 254 1316 nach
293 1283 375 1315 dem
418 1283 605 1316 Iulischen
649 1284 810 1317 Gesetze
850 1284 1003 1317 fordern
1035 1284 1218 1326 konnten;
1252 1286 1345 1318 auch
1376 1287 1506 1320 Richts
1546 1298 1621 1321 von

162 1339 297 1363 unsern
324 1328 535 1362 Wirfflenf‘
605 1329 708 1362 Nach
733 1330 871 1363 diesem
897 1341 980 1362 vom
1006 1330 1125 1364 lulius
1151 1332 1280 1373 casas,
1307 1332 1360 1364 als
1386 1344 1427 1365 er
1452 1343 1534 1366 zum
1559 1345 1621 1367 er-

161 1383 242 1410 sten
280 1375 379 1408 Male
405 1375 543 1408 Consul
569 1386 667 1418 war,
701 1376 919 1419 gegebenen
946 1376 1107 1410 Gesetze
1145 1377 1281 1410 sollten
1317 1378 1379 1411 die
1403 1380 1621 1414 Provinzen

162 1423 233 1456 den
260 1421 576 1455 durchreisenden
602 1421 845 1455 Statthaltern
872 1422 944 1455 und
970 1423 1040 1455 den
1067 1433 1113 1456 zu
1138 1422 1256 1455 ihrem
1283 1423 1443 1469 Gesolge
1468 1427 1621 1470 gebori-

162 1479 234 1512 gen
259 1469 452 1502 Personen
480 1478 512 1500 u.
539 1478 566 1500 s.
593 1478 640 1501 w.
666 1474 768 1501 sonst
792 1468 922 1501 Nichts
948 1469 1001 1501 als
1027 1469 1090 1502 das
1124 1468 1343 1513 benothigte
1367 1472 1486 1516 Holz‚
1520 1472 1622 1516 Salz‚

164 1516 245 1548 Heu
273 1515 330 1546 fiir
356 1514 416 1546 die
441 1514 581 1547 Pferde
606 1525 640 1547 u.
665 1525 692 1547 s.
719 1524 765 1547 w.
802 1514 1072 1558 unentgeltlich
1103 1525 1149 1548 zu
1180 1515 1315 1549 lietern
1350 1517 1481 1553 haben.
1506 1538 1551 1543 —
1575 1520 1622 1553 ab

163 1561 311 1604 hospite.
359 1559 518 1594 Publice
552 1560 648 1593 enim
682 1559 846 1604 hospitia
876 1561 1155 1604 magistratibus
1186 1561 1224 1595 in
1257 1563 1472 1606 provincias
1503 1566 1623 1609 profi-

163 1606 388 1641 ciscentibus
409 1606 603 1648 dabantur,
629 1617 738 1649 quum
758 1607 893 1651 hospes
909 1608 1044 1650 cuique
1065 1619 1152 1641 suus
1170 1608 1442 1653 assignaretur3
1474 1612 1539 1645 sed
1558 1612 1623 1647 Ci-

163 1664 251 1687 cero
286 1659 469 1696 sumptum
503 1652 641 1694 ubique
673 1652 762 1685 fecit
794 1653 841 1686 de
875 1664 963 1695 suo,
1005 1654 1124 1698 accipi
1166 1656 1211 1688 ab
1244 1655 1456 1699 hospitibus
1488 1658 1621 1692 vetuit.

0 1697 2 1726 1¹
162 1698 461 1735 MANUTIUS.
488 1718 531 1722 —
557 1698 797 1732 Persuasum.
812 1725 840 1732 ..
867 1711 978 1741 meae,
994 1701 1067 1733 alle
1084 1701 1204 1735 meine
1223 1701 1342 1735 Leute
1367 1704 1486 1737 haben
1512 1705 1623 1738 sich's

4 1727 10 1783 f
163 1757 232 1780 zur
267 1745 385 1789 Regel
422 1745 611 1788 gemacht,
647 1745 802 1777 meinem
834 1752 948 1789 guten
978 1746 1058 1779 Rut'
1093 1747 1190 1781 diess
1221 1748 1339 1791 Opfer
1374 1760 1419 1783 zu
1451 1750 1623 1795 bringeri.

4 1788 8 1817 ¹
169 1791 434 1826 WIELAND.
463 1811 507 1815 —
533 1791 638 1824 Belle
663 1791 799 1833 adhuc,
834 1791 872 1824 in
898 1803 939 1826 so
965 1793 1056 1826 weit
1081 1793 1169 1836 geht
1204 1805 1243 1827 es
1270 1794 1326 1828 bis
1358 1795 1449 1830 ietzt
1473 1803 1550 1841 gut.
1576 1816 1623 1823 —-

5 1867 6 1872 ,
165 1839 268 1874 Quod
291 1841 451 1881 superest
473 1850 520 1870 z
544 1837 649 1870 kurz.
674 1857 719 1861 —
739 1838 899 1881 placere.
925 1840 1043 1882 vergl.
1079 1840 1113 1873 d.
1138 1840 1259 1884 vorig.
1284 1841 1406 1876 Brief:
1445 1850 1484 1876 ut
1509 1854 1623 1888 saepe

165 1893 205 1918 tu
236 1896 293 1918 me
318 1890 526 1917 currentem
560 1884 730 1917 hortatus
764 1895 814 1918 es.
840 1904 884 1908 —
911 1890 1089 1928 perorata
1113 1887 1368 1931 metaphorice
1399 1889 1423 1923 i.
1448 1901 1483 1932 q.
1509 1901 1624 1934 quum

165 1932 212 1965 de
236 1929 430 1975 provincia
454 1930 665 1963 dec-essem.
702 1929 824 1972 8011„
848 1942 958 1964 wann
982 1932 1087 1966 Alles
1112 1933 1244 1966 vorbei
1268 1934 1348 1967 sein
1373 1935 1483 1970 wird.

255 1979 289 2012 3.
336 1987 380 2009 ex
405 1976 470 2009 hoc
495 1977 656 2019 negotio,
681 1987 745 2009 aus
772 1977 895 2011 dieser
920 1978 1029 2020 Last,
1066 1978 1148 2012 eine
1179 1981 1345 2014 Provinz
1380 1992 1425 2015 zu
1462 1983 1623 2016 verwal-

165 2030 239 2057 ten.
261 2043 305 2047 —
327 2023 477 2056 minime
502 2027 634 2066 aptam.
682 2023 774 2056 Nam
799 2023 962 2057 clitellae
985 2024 1074 2058 bovi
1098 2032 1183 2058 sunt
1208 2025 1415 2070 impositae.
1447 2029 1535 2064 Vid.
1563 2041 1624 2074 ep.

166 2070 330 2112 CCVII,
353 2071 386 2104 3.
413 2069 571 2102 Corrasl.
598 2080 688 2102 -ὀ
715 2070 812 2102 illud
836 2081 882 2112 v.,
909 2073 949 2104 o!
975 2070 1050 2104 wie
1076 2072 1181 2105 wahr
1208 2073 1255 2105 ist
1281 2073 1378 2117 Das,
1412 2085 1490 2108 was
1518 2075 1626 2110 iener

164 2116 326 2150 Dichter
352 2121 443 2159 sagt.
480 2114 543 2149 Sic
566 2115 667 2150 Vict.
694 2117 724 2149 1.
751 2122 789 2148 ut
814 2116 884 2160 Ep.
909 2117 955 2150 ad
979 2119 1056 2151 Att.
1084 2117 1129 2152 V.
1156 2120 1198 2151 ll
1222 2119 1258 2151 si
1280 2131 1406 2153 verum
1428 2122 1525 2155 illud
1549 2126 1622 2164 θείς

165 2169 203 2196 et
228 2163 291 2196 ubi
317 2163 413 2195 non}
438 2161 543 2194 illum
568 2162 663 2195 Cett.
693 2162 889 2195 ORELLI.
916 2183 960 2187 —
984 2164 1085 2211 ἕρδοι
1109 2178 1161 2205 τις
1178 2165 1221 2207 ἡί)
1243 2167 1394 2208 ἕκαστος
1416 2169 1526 2212 εἰδείη
1543 2170 1624 2211 τέχ·

165 2223 244 2251 νην,
269 2209 355 2251 „ein
381 2207 490 2241 leder
515 2207 636 2240 treibe
667 2218 737 2241 nur
761 2208 822 2241 die
846 2209 986 2251 Kunst‚
1013 2210 1074 2242 die
1098 2221 1140 2242 er
1164 2212 1371 2251 versteht‚“
1415 2213 1497 2247 Der
1521 2215 1624 2249 1422.

164 2255 265 2290 Vers
290 2265 354 2287 aus
378 2254 569 2298 Aristoph.
604 2254 735 2298 Vesp„
775 2266 910 2288 wovon
937 2256 1072 2290 Cicero
1104 2257 1196 2289 nach
1222 2257 1346 2291 seiner
1372 2258 1625 2294 Gewohnheit

165 2311 236 2334 nur
281 2301 340 2334 die
382 2300 479 2334 zwei
520 2306 643 2334 ersten
682 2301 816 2334 VVorte
851 2302 1010 2335 anfiihrt.
1073 2302 1159 2346 vgl.
1198 2303 1309 2338 Tusc.
1344 2305 1454 2350 Disp.
1488 2307 1530 2349 1,
1565 2307 1622 2341 18.

165 2358 202 2380 u.
232 2346 308 2380 das.
335 2347 473 2380 Moser.
546 2346 668 2388 Dices,
704 2348 792 2390 qnid
824 2348 952 2391 adhuc,
988 2359 1102 2392 sagen
1137 2349 1245 2382 wirst
1270 2351 1352 2384 Du:
1389 2351 1464 2385 wie
1488 2352 1625 2386 kannst

165 2393 229 2426 Du
256 2392 345 2425 ietzt
377 2393 491 2425 sehon
524 2402 566 2425 so
599 2394 781 2437 sprechen
812 2405 845 2427 u.
878 2405 906 2428 s.
941 2395 1031 2427 w.3“
1055 2413 1100 2418 —
1147 2396 1303 2440 Nescio,
1350 2397 1498 2431 freilich
1530 2399 1625 2434 weis

163 2439 225 2472 ich
257 2439 389 2472 Nichts
421 2438 553 2471 darauf
579 2448 625 2472 zu
667 2446 887 2474 antworten.
946 2440 1031 2474 Scio
1070 2440 1155 2474 Sch.
1186 2442 1280 2476 Lun.
1319 2443 1442 2477 tacite.
1478 2445 1553 2478 ΟΒ.
1578 2464 1625 2471 —

164 2504 209 2509 —
233 2489 266 2517 et
291 2486 462 2518 dicuntur
485 2495 617 2529 nempe
641 2496 662 2518 a
686 2486 883 2520 comitibus
909 2487 1012 2520 meis.
1059 2487 1167 2521 SCH.
1193 2488 1248 2521 Er
1260 2489 1374 2522 meint
1399 2489 1460 2523 die
1485 2490 1626 2535 iungen

165 2532 286 2564 Herrn
319 2531 442 2564 seines
466 2531 848 2566 Proconsularischen
875 2533 1065 2577 Gefolges.
1090 2552 1135 2557 —
1159 2538 1192 2566 et
1217 2539 1381 2568 tacentur
1404 2536 1484 2570 scil.
1509 2547 1530 2571 a
1554 2549 1626 2580 me,

165 2577 420 2619 mussitantur,
455 2577 690 2611 devorantur.
724 2578 819 2611 Sch.
847 2599 887 2604 —
922 2590 994 2612 non
1017 2590 1085 2623 quo
1118 2583 1151 2612 te
1175 2581 1307 2624 celem,
1341 2581 1443 2615 nicht
1466 2593 1526 2616 um
1551 2584 1627 2617 Dir

166 2623 295 2657 Etwas
319 2623 639 2657 vorzuenthalten.
688 2624 814 2658 Ueber
838 2636 906 2668 quo
932 2637 959 2659 s.
986 2626 1134 2659 Ramsh.
1161 2637 1197 2670 p.
1224 2628 1301 2661 186.
1329 2628 1473 2661 Grotef.
1499 2630 1624 2671 §.394.

167 2688 212 2693 -.
245 2671 558 2712 ὄυςεξίλλητα.
632 2668 697 2703 Sic
722 2671 803 2704 cod.
837 2672 978 2705 decurt.
1013 2673 1176 2707 Ducunt.
1200 2683 1221 2705 a
1247 2684 1279 2706 v.
1306 2674 1452 2715 ἐξίλλω,
1486 2676 1625 2719 evolvo,

166 2715 317 2758 explico.
365 2715 495 2750 Malim
521 2721 658 2751 tamen:
685 2717 997 2758 δυςεξέλικτα.
1057 2718 1119 2753 De
1135 2718 1224 2753 Bos.
1250 2720 1346 2754 coni.
1372 2721 1508 2755 Graev.
1532 2723 1625 2757 Ern.
