1795 3043
544 42 864 91 EPISTOLA
907 42 1204 91 CCXCVIII.
1503 51 1604 99 319

127 157 172 199 id
203 156 347 199 datum
375 158 462 207 est,
502 156 610 198 illud
639 169 724 198 una
753 156 897 198 datum
924 159 1002 199 est.
1069 156 1289 198 Annorum
1316 155 1430 196 enim
1459 155 1606 198 decem

126 215 353 268 imperium
384 217 426 255 et
454 216 516 256 ita
553 216 688 255 latum
717 212 886 267 placet?
944 213 1096 255 Placet
1123 215 1255 267 igitur
1283 214 1411 255 etiam
1438 226 1505 254 me
1535 227 1603 255 ex-

124 274 297 326 pulsum
326 274 368 313 et
396 284 541 326 agrum
563 272 823 324 Campanum
850 271 1012 323 perisse
1042 274 1084 312 et
1112 272 1355 324 adoptatum
1376 272 1606 323 patricium

127 345 154 371 a
183 330 376 383 plebeio,
409 329 664 371 Gaditanum
695 343 720 369 a
747 329 1027 382 Mytilenaeo:
1073 330 1116 368 et
1145 329 1325 369 Labieni
1355 329 1531 370 divitiae
1560 329 1604 369 et

2 362 6 406 [Τ
60 439 64 442 ᾖ
125 387 369 428 Mamurrae
396 389 569 440 placent
598 388 641 427 et
668 385 794 427 Balbi
824 386 938 426 horti
967 387 1008 425 et
1038 386 1339 427 Tusculanum.
1415 386 1497 426 Sed
1528 386 1605 425 ho-

126 457 219 486 rum
250 446 439 485 omnium
468 445 560 484 fons
589 457 698 483 unus
729 445 802 483 est.
860 442 1085 483 Imbecillo
1122 443 1399 484 resistendum
1429 443 1528 484 fuitt
1561 444 1605 484 et

126 501 172 541 id
203 505 295 542 erat
324 502 470 543 facile.
527 500 650 541 Nunc
680 502 868 553 legiones
897 513 977 552 x1.,
1016 501 1228 552 equitatus
1269 502 1430 548 tantus,
1471 513 1605 551 quau·

125 560 219 599 tum
249 560 388 608 volet;
419 558 733 610 Transpadani,
766 557 913 609 plebes
944 557 1130 606 urbana,
1162 558 1225 597 tot
1253 556 1417 597 tribuni
1447 557 1603 609 plebis,

126 618 214 656 tam
243 616 410 668 perdita
436 616 657 668 iuventus,
686 616 806 656 tanta
835 615 1092 656 auctoritate
1130 613 1229 663 dux,
1261 616 1380 655 tanta
1410 614 1609 657 audacia.

126 737 157 761 s.
171 726 413 771 placueritne
433 726 591 760 absentis
606 727 749 771 quidem
763 726 947 761 rationem
967 726 1111 762 haberi.
1137 745 1183 751 —
1230 727 1356 760 datum
1371 731 1434 761 est.
1462 728 1607 763 .Quum

128 773 283 807 Caesari
308 784 524 807 concessum
549 780 623 813 est,
651 780 690 807 ut
716 785 783 808 suo
810 780 980 818 tempore
1005 774 1140 807 absens
1163 779 1293 818 petere
1318 779 1447 818 posset
1473 785 1609 807 cousu-

128 819 264 861 latum,
290 818 386 853 illud
412 831 484 853 una
509 820 632 853 datum
660 826 738 863 est,
766 827 805 853 ut
830 820 867 853 in
895 831 938 853 ea
962 820 1146 864 petitione
1171 820 1254 854 eius
1279 821 1390 854 etiam
1416 819 1608 854 exercitus

127 865 325 900 retinentis
346 865 442 900 ratio
460 867 672 900 haberetur.
724 866 919 901 BOSIUS.
939 886 984 891 -
1032 869 1227 900 Annorum
1245 867 1340 900 enim
1357 879 1402 900 =
1417 866 1545 910 igitur.
1561 884 1607 891 -

127 912 322 956 imperinm
347 912 637 958 brachylogisch
664 919 768 947 statt:
794 914 868 947 wie
891 913 1023 956 getallt
1043 913 1117 947 Dir
1139 923 1178 946 es
1200 913 1293 956 also,
1321 913 1406 947 dass
1423 923 1504 947 man
1532 912 1608 945 ihm

128 959 207 992 eine
231 958 568 1001 Stattlzaltersclzaft
591 964 724 993 sammt
747 959 976 1002 Krz'egslzeer
1001 959 1094 992 iiber
1126 958 1210 992 eine
1235 970 1277 993 so
1303 959 1483 1003 wichtige
1507 959 1607 993 Pro-

126 1005 215 1039 vinz
241 1006 310 1047 auf
331 1004 422 1038 zelen
453 1005 564 1039 Ialzre
594 1007 697 1047 gab?
733 1010 766 1039 et
799 1007 853 1039 z'ta
878 1006 993 1038 latum
1017 1006 1051 1039 h.
1075 1017 1107 1039 e.
1134 1016 1220 1038 num
1245 1004 1336 1038 mihi
1362 1012 1424 1038 aut
1451 1005 1519 1038 tibi
1545 1009 1609 1038 aut

130 1051 303 1094 cuiquam
329 1052 427 1084 bono
454 1052 526 1085 hoc
550 1052 701 1096 placere
726 1057 852 1096 potest
878 1051 930 1085 ita
963 1050 1052 1084 olim
1077 1052 1192 1085 latum
1219 1062 1302 1085 esse
1327 1052 1413 1095 lege
1438 1050 1608 1091 Vatinia,

131 1097 271 1130 deinde
307 1097 481 1141 Pompeii
519 1103 556 1130 et
594 1097 720 1131 Crassi
757 1098 969 1136 consulum,
1007 1103 1047 1130 ut
1081 1097 1234 1132 Caesari
1268 1097 1312 1131 ad
1339 1098 1466 1132 decem
1492 1107 1609 1131 annos

129 1142 328 1187 imperium
343 1144 642 1188 prorogaretur3
658 1161 705 1169 —-
748 1143 875 1177 Placet
893 1143 1057 1186 (Placeat
1072 1144 1219 1187 Lamb.)
1235 1144 1367 1186 igitur.
1401 1143 1482 1187 „So
1497 1147 1610 1187 moge

129 1200 214 1223 man
239 1190 333 1223 auch
358 1195 423 1233 gut
448 1189 599 1223 heissen
625 1201 659 1223 u.
687 1200 717 1223 s.
743 1192 815 1224 w.⁷’
864 1189 934 1233 „Si
960 1190 1054 1223 illud
1079 1191 1231 1234 placere
1257 1196 1407 1234 posset,
1433 1201 1610 1233 sequere-

131 1242 194 1269 tur
229 1242 268 1269 ut
299 1242 444 1278 cetera,
485 1246 579 1277 quae
613 1243 814 1270 consecuta
846 1242 931 1269 sunt
964 1238 1018 1278 (et
1048 1247 1143 1279 quae
1174 1237 1299 1270 statim
1331 1237 1608 1278 enumerantur)

131 1282 284 1326 placere
305 1281 418 1317 nobis
443 1280 660 1315 deberene’.
709 1282 886 1315 Fortasse
911 1287 1031 1315 tamen
1058 1283 1256 1325 legendum
1288 1283 1434 1326 placeat
1459 1288 1495 1316 et
1520 1293 1611 1316 mox

128 1328 312 1371 placeant.
360 1328 468 1361 SCH.
498 1347 536 1351 —
586 1337 720 1368 agrum
748 1328 974 1372 Campanam
1003 1329 1166 1371 perisse,
1203 1329 1288 1362 dass
1314 1329 1376 1362 die
1413 1328 1611 1373 Republik

135 1373 255 1407 durch
289 1373 421 1407 C'asars
456 1373 711 1417 Vertheilung
745 1385 804 1406 um
843 1373 904 1407 die
934 1373 1140 1408 Einkunfte
1172 1374 1238 1409 des
1271 1375 1611 1419 Campanerlandes

135 1419 318 1463 gebracht
342 1419 403 1453 ist.
446 1418 485 1453 S.
504 1430 560 1463 ep.
574 1420 654 1461 XC,
670 1421 702 1453 1.
728 1420 841 1455 XLV
866 1420 904 1453 in
931 1420 1027 1454 med.
1053 1421 1242 1463 XXXIII,
1256 1421 1289 1455 2.
1316 1421 1502 1462 XXXVI,
1518 1423 1549 1456 l.
1566 1439 1612 1446 --

131 1466 355 1510 patricium,
389 1465 563 1499 Clodium
588 1477 608 1499 a
638 1466 689 1500 M.
716 1466 878 1499 Fonteio
911 1466 1065 1509 plebeio
1099 1467 1325 1511 adoptatum.
1389 1467 1477 1503 Vid.
1505 1469 1610 1502 Orat.

134 1523 206 1557 pro
232 1512 356 1544 Domo
383 1522 414 1545 c.
436 1513 491 1545 13.
534 1511 573 1545 S.
600 1523 658 1555 ep.
676 1512 862 1554 XXXVI,
888 1513 920 1546 1.
962 1513 1135 1555 XXXV,
1156 1515 1190 1546 1.
1216 1514 1369 1557 XXIX,
1385 1514 1417 1548 2.
1443 1533 1488 1539 -
1538 1514 1612 1547 Ga-

137 1559 303 1591 ditanum
328 1557 352 1591 i.
374 1568 405 1591 e.
437 1558 480 1591 L.
507 1557 722 1591 Cornelium
746 1558 905 1591 Balbum
943 1557 1168 1592 Gaditanum
1193 1570 1213 1593 a
1239 1560 1471 1604 Theophane
1495 1559 1613 1606 Myti-

135 1605 282 1638 lenaeo.
340 1604 422 1636 Hoc
446 1603 544 1636 enim
568 1603 605 1637 in
632 1604 724 1637 actis
751 1604 922 1638 Caesaris
946 1611 1173 1639 numeratur.
1235 1606 1327 1642 Vid.
1354 1607 1432 1641 Cic.
1461 1617 1514 1640 or.
1541 1617 1613 1651 pro

137 1650 289 1685 Cornel.
305 1649 414 1682 Balb.
440 1661 471 1683 c.
488 1649 545 1683 25.
594 1649 805 1685 MANUT.
841 1650 1074 1694 Theophanes
1089 1651 1355 1698 Mytilenaeus,
1382 1653 1447 1687 sed
1467 1658 1504 1686 et
1518 1653 1615 1687 Les-

136 1697 221 1731 bius
247 1695 367 1729 dictus
393 1707 454 1729 res
478 1696 653 1740 Pompeii
689 1696 842 1741 scripsit
872 1697 1064 1741 versibus,
1100 1699 1144 1731 ab
1179 1709 1222 1731 eo
1256 1699 1406 1733 civitate
1440 1699 1613 1733 donatuS.

137 1742 231 1778 Vid.
260 1742 365 1777 Orat.
392 1753 448 1787 pr.
470 1743 584 1775 Arch.
611 1753 643 1777 c.
662 1744 716 1776 10.
744 1743 791 1776 ad
815 1743 929 1777 Attic.
949 1744 1051 1786 11,5.
1081 1745 1247 1787 (XXXI)
1274 1746 1324 1788 V,
1345 1747 1377 1780 1.
1405 1745 1613 1789 (XXXIV)

137 1789 196 1832 ΙΙ,
223 1789 280 1823 12.
311 1791 366 1823 17.
399 1789 616 1831 (XXXVI,
660 1799 694 1823 u.
735 1790 896 1831 XLIII.)
932 1790 1127 1825 Plutarch.
1163 1791 1201 1824 in
1233 1791 1431 1836 Pompeio.
1468 1793 1612 1826 Manut.

138 1836 177 1869 in
210 1836 315 1868 Orat.
343 1845 413 1879 pro
440 1835 575 1868 Balbo.
599 1835 765 1869 Fabrett.
802 1836 848 1869 ad
878 1836 1055 1881 Inscript.
1088 1837 1200 1882 antiq.
1234 1850 1271 1883 p.
1297 1839 1376 1872 478.
1410 1838 1614 1872 Burmann.

139 1881 186 1915 ad
211 1880 353 1915 Vellei.
380 1880 430 1922 11,
456 1882 513 1915 18.
538 1881 660 1925 Ryck.
689 1881 734 1914 ad
759 1882 878 1915 Tacit.
904 1883 1039 1916 Annal.
1062 1883 1139 1927 VI,
1165 1885 1197 1918 8.
1246 1884 1301 1918 Er
1326 1884 1515 1929 adoptirte
1542 1884 1615 1918 den

137 1927 280 1962 Balbus
308 1926 525 1960 Gaditanus.
576 1927 684 1960 Oben
711 1939 768 1972 ep.
790 1929 995 1973 CCXCIV,
1010 1931 1067 1963 11.
1094 1930 1198 1964 ward
1222 1931 1363 1965 Balbus
1384 1933 1491 1965 datur
1519 1931 1615 1964 Tar-

139 1974 270 2008 tessius
287 1978 460 2016 genannt.
495 1973 586 2017 Vgl.
606 1974 811 2015 CCXCIV,
838 1977 894 2008 ll.
920 1994 964 1999 —
1012 1975 1170 2010 Labieni
1193 1977 1364 2011 Caesaris
1385 1977 1500 2021 legati
1517 1977 1616 2011 divi-

141 2021 215 2054 tiae
240 2019 275 2052 ei
300 2029 321 2052 a
346 2019 507 2054 Caesare
532 2020 650 2053 datae.
700 2020 836 2055 MAN.
875 2021 989 2055 casar
1013 2022 1115 2056 hatte
1141 2023 1205 2056 ihn
1231 2034 1272 2057 so
1298 2024 1403 2057 reich
1428 2024 1615 2068 gemacht,

139 2067 226 2100 dass
250 2076 291 2099 er
316 2064 377 2098 die
403 2064 513 2100 Stadt
537 2066 755 2110 Cingulum,
782 2067 874 2100 ietzt
899 2067 1051 2112 Cingoli
1076 2068 1114 2102 in
1141 2070 1208 2102 der
1228 2069 1337 2104 Mark
1361 2072 1529 2114 Ancona,
1554 2080 1616 2102 er-

138 2113 259 2146 bauen
278 2111 431 2145 konnte.
475 2111 512 2146 S.
530 2112 635 2147 Caes,
651 2113 695 2147 B.
710 2113 753 2147 G.
773 2113 804 2155 1,
818 2113 875 2146 21.
913 2113 969 2147 Er
986 2114 1077 2158 ging
1090 2115 1189 2149 doch
1202 2116 1500 2161 zumPompeius
1521 2116 1616 2150 iiber

142 2158 218 2192 und
250 2157 354 2191 blieb
386 2157 446 2192 bei
477 2158 628 2192 Munda.
668 2159 705 2193 S.
742 2159 851 2193 Auct.
883 2159 982 2194 Bell.
1009 2161 1190 2205 Hisp.3l.
1218 2162 1356 2197 Lucan.
1377 2164 1437 2206 V,
1461 2163 1541 2198 346.
1568 2178 1615 2186 -

140 2205 374 2246 Mamurrae,
401 2203 542 2249 quippe
567 2205 630 2249 qui
655 2205 797 2249 primus
814 2206 954 2239 Romae
969 2207 1132 2250 parietes
1160 2214 1283 2242 crusta
1303 2209 1499 2243 marmoris
1522 2218 1617 2252 ope-

142 2250 262 2284 ruerit
276 2249 389 2283 totius
407 2250 537 2284 domus
555 2261 643 2284 suae
662 2251 698 2284 in
713 2251 845 2286 Coelio
860 2259 998 2295 monte,
1014 2254 1195 2288 columnis
1209 2255 1380 2289 omnibus
1396 2267 1416 2289 e
1431 2263 1615 2289 marmore

143 2295 280 2331 solidis
303 2296 474 2340 Carystio
501 2303 563 2330 aut
587 2297 777 2341 Lunensi,
810 2310 922 2342 quum
948 2306 1047 2332 esset
1072 2300 1284 2344 praefectus
1309 2302 1453 2335 fabrum
1480 2301 1616 2334 Caesa-

144 2341 198 2376 ris
224 2340 261 2374 in
289 2341 426 2376 Gallia.
473 2343 560 2379 Vid.
583 2344 684 2378 Plin.
718 2345 762 2378 H.
788 2344 833 2379 N.
862 2345 1056 2388 XXXVI,
1083 2347 1116 2380 6.
1151 2347 1284 2382 Horat.
1322 2348 1398 2382 Sat.
1425 2348 1466 2387 Ι,
1491 2347 1532 2386 5,
1556 2347 1614 2380 37,

144 2388 300 2423 Sueton.
328 2387 365 2420 in
391 2388 461 2422 Iul.
487 2400 517 2424 c.
538 2391 590 2424 73.
616 2391 784 2424 Catullus
809 2391 846 2425 in
879 2391 1107 2435 Epigramm.
1134 2393 1199 2436 29,
1225 2395 1258 2429 3.
1310 2392 1520 2428 MANUT.
1562 2392 1615 2427 So

143 2434 424 2467 iiberschiittete
450 2434 562 2468 Casar
585 2435 688 2470 seine
715 2437 939 2480 Giinstlinge
957 2437 1023 2471 mit
1039 2438 1352 2473 Reichthiimern!
1377 2459 1422 2464 —
1454 2439 1614 2484 placent,

143 2480 273 2515 Lamb.
298 2480 477 2523 placeant.
521 2480 630 2515 Sinn:
665 2493 706 2516 so
737 2486 846 2528 moge
870 2494 951 2517 man
989 2485 1082 2518 auch
1107 2493 1173 2529 gut
1198 2486 1369 2528 heissen,
1403 2484 1487 2519 dass
1512 2484 1617 2518 diese

144 2526 518 2571 Emporkommlinge
542 2527 659 2561 durch
684 2529 799 2564 Casar
823 2541 864 2564 so
890 2530 979 2564 sehr
1012 2530 1228 2566 bereichert
1264 2531 1359 2566 sind.
1385 2550 1430 2556 —
1482 2531 1617 2565 Trans-

140 2573 284 2616 padani
308 2573 515 2616 promissae
540 2573 702 2608 civitatis
726 2575 910 2609 beneficio
929 2587 951 2610 a
976 2576 1137 2611 Caesare
1163 2578 1350 2619 devincti,
1377 2588 1485 2620 quam
1509 2577 1617 2611 deni-

147 2630 221 2661 que
248 2618 409 2652 dictator
433 2618 549 2652 dedit.
601 2620 688 2655 vid.
723 2620 827 2656 Suet.
865 2621 902 2655 in
935 2622 1006 2656 Iul.
1040 2623 1117 2657 Dio
1151 2630 1187 2657 et
1220 2623 1297 2658 Cic.
1330 2623 1413 2656 libr.
1437 2623 1542 2658 XVI.
1568 2623 1615 2658 ad

147 2665 280 2699 Famil.
305 2675 366 2709 ep.
383 2667 438 2699 11.
467 2665 635 2708 (CCCX2
660 2677 750 2709 quas
762 2669 888 2702 ambas
901 2668 1079 2712 (Gallias)
1096 2669 1200 2702 habet
1216 2669 1494 2704 inimicissimas
1504 2680 1616 2714 prae-

151 2713 206 2744 ter
231 2711 543 2757 Transpadanos.)
585 2712 711 2747 MAN
714 2712 794 2749 UT.
812 2733 857 2742 —-
898 2719 1002 2749 tanta
1021 2715 1191 2750 audacia.
1229 2716 1317 2760 Vgl.
1335 2725 1395 2762 ep.
1412 2716 1617 2760 GGXGIV,
