1795 3043
450 86 765 136 EPISTOLA
799 88 1125 138 CCCLXXIX.
1421 94 1523 143 539

8 195 10 198 ’
61 200 165 243 dius.
222 200 404 244 Attende
436 200 584 251 πρᾶξιν
623 201 847 244 πολιτικοῦ.
906 203 1113 244 Evocavit
1151 202 1288 244 literis
1326 214 1350 244 e
1388 203 1523 245 muni-

61 258 188 312 cipiis
218 260 364 301 decem
402 259 560 312 primos
597 262 640 300 et
667 273 724 301 lv.
736 260 871 301 Viros.
930 261 1145 300 Venerunt
1175 260 1226 301 ad
1256 261 1402 302 villam
1430 262 1523 302 eius

6 327 8 344 ¹
59 329 196 359 mane.
254 317 443 358 Primum
482 317 654 358 dormiit
689 317 742 359 ad
779 318 832 358 H.
863 330 936 359 111.
1004 318 1191 370 Deinde,
1237 331 1368 369 quum
1414 320 1524 358 esset

5 417 7 420 Α
59 375 299 414 nuntiatum
330 375 495 416 venisse
523 374 822 428 Neapolitanos
851 376 893 414 et
926 374 1158 425 Cumanos,
1199 374 1273 405 -—-'
1314 377 1381 416 his
1411 376 1524 416 enim

5 461 6 465 ,
60 434 122 472 est
149 431 302 472 Caesar
329 433 462 472 iratus
489 452 547 460 -·
594 432 798 484 postridie
826 431 964 472 redire
994 432 1138 481 iussit3
1174 432 1310 473 lavari
1339 446 1383 473 se
1410 434 1524 474 velle

3 532 5 536 ¹
60 491 103 528 et
130 490 223 537 περὶ
242 489 517 527 κοιλιολυσίαν
532 489 736 537 γίνεσθαι.
773 489 866 530 Hoc
895 490 998 529 here
1027 487 1178 530 effecit.
1227 490 1364 530 Hodie
1384 492 1524 531 autem

4 543 5 579 l
58 544 104 585 in
131 546 358 587 Aenariam
387 547 568 587 transire
598 547 834 588 constituit.
893 545 1102 587 Exulibus
1138 547 1319 587 reditum
1348 547 1525 599 pollice-

2 634 4 654 ,
58 603 142 644 tur.
202 603 285 644 Sed
320 605 427 644 haec
466 604 734 653 omittamus3
783 604 835 644 de
864 603 988 644 nobis
1025 604 1186 655 aliquid
1216 617 1399 656 agamus.
1457 604 1524 645 Ab

0 657 3 714 ᾗ
57 658 167 700 Axio
191 662 343 713 accepi
359 662 518 704 literas.
577 662 641 702 De
661 662 838 712 Tirone,
867 663 1041 714 gratum.
1099 661 1345 702 Vectienum
1375 661 1519 714 diligo,
1544 667 1574 707 2

0 725 3 796 ᾗ
57 716 249 758 Vestorio
285 719 462 758 reddidi.
529 719 703 759 Servius
746 718 886 770 pridie
925 718 1067 759 Nonas
1105 719 1240 760 Maias
1290 719 1521 759 Minturnis

56 776 259 815 mansisse
287 775 465 823 dicitur,
495 776 623 816 hodie
651 777 694 816 in
713 776 932 816 Liternino
962 788 1181 816 mansurus
1211 775 1321 829 apud.
1346 776 1390 817 C.
1412 776 1526 817 Mar-

57 833 228 872 cellum.
287 832 389 873 Cras
418 833 550 886 igitur
579 846 656 874 nos
685 835 850 874 mature
870 833 1030 873 videbit
1058 834 1252 885 mihique
1271 833 1388 873 dabit
1404 846 1525 886 argu—

0 893 1 921 l
55 890 243 929 mentum
273 889 325 929 ad
354 891 397 929 te
427 890 650 942 epistolae.
709 891 799 931 Iam
829 890 942 930 enim
971 903 1056 930 non
1085 892 1275 943 reperio,
1314 890 1414 942 quid
1444 890 1527 931 tibi

54 946 252 988 scribam.
310 946 425 986 lllud
455 947 659 996 admiror,
691 948 804 999 quod
830 947 1040 988 Antonius
1070 947 1122 987 ad
1153 960 1218 988 me
1246 960 1301 987 ne
1329 949 1526 989 nuntium

54 1004 248 1055 quidem,
293 1016 425 1055 quum
463 1005 714 1057 praesertim
754 1018 822 1045 me
858 1005 981 1046 valde
1011 1004 1259 1045 observarit.
1318 1004 1528 1045 Videlicet

53 1081 111 1090 -—
153 1062 227 1101 aut
263 1061 427 1112 aliquid
464 1062 651 1102 atrocius
688 1062 739 1102 de
776 1074 844 1101 me
883 1062 1136 1114 imperatum
1167 1062 1228 1101 est
1265 1083 1324 1091 -—
1381 1074 1526 1103 coram

53 1129 210 1170 negare
241 1118 349 1157 mihi
378 1130 462 1157 non
492 1120 611 1166 vult,
661 1118 774 1170 quod
804 1131 880 1171 ego
918 1131 999 1159 nec
1028 1120 1254 1171 rogaturus
1287 1131 1401 1159 eram
1421 1114 1527 1170 nec,

51 1239 274 1283 gezahmten
298 1239 444 1273 L6wen
469 1238 562 1273 oder
585 1239 778 1273 Panthern
804 1239 1033 1283 bespannten
1059 1239 1227 1284 Wagen,
1268 1240 1314 1274 da
1340 1240 1438 1274 denn
1464 1238 1529 1275 die

52 1285 242 1327 Tanzerin
256 1285 434 1330 Cytheris
459 1287 506 1327 (s.
536 1296 596 1329 ep.
612 1287 702 1328 376,
725 1286 763 1327 5)
789 1285 844 1318 als
869 1285 973 1319 seine
993 1285 1160 1319 Ariadne
1185 1286 1305 1320 neben
1331 1286 1406 1320 ihm
1431 1286 1529 1330 figu-

51 1332 160 1366 rirte.
211 1331 375 1375 „Cicero
400 1331 566 1365 Atticum
592 1337 741 1374 monet,
767 1342 813 1365 ne
838 1331 1041 1364 Antonium
1067 1331 1325 1376 pertimescat:
1357 1332 1528 1375 quamvis

53 1378 153 1412 enim
186 1377 362 1412 leonibus
392 1377 623 1421 delectetur,
662 1388 735 1410 non
768 1383 888 1411 tamen
921 1388 1001 1411 eam
1027 1388 1111 1412 esse
1143 1378 1303 1412 hominis
1338 1379 1528 1423 ferociam,

54 1431 95 1458 ut
120 1424 291 1468 cuiquam
317 1423 489 1458 timorem
514 1423 674 1457 iniicere
700 1423 874 1457 d·ebeat.’'
906 1424 1015 1457 SCH.
1054 1443 1100 1449 -—
1147 1424 1268 1458 Nihil.
1307 1425 1399 1459 Ern.
1437 1425 1527 1461 Sch.

52 1470 149 1505 Liin.
199 1470 301 1514 Nae,
337 1469 432 1503 nihil
467 1481 517 1503 ex
541 1469 613 1504 Ed.
640 1470 746 1503 Rom.
785 1469 862 1505 Sed
886 1481 954 1503 nae
978 1469 1077 1514 apud
1103 1470 1181 1504 Cic.
1210 1481 1393 1514 nunquam
1419 1471 1531 1505 aliter

53 1516 210 1563 ponitur
226 1515 301 1549 nisi
319 1522 500 1560 sequente
518 1515 740 1560 pronomine
756 1526 958 1560 personae:
985 1526 1054 1549 nae
1071 1520 1122 1558 tu,
1148 1527 1216 1549 nae
1229 1517 1305 1550 ille.
1330 1518 1528 1552 ORELLI.

55 1582 100 1589 -
136 1563 305 1605 ineunti„
347 1562 632 1607 spasshalteres.
675 1581 717 1586 —
769 1563 898 1610 πρᾶξ.
932 1564 1029 1596 πολ.
1064 1562 1222 1596 ironice.
1281 1563 1405 1605 Vide,
1438 1563 1529 1608 quid

54 1620 176 1654 nuper
201 1609 324 1653 egerit
349 1608 499 1653 homine
524 1619 602 1641 rem
628 1607 816 1652 publicam
842 1607 1125 1642 administrante
1151 1608 1314 1651 dignum.
1350 1609 1459 1655 SCH.
1484 1627 1531 1636 —-·

59 1655 258 1690 Venerunt.
305 1654 371 1689 Sic
403 1654 493 1688 dedi
526 1653 752 1687 coniectura.
803 1653 989 1687 Evocavit
1013 1654 1100 1689 scil.
1128 1655 1271 1689 ordinis
1297 1656 1531 1701 amplissimi,

55 1707 97 1736 ut
121 1702 313 1743 dicebant,
346 1710 374 1735 s.
400 1700 638 1745 municipalis
663 1701 793 1733 decem
820 1699 961 1744 primos
981 1700 1204 1735 decuriones
1230 1708 1267 1736 et
1290 1702 1531 1746 magistratus

56 1748 130 1782 iuri
165 1747 329 1782 dicundo
363 1746 443 1781 sive
480 1746 765 1782 Quatuorviros.
804 1746 1002 1780 ORELLI.
1051 1747 1103 1780 Es
1138 1758 1265 1782 waren
1298 1749 1376 1782 also
1410 1749 1529 1794 diese,

56 1795 118 1828 die
153 1805 195 1827 er
228 1804 274 1827 zu
307 1792 388 1827 sich
421 1793 522 1826 hatte
549 1793 703 1826 berufen
730 1793 873 1834 lassen,
909 1791 971 1825 die
996 1794 1292 1837 angesehensten
1319 1795 1530 1839 obrigkeit-

38 1839 181 1876 ,lichen
198 1839 393 1874 Personen
409 1849 474 1872 aus
492 1838 563 1872 den
582 1838 938 1883 Municipalstadten
950 1838 1204 1883 Campaniens.
1231 1860 1276 1865 —-
1308 1843 1356 1875 ad
1370 1843 1528 1886 H.1H.,

57 1886 115 1921 bis
139 1887 160 1920 9
185 1886 276 1919 Uhr.
302 1904 347 1910 —
387 1889 486 1932 περὶ
510 1887 621 1920 κοιλ.
647 1888 762 1929 γίν.,
799 1885 836 1918 in
862 1885 946 1918 alvo
973 1886 1155 1920 solvenda
1180 1894 1402 1930 occupatum
1429 1899 1526 1923 esse.

56 1950 100 1958 -
135 1932 219 1965 ltere
249 1943 296 1965 =
327 1931 409 1964 heri
446 1932 535 1965 Asc.
561 1933 593 1965 l.
628 1931 727 1964 Crat.
764 1931 863 1965 vict.
891 1933 922 1964 1.
960 1931 1091 1966 Lamb.
1145 1932 1211 1966 cfr.
1245 1933 1447 1968 Burmann.
1481 1934 1528 1971 ad

56 1979 226 2022 Propert.
261 1988 297 2022 p.
321 1978 402 2012 366.
445 1977 520 2011 ΟΒ.
569 1978 683 2011 Forte
715 1977 818 2019 fecit,
852 1979 908 2020 eff.
944 1985 1028 2011 orto
1055 1990 1075 2012 e
1099 1974 1274 2022 praece‘d.
1302 1991 1331 2014 e.
1375 1980 1449 2014 OR.
1484 1999 1530 2005 -—

57 2025 285 2067 Aenariam,
326 2023 388 2057 die
427 2034 496 2056 vor
529 2022 774 2068 Campaniens
810 2024 930 2058 Kuste
965 2024 1150 2067 gelegene
1182 2025 1281 2059 Insel
1314 2027 1452 2061 Ischia.
1484 2045 1529 2052 --

51 2072 263 2117 pollicetur.
297 2070 425 2104 Lamb.
453 2069 550 2103 coni.
581 2074 620 2102 ut
645 2070 758 2104 exsul.
784 2071 861 2104 red.
884 2071 1138 2115 polliceretur.

149 2118 181 2152 2.
222 2116 281 2151 Ab
315 2117 429 2150 Axio.
481 2115 519 2150 S.
557 2127 616 2161 ep.
641 2118 731 2157 377,
764 2116 797 2150 2.
823 2135 868 2141 —
915 2117 971 2150 De
999 2116 1153 2160 Tirone,
1190 2122 1360 2161 gratum,
1404 2117 1529 2152 vielen

57 2164 171 2199 Dank
196 2163 256 2197 fiir
281 2163 381 2206 Das,
406 2173 484 2196 was
509 2162 572 2196 Du
591 2163 657 2196 ‘fiir
683 2162 776 2196 Tiro
801 2162 949 2205 gethan.
992 2161 1030 2197 S.
1059 2174 1118 2208 ep.
1141 2165 1230 2204 366,
1257 2165 1300 2198 12
1325 2175 1381 2197 am
1406 2165 1528 2199 Ende.

59 2228 104 2234 —
145 2209 368 2243 Vectae'enum.
418 2208 457 2242 S.
493 2219 552 2252 ep.
578 2211 670 2250 377,
703 2209 737 2242 5.
781 2227 824 2233 —
888 2209 1058 2243 Vestorio
1090 2210 1238 2243 reddidi
1274 2210 1403 2244 literas
1435 2222 1457 2244 a
1491 2216 1530 2245 te

57 2255 201 2291 missas.
235 2254 444 2289 MANUT.
497 2255 610 2297 „Den
637 2254 835 2290 Vestorius
860 2255 943 2288 hab'
967 2255 1029 2288 ich
1054 2256 1240 2292 bezahlt.”
1280 2257 1432 2290 WIEL.
1486 2256 1527 2292 S.

60 2313 118 2345 ep.
138 2303 226 2344 368,
251 2301 286 2335 2.
312 2321 356 2326 -
403 2301 566 2335 Servius.
617 2300 654 2336 S.
682 2312 741 2344 ep.
761 2301 849 2344 375,
873 2304 896 2336 3
919 2312 1040 2345 gegen
1066 2302 1187 2336 Ende.
1214 2321 1257 2327 -—
1309 2304 1406 2346 prid.
1432 2302 1528 2336 Non.

63 2348 183 2390 Mai„
222 2357 279 2380 am
305 2348 336 2382 6.
355 2347 444 2381 Mai.
478 2365 522 2372 -—
573 2347 613 2382 C'.
640 2348 765 2381 Marc.
815 2347 854 2381 S.
881 2359 937 2391 ep.
956 2349 1041 2391 378,
1066 2348 1100 2382 2.
1137 2368 1180 2373 —
1229 2359 1397 2391 argum..
1431 2348 1534 2383 Stoff

62 2405 107 2428 zu
143 2393 264 2427 einem
286 2393 428 2428 Briefe.
464 2411 509 2418 —
556 2393 727 2437 reperio,
762 2394 858 2437 quid.
901 2394 990 2428 Ern.
1026 2394 1125 2428 coni.
1163 2395 1250 2429 Sch.
1289 2395 1383 2427 Liin.
1420 2396 1527 2438 quod.

62 2439 199 2474 Scribo
232 2450 313 2471 cum
340 2439 433 2473 Cdd.
459 2450 531 2473 non
555 2439 666 2473 habeo
693 2451 722 2474 s.
748 2442 912 2483 reperio,
950 2441 1055 2484 quid:
1097 2447 1134 2474 at
1158 2441 1253 2473 m’levz‘l
1276 2440 1388 2475 habeo
1412 2452 1441 2475 ε.
1469 2452 1530 2475 re-

56 2486 184 2531 perio,
211 2486 315 2528 quod.
365 2485 479 2519 Errat
503 2493 625 2519 autem
653 2487 688 2519 h.
717 2487 743 2519 l.
770 2487 860 2520 Ern.
885 2486 932 2521 de
957 2487 1028 2532 Ep.
1047 2489 1086 2529 8,
1122 2487 1182 2520 ubi
1210 2487 1291 2530 ipse
1317 2486 1453 2520 edidit:
1486 2497 1531 2520 ne

61 2542 130 2574 ego
156 2532 298 2576 quidem
324 2532 486 2575 reperio,
519 2533 607 2576 quid
630 2533 802 2567 scribam.
837 2532 910 2566 ΟΒ.
945 2552 988 2557 -
1037 2544 1080 2565 ηε
1104 2533 1269 2565 nuntium
1294 2533 1436 2577 quidem
1461 2533 1532 2566 mi-

61 2578 166 2612 serit.
193 2596 236 2601 —-
270 2577 492 2619 observarit,
517 2578 589 2612 mir
612 2579 679 2613 mit
704 2578 932 2613 besonderer
956 2579 1129 2620 Achtung
1156 2580 1374 2622 lwgegnete.
1415 2579 1530 2613 Forte

61 2623 275 2657 asservarit.
324 2623 400 2658 Cfr.
428 2625 495 2667 Ep.
516 2625 578 2667 16,
606 2626 634 2668 §.
655 2626 694 2658 2:
727 2627 905 2658 acerrime
930 2625 1220 2667 asservabimur,
1259 2625 1324 2658 ubi
1351 2624 1440 2658 olim
1467 2625 1531 2658 ob-

61 2670 308 2711 servabimus3
354 2676 390 2703 et
414 2670 566 2713 Ep.18,
592 2672 619 2714 §.
643 2673 684 2704 1:
718 2672 919 2714 custodiae,
951 2671 1078 2713 quibus
1111 2681 1289 2704 assei-vor.
1331 2670 1530 2705 ORELLI.

64 2734 107 2741 —
141 2719 204 2748 ant
238 2715 393 2758 aliquid.
443 2715 507 2750 Sic
533 2723 635 2750 recte
661 2716 894 2761 distinguunt
925 2718 1021 2751 Man.
1057 2717 1187 2751 Lamb.
1224 2717 1325 2752 vict.
1352 2718 1386 2752 2.
1422 2717 1529 2760 Bos„

63 2767 105 2796 ut
128 2761 199 2797 Sit:
242 2761 422 2796 Videlicet
452 2772 577 2798 coram
602 2773 740 2805 negare
764 2763 856 2797 mihi
880 2774 951 2798 non
976 2763 1052 2796 vult
1077 2782 1122 2789 -
1158 2763 1232 2798 nisi
1263 2763 1359 2808 forte
1383 2763 1530 2808 aliquid
