1795 3043
305 90 620 139 EPISTOLA
654 89 909 138 CCCXLV.
979 90 1258 140 CCCXLVI.
1410 102 1507 147 435

60 205 142 246 τοῖς
176 206 412 253 πολιτικοῖς,
460 200 541 241 κᾶν
585 200 641 251 μή
679 202 851 242 δοκῶσιν
887 192 934 241 εὖ
970 202 1275 255 βεβουλεῦσθαι
1300 205 1392 254 περὶ
1427 206 1508 244 τῶν

59 260 188 308 ὄλωνς
246 263 297 299 Εἰ
333 262 354 298 ὁ
389 259 548 309 μεγάλα
582 259 659 309 τήν
693 260 870 309 πατρίδα
907 256 1190 312 εὐεργετήσας,
1239 262 1290 301 δι’
1326 259 1426 301 αὐτό
1464 276 1507 301 τε

57 319 177 358 τοῦτο
207 314 406 366 ἀνήκεστα
435 316 587 356 παθών
616 318 685 356 καὶ
713 313 971 368 φθονηθείἐ,
1015 316 1316 361 κινδυνεύσειεν
1337 318 1389 358 ἂν
1416 322 1507 358 ἐθε-

58 376 202 424 λοντὴς
227 375 329 423 ὑπὲρ
357 376 429 423 τῆς
456 374 672 422 πατρίδοςς
720 374 771 412 Εἰ
798 374 964 423 ἐφετέον
999 372 1112 424 αὐτῷ
1139 378 1286 414 ἑαυτοῦ
1314 390 1410 417 ποτε
1439 377 1509 415 καὶ

57 433 139 471 τῶν
173 429 432 470 οἰκειοτάτων
470 435 679 470 ποιεῖσθαι
715 428 910 480 πρόνοιαν
949 427 1138 482 οἶφεμένῳ
1179 431 1252 476 τοῖς
1285 433 1384 483 πρὸς
1417 432 1510 476 τούς

57 487 272 536 ἰσχύοντας
301 489 601 536 διαπολιτειάς;

169 557 218 597 Iu
242 556 307 597 his
337 569 413 610 ego
441 568 506 597 me
537 555 913 596 consultationibus
943 566 1144 595 exercens
1166 558 1207 596 et
1228 556 1436 598 disserens
1464 559 1510 600 in
1533 558 1560 597 3

56 615 277 665 utramque
307 616 467 666 partem
497 614 585 653 tum
601 612 766 654 Graece
795 615 884 652 tum
902 612 1064 662 Latine,
1093 613 1135 652 et
1157 613 1320 654 abduco
1347 628 1511 667 parum·

56 683 133 723 per
163 672 346 711 animum
378 684 402 710 a
430 668 634 710 molestiis
666 672 707 709 et
745 669 827 707 τῶν
854 667 1059 717 προύργου
1087 669 1128 706 τί
1163 669 1367 722 delibero.
1427 671 1511 712 Sed

56 740 228 775 vereor,
260 740 314 768 ne
342 727 421 767 tibi
452 725 620 774 ἄκαιρος
646 727 738 768 sim.
798 727 844 767 Si
873 726 986 766 enim
1013 727 1128 766 recte
1149 726 1428 769 ambulaverit
1457 729 1507 778 is,

54 783 127 836 qui
157 785 267 825 hanc
297 784 516 835 epistolam
545 782 667 832 tulit,
706 784 751 824 in
780 783 919 836 ipsum
946 785 1064 823 tuum
1093 783 1394 840 diem-incidit.

895 888 932 896 ..-

237 965 548 1012 EPISTOLA
584 963 866 1011 CCCXLVI.
903 963 987 1021 (ad
1016 965 1108 1011 Ati.
1140 966 1219 1012 IX.
1255 970 1325 1026 5.)

177 1041 260 1076 Ser.
292 1042 453 1075 Formiis
486 1042 537 1077 v.
569 1041 626 1075 Id.
659 1041 768 1074 Mart.
802 1041 848 1073 A.
881 1038 926 1072 U.
960 1041 1002 1075 c.
1037 1041 1116 1076 705.
1157 1044 1204 1084 (a.
1239 1042 1282 1077 c.
1313 1043 1388 1084 49.)

0 1131 1 1137 η
53 1109 193 1143 Literis
216 1109 333 1142 Attici
359 1119 379 1141 a
404 1107 612 1141 Philotimo
638 1107 800 1151 acceptis
826 1107 1047 1151 respondet,
1088 1109 1321 1143 Postumium
1346 1109 1443 1156 apud
1469 1121 1511 1145 se

52 1155 167 1190 :uisse
197 1160 322 1188 narrat
356 1164 492 1196 seque,
535 1154 701 1197 quamvis
726 1153 907 1198 Pompeio
940 1160 1177 1197 succenseat,
1215 1162 1354 1198 tamen,
1398 1168 1511 1201 quum

135 1201 215 1235 eius
239 1200 277 1235 in
302 1211 342 1235 se
367 1199 548 1233 beneficia
571 1210 614 1232 ac
638 1200 856 1243 dignitatem
881 1200 1039 1243 cogitet,
1073 1198 1180 1243 sequi
1205 1213 1288 1237 eum
1312 1203 1424 1237 malle

362 1257 470 1290 quam
496 1246 532 1279 in
557 1245 666 1279 Italia
689 1256 838 1279 manere
862 1245 1054 1289 significat
1092 1248 1203 1282 1—-3,

542 1324 729 1359 CICERO
760 1324 952 1358 ATTICO
979 1324 1020 1360 S.

171 1393 313 1435 Natali
350 1394 418 1434 die
458 1396 529 1434 tuo
560 1393 768 1446 scripsisti
797 1393 1017 1445 epistolam
1047 1393 1099 1434 ad
1125 1405 1192 1434 me
1221 1396 1387 1447 plenam
1416 1408 1514 1437 con-

1 1473 3 1491 1
55 1451 142 1492 silii
171 1463 438 1502 summaeque
468 1464 595 1501 quum
624 1450 944 1490 benevolentiae
973 1452 1063 1490 tum
1093 1452 1220 1492 etiam
1249 1452 1512 1504 prudentiae.

55 1509 162 1549 Eam
192 1509 295 1548 mihi
325 1508 578 1548 Philotimus
609 1506 835 1559 postridie,
866 1519 990 1557 quam
1021 1521 1046 1547 a
1073 1509 1115 1547 te
1146 1511 1393 1562 acceperat,
1421 1510 1514 1550 red-

3 1574 5 1594 2
55 1564 173 1605 didit.
235 1565 342 1604 Sunt
371 1565 452 1605 ista
482 1564 672 1615 quidem,
719 1576 826 1614 quae
856 1564 1067 1615 disputas,
1106 1563 1385 1619 difficillima,
1431 1566 1517 1608 iter

5 1702 7 1711 ι
54 1685 196 1720 theilen
221 1687 343 1719 miisse
367 1685 441 1720 mit.
467 1704 512 1712 —
559 1688 602 1720 ἐν
628 1692 726 1726 τοῖς
750 1687 916 1727 nolet„
952 1685 990 1719 in
1014 1685 1239 1730 politischen
1265 1689 1451 1722 Hiindeln.
1469 1706 1514 1714 --

7 1730 11 1745 ²
53 1733 132 1767 κᾶν
160 1758 168 1765 .
185 1757 193 1765 .
217 1758 225 1765 .
252 1731 389 1775 ‹ilum-,-
430 1743 538 1765 wenn
570 1731 626 1765 sie
656 1731 749 1764 auch
775 1741 842 1764 zur
867 1732 1032 1775 Rettung
1057 1733 1122 1766 des
1148 1733 1299 1768 Ganzen
1325 1734 1426 1768 nicht
1451 1733 1514 1768 die

56 1779 206 1811 rechten
232 1777 463 1820 Massregeln
489 1788 706 1820 genommen
723 1777 852 1811 haben.
891 1777 941 1812 So
955 1777 1176 1822 Pompeius!
1194 1798 1238 1803 —
1269 1779 1514 1824 ἀνήκεστα,

55 1823 116 1856 die
142 1823 706 1867 unertraglichsteBegegnung.
724 1842 767 1847 —
800 1824 999 1867 nimivm,
1025 1831 1147 1858 utrum
1173 1825 1272 1859 ultro
1300 1837 1368 1869 pro
1395 1825 1516 1870 patria

9 1873 12 1918 J
56 1868 253 1903 discrimen
279 1868 406 1901 subire
431 1868 586 1902 debeat!
611 1889 654 1894 —
701 1872 753 1905 Εἰ
783 1870 966 1914 ἐφετέον
994 1896 1002 1903 .
1022 1895 1059 1904 ..
1086 1871 1420 1914 διαπολιτείαις,
1453 1877 1517 1905 aut

56 1913 340 1959 permittendum
366 1914 401 1947 ei
426 1915 496 1956 sit,
531 1920 568 1947 ut
593 1914 651 1948 sui
676 1913 792 1959 ipsius
818 1914 1002 1948 interdum
1028 1922 1066 1949 et
1090 1916 1361 1950 carissimarum
1386 1928 1517 1962 perso-

15 1985 28 2003 „
56 1970 183 1995 narum
207 1959 386 1993 rationem
413 1961 567 2003 habeat,
595 1960 757 1994 dimissis
782 1961 960 1994 adversus
976 1967 1148 2006 potentes
1173 1963 1517 1996 concertationibus

56 2017 126 2052 pro
153 2016 194 2039 re
219 2005 394 2050 publicat
430 2007 757 2047 διαπολιτείας.
792 2005 855 2040 Sic
876 2013 979 2040 recte
1004 2010 1090 2042 Asc.
1116 2008 1150 2041 2.
1177 2009 1276 2042 Crat.
1304 2009 1404 2044 vict.
1432 2010 1462 2043 1.
1481 2009 1516 2043 2.

16 2055 18 2098 '¹
57 2053 156 2086 Man.
182 2051 312 2085 Lamb.
338 2052 462 2085 Madv.
491 2054 521 2085 l.
550 2063 585 2096 p.
606 2052 681 2086 134.
724 2049 783 2086 διὰ
809 2053 991 2095 πολιτείας
1022 2053 1183 2087 ridiculo
1209 2064 1339 2088 errore
1370 2056 1458 2089 Asc.
1484 2057 1518 2089 l.

18 2125 19 2129 ,
57 2099 145 2133 Bos.
173 2097 308 2131 Graev.
335 2098 425 2131 Ern.
453 2097 541 2132 Sch.
564 2097 660 2131 Liin.
696 2097 891 2131 ORELLI.

147 2145 182 2178 3.
211 2144 386 2186 consult„
412 2144 672 2188 Auflosungen
698 2143 848 2195 stolcher
871 2144 1078 2197 Ausgaben.
1104 2164 1148 2170 —
1178 2146 1259 2181 τῶν
1285 2146 1518 2199 προῦργου

19 2197 20 2213 ἒ
57 2193 124 2231 τὶ,
157 2200 306 2232 eorum,
332 2200 426 2233 quae
451 2190 496 2223 ad
523 2200 599 2223 rem
625 2194 833 2234 pertinent,
858 2200 885 2224 s.
914 2190 960 2223 de
987 2191 1120 2234 quibus
1146 2200 1243 2224 nunc
1268 2198 1412 2235 agitur,
1451 2193 1520 2225 ali-

59 2235 168 2277 quid,
204 2236 277 2268 und
304 2235 362 2268 ich
388 2236 620 2279 besch'astige
645 2235 742 2269 mich
767 2245 809 2268 so
836 2235 902 2274 mit
915 2236 1250 2280 Ueberlegungen‚
1277 2237 1339 2271 die
1356 2239 1425 2271 mir
1452 2248 1519 2270 vor

60 2280 128 2313 der
152 2281 258 2314 Hand
285 2281 345 2314 die
371 2281 584 2325 nothigsten
611 2280 706 2315 sind.
743 2299 786 2305 -—
836 2282 1053 2327 ἄκαιρος,
1093 2293 1229 2315 vereor
1252 2294 1300 2316 ne
1325 2285 1415 2317 haec
1440 2282 1519 2327 epi·

61 2325 156 2359 stola
181 2332 348 2370 tempore
374 2327 441 2360 tibi
474 2327 709 2361 incommodo
735 2326 871 2361 veniat.
904 2327 1012 2362 SCH.
1051 2346 1095 2353 -—
1143 2333 1238 2362 recte
1263 2330 1376 2369 amb„
1411 2329 1521 2362 einen

62 2371 321 2405 ordentlichen
347 2371 490 2406 Schritt
520 2374 641 2417 gehen
677 2373 800 2408 sollte.
837 2392 880 2397 —
929 2373 1014 2406 tulit
1036 2383 1082 2406 =
1106 2374 1214 2408 feret.
1249 2393 1292 2399 —-
1340 2375 1380 2407 in
1403 2374 1521 2418 ipsum

62 2421 159 2450 tuum
184 2417 279 2450 diem
311 2418 399 2459 (wie
433 2430 490 2464 ep.
514 2419 719 2453 CCCXLII
755 2419 803 2452 im
830 2419 956 2461 Ans.)‚
997 2425 1197 2463 quartanae
1224 2419 1338 2452 febris
1372 2420 1436 2462 (V.
1463 2419 1519 2452 Id.

23 2473 26 2508 ξ
61 2463 200 2506 Mart.),
226 2463 375 2505 incidit,
401 2474 442 2496 so
468 2466 570 2508 langt
596 2476 636 2498 er
662 2465 776 2508 grade
801 2476 844 2498 an
858 2465 1018 2498 Deinem
1040 2465 1264 2507 Fiebertage
1291 2464 1350 2497 bei
1367 2465 1440 2498 Dir
1465 2475 1521 2499 an.

153 2510 184 2542 1.
219 2509 338 2542 natali
367 2509 445 2551 die,
486 2521 595 2554 quem
621 2511 808 2545 Corradus
843 2510 997 2545 coniicit
1032 2510 1147 2545 fuisse
1183 2511 1270 2546 V11.
1298 2509 1354 2544 Id.
1387 2512 1514 2553 Mart„

63 2551 176 2596 idque
209 2561 265 2587 est
298 2554 521 2599 verisimile,
562 2556 663 2599 quod
694 2557 784 2590 haec
818 2557 880 2591 die
914 2557 964 2592 V.
990 2556 1045 2591 Id.
1072 2557 1183 2591 Mart.
1229 2555 1362 2589 scribit
1387 2556 1521 2590 Cicero

63 2598 189 2642 aitque
222 2610 262 2632 se
296 2600 480 2643 postridie
518 2601 648 2635 literas
672 2603 790 2636 Attici
816 2601 1024 2647 accepisse,
1062 2613 1171 2645 quam
1196 2608 1320 2634 essent
1345 2602 1521 2647 scriptae.

65 2643 195 2689 Itaque
227 2655 380 2679 necesse
415 2652 470 2679 est
502 2657 562 2680 eas
593 2647 662 2682 VI.
690 2648 744 2682 ld.
770 2649 878 2682 Mart.
914 2648 1120 2692 acceperit,
1158 2653 1351 2690 postquam
1378 2659 1436 2692 ep.
1454 2648 1523 2682 345

29 2720 30 2723 ,
65 2689 110 2722 ad
135 2690 295 2724 Atticum
329 2692 554 2735 scripsisset.
603 2693 652 2726 Et
684 2693 828 2727 illarum
851 2694 969 2728 Attici
995 2693 1186 2726 literarum
1219 2692 1305 2728 VII.
1331 2693 1386 2727 Id.
1413 2694 1524 2729 Mart.

65 2735 285 2781 scriptarum
310 2737 535 2771 mentionem
560 2738 646 2772 facit
672 2738 765 2772 infra
791 2751 848 2784 ep⁴
867 2741 945 2775 351.
974 2739 1081 2772 SCH.
1108 2756 1150 2762 -—
1199 2741 1272 2772 iter
1295 2739 1343 2772 ad
1357 2749 1524 2783 superum

1135 2797 1222 2838 23*
