1795 3043
0 1161 2 1209 r

0 1215 6 1282 t

0 1273 6 1392 ᾖ

585 66 588 67 ’
633 75 952 125 EPISTOLA
987 75 1191 124 eccmu
1546 82 1647 132 459

189 194 391 248 Hipp1as,
419 190 631 235 Pisistrati
659 189 795 243 filius,
833 189 907 242 qui
936 188 982 230 in
1010 188 1280 231 Marathonia
1307 200 1450 243 pugna
1477 192 1648 245 cecidit,

189 265 305 294 arma
333 252 482 293 contra
507 249 691 302 patriam
717 248 873 288 ferens-
929 247 986 288 At
1001 247 1143 295 Sulla,
1176 249 1219 288 at
1234 246 1420 296 Marius,
1449 250 1493 289 at
1514 248 1649 290 Cinna

188 312 330 359 recte,
377 309 462 349 imo
490 307 584 347 iure
613 307 803 348 fortasse.
863 303 946 345 Sed
976 304 1078 355 quid
1118 317 1262 345 eorum
1288 306 1470 346 victoria
1499 307 1648 347 crude-

189 366 302 407 lius?
341 366 443 417 quid
465 362 704 405 funestius?
759 361 900 404 Huius
928 360 1035 401 belli
1063 374 1194 414 genus
1222 363 1333 416 fugi,
1363 364 1405 405 et
1434 373 1483 404 eo
1502 364 1650 417 magis,

190 423 305 474 quod
322 422 561 464 crudeliora
583 421 710 461 etiam
729 419 908 474 cogitari
929 419 971 459 et
989 420 1133 470 parari
1148 420 1355 461 videbam.
1412 421 1498 470 Me,
1528 434 1653 473 quem

190 480 387 521 nonnulli
427 480 765 521 conservatorem
803 477 926 524 istius
964 474 1105 525 urbis,
1160 489 1285 528 quem
1314 480 1534 530 parentem
1563 491 1653 519 esse

191 536 412 586 dixerunt,
449 537 654 578 Getarum
682 536 725 576 et
751 533 1047 575 Armeniorum
1078 534 1119 574 et
1143 533 1396 576 Colchorum
1426 536 1570 589 copias
1600 535 1654 576 ad

191 605 284 634 eam
314 593 554 636 adducere?
598 605 664 634 me
692 592 799 633 meis
830 591 994 632 civibus
1021 592 1194 644 famem,
1223 592 1463 633 vastitatem
1491 594 1653 633 inferre

190 649 379 694 Italiae?
436 651 564 692 Hunc
592 650 772 701 primum
802 650 1023 690 mortalem
1050 661 1162 701 esse,
1192 648 1344 690 deinde
1365 651 1490 691 etiam
1511 649 1654 690 multis

190 708 328 748 modis
353 719 479 760 posse
508 707 718 760 exstingui
745 706 1006 760 cogitabam:
1042 706 1193 747 urbem
1221 708 1364 747 autem
1393 710 1435 748 et
1451 709 1657 760 populum

189 766 381 806 nostrum
409 764 661 805 servandum
690 765 742 805 ad
771 764 1160 812 immortalitatem,
1205 766 1410 816 quantum
1446 766 1492 805 in
1532 763 1655 804 nobis

192 824 331 875 esset,
371 820 600 873 putabam;
656 823 699 865 et
728 824 867 863 tamen
896 834 992 877 spes
1021 822 1226 873 quaedam
1253 834 1319 863 me
1349 821 1380 873 -ξ-
1410 821 1657 863 obtentabat

191 879 306 931 fore,
361 881 410 919 ut
447 879 611 930 aliquid
646 879 893 920 conveniret
922 879 1086 930 potius,
1135 891 1262 930 quam
1289 881 1362 920 aut
1390 879 1463 920 hic
1491 881 1658 919 tantum

191 936 366 976 sceleris
405 938 478 976 aut
516 936 592 976 ille
630 937 792 978 tantum
820 936 974 988 flagitii
1003 935 1257 976 admitteret.
1315 935 1416 977 Alia
1444 949 1513 977 res
1541 948 1656 976 nunc

190 993 282 1033 tota
314 994 397 1040 est,
441 993 527 1033 alia
555 1004 673 1033 mens
702 1006 808 1035 mea.
878 993 976 1046 Sol,
1015 994 1064 1033 ut
1092 995 1155 1033 est
1183 993 1229 1033 in
1256 995 1330 1033 tua
1359 994 1540 1044 quadam
1570 992 1658 1044 epi-

192 1051 322 1102 stola,
373 1049 579 1090 excidisse
613 1049 719 1090 mihi
750 1062 773 1089 e
801 1049 955 1089 mundo
984 1049 1167 1090 videtur.
1226 1050 1284 1090 Ut
1313 1053 1508 1103 aegroto,
1557 1050 1658 1090 dum

193 1107 336 1148 anima
364 1108 450 1154 est,
489 1119 583 1158 spes
612 1118 703 1146 esse
731 1106 909 1154 dicitur;
960 1105 1023 1145 sic
1051 1118 1149 1158 ego,
1189 1107 1328 1158 quoad
1358 1107 1584 1160 Pompeius
1612 1107 1658 1147 in

191 1162 319 1205 Italia
357 1163 464 1211 fuit,
515 1174 686 1215 sperare
725 1175 811 1202 non
848 1161 1005 1204 destiti.
1062 1163 1208 1215 Haec,
1246 1164 1354 1204 haec
1392 1177 1460 1204 me
1495 1165 1683 1205 fefelle-‘

193 1221 295 1261 runt
305 1233 318 1269 ;
362 1221 427 1271 et,
455 1221 504 1260 ut
532 1232 680 1260 verum
706 1220 879 1270 loquar,
909 1221 1026 1260 aetas
1054 1219 1140 1260 iam
1167 1219 1419 1262 adiuturnis
1440 1222 1660 1262 laboribus

193 1277 354 1318 devexa
401 1275 454 1316 ad
500 1276 656 1329 otium,
709 1276 1035 1316 domesticarum
1072 1289 1141 1316 me
1190 1289 1342 1318 rerum·
1378 1278 1660 1320 delectatione

192 1334 359 1375 molliit.
444 1332 591 1385 Nunc,
640 1333 676 1373 si
713 1334 782 1373 vel
820 1334 1064 1386 periculose
1103 1335 1409 1385 experiundum
1450 1337 1550 1384 erit,
1592 1349 1662 1377 ex-

193 1459 353 1504 patriam
384 1456 627 1500 belligerare.
663 1474 707 1481 -
754 1454 921 1497 nefarius
951 1454 1023 1488 fuit
1056 1461 1100 1490 st.
1127 1455 1270 1490 nefarie
1295 1455 1386 1500 egit.
1417 1475 1463 1483 -
1508 1460 1664 1500 fortasse

194 1505 354 1549 patriam
387 1503 662 1547 impugnarunt.
711 1501 955 1545 chigstens
988 1501 1167 1545 glaubten
1205 1502 1261 1536 sie
1298 1514 1358 1545 es,
1399 1503 1523 1538 indem
1557 1504 1665 1540 Sulla

196 1553 257 1585 fiir
289 1550 349 1584 die
375 1550 519 1583 Rechte
546 1548 611 1582 des
637 1547 787 1589 Sensus,
819 1547 962 1582 Marius
996 1548 1071 1581 und
1097 1548 1216 1583 Cinn'a
1244 1550 1304 1583 fiir
1329 1549 1392 1584 die
1414 1551 1558 1586 Rechte
1597 1551 1664 1585 des

195 1596 325 1633 Volks
361 1596 550 1640 lxampften
587 1594 662 1627 und
694 1594 805 1627 beide
830 1594 1011 1628 Parteien
1042 1603 1090 1628 zu
1127 1594 1234 1628 einer
1268 1596 1512 1640 ungeheuren
1536 1598 1665 1632 Rache

197 1642 324 1688 gleich
355 1642 457 1677 stark
489 1640 636 1685 gereizt
661 1640 818 1673 worden
843 1648 980 1673 waren.
1018 1658 1062 1664 —
1109 1651 1165 1674 me
1192 1667 1200 1676 .
1222 1667 1230 1675 .
1248 1666 1258 1676 .
1284 1643 1491 1678 adducere?
1537 1645 1666 1679 Ueber

200 1690 328 1724 diesen
367 1688 442 1721 und
475 1687 546 1720 den
577 1686 780 1730 folgenden
812 1697 934 1721 accus.
961 1697 992 1720 c.
1019 1685 1153 1721 infinit.
1190 1688 1256 1722 des
1281 1690 1424 1724 Affects
1460 1701 1487 1724 s.
1512 1691 1664 1725 Ramsh.

200 1737 230 1780 §-
253 1737 338 1778 168,
363 1736 398 1769 6.
441 1733 586 1768 Grotef.
613 1734 642 1775 ζ).
663 1734 754 1775 311,
785 1734 894 1766 Anm.
943 1733 1032 1769 Von
1070 1733 1140 1766 den
1165 1734 1434 1770 hulfsvolkern
1461 1737 1528 1771 des
1552 1738 1665 1772 Pom-

199 1782 329 1827 peius,
371 1780 433 1814 die
467 1791 508 1813 er
541 1779 590 1812 im
622 1778 777 1822 vorigen
809 1778 937 1812 Briefe
973 1779 1002 1822 §.
1029 1779 1051 1812 2
1082 1780 1295 1822 ausgeziihlt
1326 1782 1429 1816 hatte
1473 1785 1566 1828 (vgl.
1602 1795 1661 1828 ep.

198 1829 290 1872 334,
315 1828 373 1871 2),
405 1830 520 1859 nennt
546 1836 588 1859 er
611 1825 674 1858 die
700 1825 842 1868 Geten‚
874 1825 1073 1860 Armenier
1098 1826 1172 1860 und
1196 1827 1388 1872 Kolcher,
1426 1830 1515 1864 weil
1542 1842 1583 1865 er
1608 1831 1665 1864 sie

194 1873 261 1916 {dir
292 1873 351 1906 die
382 1873 560 1906 rohesten
590 1871 665 1904 und
704 1871 1005 1915 raubgierigsten
1042 1883 1087 1905 an
1127 1873 1198 1906 den
1233 1874 1376 1909 Kusten
1416 1876 1531 1919 hiest,
1571 1877 1666 1910 iiber

200 1919 348 1955 welche
373 1919 456 1952 dem
480 1917 684 1961 Pompeius
708 1918 822 1951 sehon
847 1918 957 1961 lange
982 1918 1044 1952 die
1069 1920 1223 1954 hochste
1249 1921 1398 1955 Gewalt
1423 1925 1668 1968 ausgetragen

201 1978 291 2002 war.
339 1965 411 2000 Μὴ
442 1964 514 1998 den
545 1964 760 2007 Kolchern,
801 1963 862 1998 die
894 1965 1134 2008 gewohnlich
1170 1977 1253 2000 zum
1285 1967 1431 2002 Pontus
1461 1971 1666 2014 gerechnet

203 2011 383 2054 wurden,
430 2010 537 2045 stand
578 2010 782 2054 Pompeius
814 2010 852 2044 in
886 2022 1052 2054 genauer
1086 2013 1352 2057 Verbindung,
1400 2014 1448 2049 da
1479 2027 1522 2050 er
1555 2027 1667 2060 sogar

204 2058 312 2094 ihren
343 2059 482 2092 letzten
507 2055 636 2100 Konig
666 2057 785 2093 selbst
816 2056 1022 2101 eingesetzt
1053 2058 1168 2093 hatte.
1201 2077 1247 2083 -
1292 2061 1420 2105 Hanc,
1459 2063 1665 2098 Caesarem.

205 2106 314 2141 SCH.
348 2103 420 2138 imo
439 2102 673 2147 Pompeium.
700 2122 745 2129 —-
784 2103 808 2144 -Ι-
832 2104 1045 2138 obtentabat.
1081 2106 1307 2150 Corruptum
1332 2107 1414 2140 hoc.
1454 2120 1510 2142 me
1528 2114 1667 2145 susten-

205 2152 306 2186 tabat
330 2151 457 2184 Lamb.
490 2160 528 2183 se
552 2150 728 2193 quaedam
751 2149 842 2182 mihi
865 2151 1066 2183 ostentabat
1089 2153 1186 2185 coni.
1212 2151 1250 2186 in
1274 2163 1320 2188 m.
1347 2154 1449 2188 1584.
1487 2166 1524 2189 se
1549 2161 1667 2190 osten-

205 2199 305 2233 tabat
327 2196 458 2232 Beieri
483 2206 584 2240 susp.
620 2195 817 2229 ORELLI.
867 2195 930 2230 Sic
963 2206 1144 2231 consensu
1176 2197 1279 2232 libri.
1326 2200 1422 2234 Esse
1454 2201 1566 2236 debet
1598 2213 1666 2248 pro

205 2245 364 2287 tenebat,
399 2243 501 2285 quod
525 2242 563 2275 in
588 2243 657 2275 hac
681 2241 865 2275 sententia
890 2242 1038 2277 dicitur.
1078 2244 1249 2278 Ceterum
1274 2244 1385 2280 huius
1409 2248 1516 2282 verbi
1542 2260 1668 2283 exem-

205 2291 311 2336 plum
350 2290 493 2323 nullum
528 2287 630 2322 aliud
663 2294 731 2322 est.
773 2288 1006 2323 ERNESTI.
1047 2308 1091 2315 —
1149 2291 1248 2333 fore,
1289 2296 1328 2326 ut
1362 2293 1413 2326 al.
1445 2305 1545 2328 conv.
1574 2299 1667 2340 pol„

203 2337 294 2371 dass
318 2346 359 2370 es
384 2336 480 2369 doch
506 2335 603 2369 noch
628 2335 719 2369 eher
748 2345 793 2369 zu
819 2335 952 2378 irgend
977 2335 1096 2370 einem
1121 2337 1353 2382 Vergleiche
1377 2339 1572 2384 kommen,
1613 2342 1669 2375 als

207 2382 295 2416 dass
323 2405 331 2415 .
352 2406 362 2416 .
379 2407 387 2416 .
414 2382 536 2416 sollte.
563 2398 609 2408 ·-
657 2380 715 2415 hic
741 2406 750 2418 .
768 2407 778 2416 .
794 2407 802 2416 .
828 2382 892 2415 ille
919 2408 927 2416 .
949 2407 957 2416 .
984 2383 1144 2427 flagitii,
1179 2384 1317 2419 Caesar
1340 2386 1540 2428 tyrannide
1563 2387 1670 2421 inva-

208 2427 350 2470 denda,
389 2425 592 2473 Por'npeius
622 2427 768 2461 Italiam
808 2428 854 2462 ad
889 2429 1096 2463 vastitatem
1128 2431 1310 2465 vocando.
1342 2431 1459 2466 ERN.
1492 2451 1537 2458 —
1584 2434 1668 2467 dnm

209 2475 336 2510 anima
367 2477 437 2516 est,
474 2485 515 2509 so
540 2474 651 2518 lange
677 2485 718 2508 er
750 2475 846 2508 noch
878 2476 1035 2518 athmet,
1075 2476 1159 2510 dum
1186 2477 1316 2521 spirat.
1339 2494 1384 2501 --
1432 2488 1454 2511 a
1480 2478 1568 2513 diat.
1595 2481 1666 2514 lab.

209 2523 289 2556 dev.
316 2520 364 2553 ad
389 2523 458 2562 ot„
500 2520 564 2554 das
590 2520 670 2554 sich
695 2531 767 2554 von
793 2522 865 2556 den
888 2521 1161 2566 langwierigen
1186 2525 1499 2567 Austrengungen
1526 2526 1602 2567 (die
1629 2538 1669 2559 cr

209 2569 266 2602 als
290 2567 497 2609 Patronus,
531 2567 585 2600 als
610 2566 861 2611 Staatsmaun,
895 2569 949 2603 als
963 2569 1102 2604 Consul
1127 2581 1162 2603 u.
1188 2580 1217 2603 s.
1243 2579 1292 2602 w.
1319 2569 1522 2604 bestanden
1548 2573 1669 2615 hatte)

210 2624 279 2649 zur
304 2613 413 2646 Ruhe
437 2612 562 2655 neigt3
602 2612 726 2656 gleich
756 2614 824 2648 der
848 2614 927 2648 sich
951 2615 1162 2658 neigenden
1187 2615 1333 2659 Sonne,
1376 2627 1486 2650 wann
1520 2618 1574 2652 sie
1607 2619 1668 2652 dic

212 2661 256 2695 12
274 2660 421 2693 labores
436 2658 611 2692 Herculis
638 2660 838 2693 bestanden
858 2662 931 2696 hat.
949 2679 994 2686 —-
1026 2662 1148 2695 delect.
1162 2687 1172 2704 ,
1198 2661 1315 2695 durch
1336 2661 1407 2695 den
1425 2663 1668 2708 Geschmack‚

213 2707 285 2741 den
310 2704 371 2740 ich
397 2705 479 2738 dem
504 2704 721 2739 hauslichen
744 2706 870 2740 Leben
898 2707 1028 2740 immer
1052 2708 1155 2740 mehr
1180 2707 1411 2750 abgewinne.
1436 2727 1481 2734 ——
1523 2713 1669 2755 perica-

212 2754 300 2788 loee.
338 2750 403 2786 Sic
428 2750 550 2786 codd.
574 2750 715 2787 decurt.
742 2752 920 2789 Tornaes.
944 2753 1074 2788 Lamb.
1102 2753 1139 2787 in
1166 2754 1276 2789 Curis
1300 2763 1373 2790 sec.
1398 2755 1488 2791 Bos.
1515 2767 1670 2803 prorsus
