1795 3043
256 115 355 163 404
521 108 584 154 M.
622 107 677 151 T.
716 103 1056 150 CICERONIS
1093 104 1466 152 EPISTOLAE.

257 222 340 263 tior
365 222 428 262 tui
459 218 629 260 consilii
646 218 782 258 sactus
806 228 891 256 non
907 215 1163 268 exspectavi,
1195 214 1295 256 dum
1311 214 1420 256 mihi
1444 229 1470 257 a
1492 218 1534 257 te
1560 217 1713 259 literae

258 277 560 328 redderentur,
587 275 890 324 confestimque
921 286 1013 313 cum
1034 273 1187 320 Quinto
1216 274 1348 312 fratre
1377 274 1420 312 et
1451 285 1546 314 cum
1571 275 1720 315 liberis

209 337 237 376 2
262 335 416 376 nostris
444 334 527 373 iter
555 332 608 372 ad
635 333 676 372 te
705 331 749 371 in
776 329 973 382 Apuliam
1001 330 1141 370 facere
1170 329 1302 381 coepi.
1364 329 1500 377 Quum
1528 332 1716 372 Teanum

259 391 495 433 Sidicinum
523 389 751 439 venissem,
780 386 826 428 C.
852 386 1053 438 Messius,
1082 385 1302 427 familiaris
1332 386 1453 438 tuus,
1482 388 1588 428 mihi
1617 388 1722 429 dixit

259 447 418 499 aliique
447 447 685 498 complures
716 445 936 485 Caesarem
961 444 1045 483 iter
1073 443 1230 484 habere
1260 443 1445 495 Capuam
1475 446 1517 484 et
1547 457 1596 485 eo
1626 445 1719 497 ipso

259 505 327 545 die
354 515 596 545 mansurum
624 514 712 542 esse
740 501 982 542 Aeserniae.
1041 500 1152 541 Sane
1181 512 1269 540 sum
1305 502 1554 553 commotus,
1597 501 1722 553 quod,

259 562 295 602 si
331 562 392 601 ita
430 561 561 612 esset,
606 571 692 598 non
731 557 852 597 modo
887 557 971 596 iter
1009 569 1149 597 meum
1186 557 1490 609 interclusum,
1544 558 1616 597 sed
1653 570 1722 597 me

259 620 399 671 ipsum
427 618 553 670 plane
582 616 805 667 exceptum
832 612 1046 665 putabam.
1103 614 1250 665 Itaque
1270 615 1357 655 tum
1377 613 1498 654 Cales
1517 615 1722 666 processi,
1770 650 1774 656 .

259 677 308 716 ut
335 674 398 715 ibi
427 673 689 727 potissimum
720 670 1016 722 consisterem,
1046 670 1145 710 dum
1168 672 1329 711 certum
1358 669 1482 711 nobis
1501 671 1554 711 ab
1574 671 1721 711 Aeser·
1771 711 1773 713 ,

208 727 235 765 3
260 733 331 773 nia
370 731 422 771 de
461 742 534 778 eo,
586 728 695 781 quod
734 727 973 778 audieram,
1016 727 1259 768 referretur.
1323 727 1379 768 At
1416 728 1546 780 mihi,
1594 741 1722 779 quum

260 788 434 829 Calibus
463 798 618 838 essem,
659 783 835 825 affertur
863 783 1085 823 literarum
1113 785 1282 824 tuarum
1311 786 1571 837 exemplum,
1617 797 1723 836 quas

258 848 306 886 tu
336 844 388 885 ad
409 844 635 884 Lentulum
657 842 871 881 consulem
899 840 1095 880 misisses.
1154 841 1245 881 Hae
1273 843 1457 893 scriptae
1488 841 1549 882 sic
1580 844 1722 883 erant:

258 903 425 943 Literas
454 899 534 940 tibi
565 914 590 940 a
618 898 665 938 L.
698 896 883 938 Domitio
914 910 953 937 a.
981 897 1021 939 d.
1051 897 1411 939 x111.Ka1.Ma1-t.
1441 899 1590 938 allatas
1615 911 1720 946 esse,

258 970 486 1009 earumque
517 956 751 1008 exemplum
779 953 1113 1006 subscripseras,
1165 954 1389 1007 magnique
1427 955 1628 994 interesse
1658 955 1721 994 rei

258 1015 457 1068 publicae
485 1014 741 1065 scripseras,
778 1023 919 1050 omnes
940 1011 1085 1063 copias
1113 1011 1250 1063 primo
1277 1023 1442 1062 quoque
1461 1012 1649 1063 tempore
1676 1013 1721 1052 in

257 1086 388 1113 unum
418 1073 559 1111 locum
588 1068 840 1115 convenire3
892 1069 933 1106 et
963 1071 1027 1119 ut,
1066 1068 1267 1120 praesidii
1307 1067 1419 1119 quod
1458 1068 1558 1108 satis
1597 1071 1720 1116 esset,

256 1130 426 1181 Capuae
463 1127 734 1179 relinqueret.
796 1124 874 1164 His
913 1136 988 1176 ego
1024 1125 1161 1164 literis
1200 1125 1323 1164 lectis
1363 1125 1408 1164 in
1446 1125 1591 1164 eadem
1633 1126 1721 1177 opi-

257 1188 385 1225 nione
415 1183 501 1236 sui,
554 1196 637 1234 qua
676 1181 830 1232 reliqui
867 1192 1038 1233 omnes,
1088 1184 1128 1220 te
1159 1193 1255 1221 cum
1284 1180 1477 1220 omnibus
1505 1183 1640 1233 copiis
1669 1181 1721 1221 ad

258 1242 486 1282 Corfinium
517 1252 606 1279 esse
635 1240 879 1279 venturum:
923 1249 1005 1287 quo
1034 1237 1162 1285 mihi,
1195 1250 1322 1288 quum
1345 1237 1499 1277 Caesar
1528 1239 1579 1278 ad
1604 1239 1721 1290 oppi-

257 1299 353 1338 dum
398 1300 537 1338 castra
574 1295 765 1345 haberet,
801 1294 937 1332 tutum
967 1294 1051 1332 iter
1069 1305 1158 1333 esse
1186 1306 1269 1332 non
1290 1294 1538 1334 arbitrabar.
1588 1295 1722 1342 Quum

256 1367 323 1394 res
353 1355 394 1393 in
425 1365 585 1393 summa
614 1350 929 1403 exspectatione
960 1351 1090 1395 esset,
1146 1351 1369 1401 utrumque
1407 1351 1532 1390 simul
1564 1352 1723 1391 audivi-

255 1425 373 1458 mus,
423 1412 464 1450 et
495 1421 604 1461 quae
635 1407 808 1448 Corfinii
848 1408 944 1446 acta
982 1408 1141 1452 essent,
1197 1409 1238 1445 et
1267 1410 1309 1446 te
1339 1407 1422 1447 iter
1450 1408 1719 1448 Brundisium

254 1470 396 1509 facere
427 1466 638 1518 coepisse:
683 1475 893 1516 quumque
923 1475 1002 1502 nec
1033 1463 1137 1502 mihi
1166 1475 1244 1502 nec
1276 1464 1398 1503 fratri
1429 1476 1519 1504 mco
1549 1465 1720 1505 dubium

255 1526 388 1572 esset,
439 1524 540 1575 quin
575 1517 846 1562 Brundisium
889 1520 1260 1569 contenderemus3
1306 1534 1331 1561 a
1369 1521 1534 1569 multis,
1585 1522 1658 1573 qui
1698 1534 1721 1561 e

253 1648 351 1682 einst
375 1647 447 1681 den
472 1645 610 1680 Lucius
634 1644 789 1678 Flaccus
815 1643 862 1676 de
888 1642 1106 1686 repetundis
1132 1653 1188 1676 an.
1223 1642 1261 1676 S.
1291 1644 1393 1676 Orat.
1418 1643 1539 1677 Flacc.
1569 1654 1600 1679 c,
1628 1646 1660 1677 1.
1676 1662 1720 1669 —-

253 1695 302 1737 ad
332 1693 515 1734 consules,
556 1690 776 1725 Marcellum
807 1694 843 1721 et
868 1688 1086 1729 Lentulum,
1129 1689 1290 1732 Capuam
1322 1699 1342 1722 a
1367 1689 1549 1733 Pompeio
1586 1690 1719 1724 missus

252 1745 322 1774 est.
354 1758 398 1764 —
445 1739 576 1772 literae
607 1748 653 1770 =
684 1744 876 1780 responsa.
911 1753 955 1759 —
1002 1735 1302 1778 confestimque,
1343 1745 1403 1768 wo
1439 1746 1504 1779 que
1532 1736 1622 1769 nach
1648 1747 1719 1769 non

253 1798 299 1820 ==
333 1785 413 1820 sed.

343 1831 378 1864 2.
417 1831 575 1864 Teanum
599 1827 815 1862 Sidicinum.
860 1826 899 1861 S.
933 1835 980 1860 zu
1005 1837 1066 1871 ep.
1080 1827 1162 1869 334,
1188 1827 1221 1860 2.
1259 1844 1302 1849 -
1352 1825 1393 1859 C.
1420 1826 1583 1860 Messius
1606 1827 1720 1868 (Mis-

251 1878 330 1911 sius
346 1876 424 1910 Md.
441 1878 527 1909 Asc.
543 1876 574 1908 1.
593 1875 691 1908 Crat.
709 1873 810 1909 Vict.
829 1874 893 1916 1.),
912 1872 1104 1906 familiaris
1121 1871 1305 1916 Pompeii.
1331 1870 1370 1906 S.
1386 1873 1717 1916 ep.LXXXV111.

251 1923 406 1957 CXLH.
444 1921 615 1954 tribunus
640 1919 761 1964 plebis
785 1919 907 1962 legem
934 1919 1017 1952 tulit
1043 1919 1088 1952 de
1113 1917 1308 1953 Ciceronis
1334 1918 1465 1951 salute.
1514 1918 1606 1954 Vid.
1633 1925 1719 1963 post

250 1968 379 2002 Redit.
410 1968 446 2001 in
472 1966 597 2002 Senat.
631 1977 662 1999 c.
683 1966 716 2000 8.
753 1984 796 1989 —
845 1965 975 2008 compl.
1009 1964 1154 1999 dixere.
1185 1984 1230 1990 —
1276 1964 1348 1996 iter
1379 1963 1529 2007 hahere,
1573 1965 1718 2008 „Casar

251 2014 308 2048 sei
335 2014 381 2048 im
400 2015 556 2057 Anzuge
581 2022 700 2055 gegen
719 2011 880 2056 Capua.’'
910 2011 1016 2044 Eben
1041 2022 1103 2054 so,
1129 2010 1202 2044 wie
1227 2010 1264 2043 in
1277 2009 1422 2054 Anlage
1436 2011 1482 2044 A.
1509 2029 1553 2034 —
1585 2012 1719 2044 Aeser-

251 2061 356 2103 niae,
403 2060 523 2093 einem
553 2058 754 2093 Stadtchen
794 2057 840 2090 im
881 2056 1178 2091 Samniterlande
1223 2054 1414 2098 (Abruzzo
1451 2056 1577 2098 citra),
1627 2057 1718 2090 ietzt

253 2106 410 2149 Sergna.
447 2105 529 2148 „Ut
560 2114 645 2143 n05‚
676 2103 746 2136 iam
779 2103 879 2137 Crat.
920 2103 1097 2136 Eserm'ae
1134 2104 1219 2136 Asc.
1248 2105 1279 2135 l.
1305 2101 1335 2134 2.
1370 2101 1468 2135 Vict.
1496 2104 1527 2135 1.
1553 2103 1586 2135 2.
1625 2102 1714 2136 Bos.

253 2153 390 2186 Graev.
430 2152 519 2185 Ern.
561 2150 644 2184 Sch.
686 2149 781 2184 Liin.
818 2149 891 2182 ΟΒ.
929 2168 970 2173 ——
1028 2152 1243 2185 commotus.
1275 2146 1502 2191 beunruhigt
1534 2147 1615 2181 scil.
1645 2148 1717 2182 hoc

252 2198 397 2232 nuntio.
414 2216 457 2221 —
484 2197 600 2230 cales.
639 2195 675 2230 S.
704 2206 747 2229 zu
775 2206 835 2240 ep.
854 2195 1096 2235 CCCXVIII,
1122 2196 1152 2230 l.
1191 2192 1357 2236 CCCXI,
1383 2193 1418 2228 2.
1452 2193 1658 2238 CCCVHI,
1683 2196 1716 2228 1.

344 2256 378 2290 3.
410 2254 498 2287 Hae.
539 2253 641 2295 Lege
663 2252 747 2286 Eae.
783 2251 854 2285 OR.
890 2271 934 2277 —
980 2252 1053 2294 sic,
1095 2251 1160 2284 des
1192 2250 1345 2283 Inhalts.
1378 2267 1422 2273 —
1481 2249 1597 2284 XIII.
1626 2250 1714 2285 Kal.

252 2302 392 2343 Mart„
430 2310 485 2333 am
513 2300 565 2332 17.
583 2299 758 2331 Februar.
803 2297 842 2330 S.
867 2308 926 2342 ep.
953 2299 1031 2340 329,
1056 2297 1088 2330 2.
1128 2297 1208 2334 326,
1234 2297 1266 2329 5.
1307 2296 1389 2337 324,
1416 2297 1446 2330 1.
1474 2315 1515 2319 —
1566 2297 1714 2339 exempl.

252 2348 411 2390 διώκῃ,
447 2346 508 2379 Du
534 2345 668 2377 hattest
694 2343 767 2376 ihm
793 2344 877 2377 eine
891 2340 1081 2377 Abschrit't
1107 2342 1225 2375 davon
1253 2341 1489 2385 mitgetheilr.
1514 2361 1558 2365 —
1606 2346 1639 2375 et
1664 2346 1713 2385 ut,

253 2393 344 2427 weil
370 2392 406 2426 in
432 2391 559 2434 scrip&
587 2389 654 2422 der
670 2389 991 2432 Begriffz'nsseras
1004 2388 1192 2422 vei-steckt
1217 2387 1322 2430 liegt.
1356 2387 1393 2422 S.
1413 2388 1565 2421 Ramsh.
1591 2389 1619 2429 ἕ.
1634 2389 1712 2431 193,

254 2441 297 2481 1,
332 2441 363 2472 l.
412 2436 556 2471 Grotef.
589 2436 616 2478 ἕ.
642 2436 720 2469 397.
759 2454 803 2459 —
847 2435 1039 2477 praesidii.
1083 2433 1159 2467 Md.
1193 2433 1316 2466 Oxou.
1350 2434 1383 2467 2.
1419 2434 1518 2467 Crat.
1552 2433 1651 2468 Vict.
1678 2435 1711 2467 1.
1788 2451 1795 2473 μ

249 2484 454 2529 praesidio.
481 2501 524 2507 —
572 2481 641 2514 His
666 2491 753 2524 ege,
787 2481 888 2514 Edit.
916 2482 1005 2514 1584
1029 2489 1131 2521 erge.
1157 2498 1203 2504 —-
1250 2479 1384 2522 Coi-fin.
1426 2478 1463 2513 S.
1491 2490 1550 2522 ep.
1570 2481 1650 2521 311,
1677 2479 1710 2513 2.
1756 2477 1757 2480 ’

253 2532 343 2572 320,
376 2532 410 2564 3.
445 2548 489 2554 -
539 2528 651 2561 Quum
683 2538 742 2560 fres
773 2527 811 2559 in
842 2538 870 2559 s.
904 2537 999 2569 exsp.
1031 2530 1142 2567 esset,
1180 2525 1227 2558 da
1258 2525 1331 2559 wir
1361 2524 1539 2558 hieriiber
1576 2525 1612 2558 in
1645 2525 1712 2558 der

255 2580 427 2621 grossten
459 2572 731 2614 Verlegenheit
772 2583 906 2606 waren.
945 2590 990 2596 —
1043 2571 1260 2604 audivimus.
1313 2570 1377 2606 Sic
1409 2572 1494 2604 Asc.
1529 2581 1605 2613 pn,
1650 2571 1708 2604 vel

254 2622 397 2656 scribe:
423 2632 467 2653 Ξ
492 2620 684 2653 audiimus.
710 2619 805 2652 Cett.
839 2618 1017 2651 audimus.
1045 2618 1117 2650 OR.
1145 2636 1189 2642 —
1237 2622 1318 2650 acta
1342 2620 1476 2658 essent,
1504 2616 1586 2649 dass
1612 2618 1709 2649 nam-
1763 2653 1765 2662 .

254 2668 331 2702 lieh
356 2666 545 2701 Domitius
581 2665 658 2699 sich
691 2664 829 2702 selbst,
867 2663 971 2696 seine
1006 2662 1085 2696 drei
1110 2663 1303 2705 Legionen
1337 2661 1410 2696 und
1446 2661 1507 2694 die
1532 2661 1638 2695 Stadt
1663 2672 1707 2695 an
1759 2667 1795 2700 εἴ

255 2714 369 2748 Οὲίεᾶι·
394 2713 489 2746 habe
515 2711 726 2754 iibergeben
753 2712 941 2742 miissen.
971 2727 1013 2733 —
1049 2709 1225 2743 Brundis.
1253 2708 1291 2742 S.
1320 2719 1377 2752 ep.
1396 2707 1478 2745 326,
1504 2709 1536 2741 7.
1568 2708 1648 2749 327,
1672 2710 1704 2742 3.

252 2760 332 2800 331,
358 2759 391 2792 2.
424 2758 503 2800 332,
529 2758 562 2790 4.
592 2776 631 2781 -
674 2756 820 2789 dubium
844 2759 931 2788 esset
954 2765 1000 2788 ’.τ-
1024 2765 1092 2788 nec
1119 2765 1189 2798 ego
1215 2765 1283 2788 nec
1308 2754 1422 2788 frater
1444 2753 1713 2796 dubitaremus,
