1795 3043
521 92 834 140 EPISTOLA
880 94 1127 142 CCCVIH.
1460 102 1561 151 353

96 205 340 247 coniectura
369 204 421 246 de
448 205 574 246 rebus
600 205 778 246 futuris:
808 205 914 247 haec
943 207 1073 248 velim
1102 205 1254 249 crebro
1279 208 1323 248 et
1350 207 1451 260 quid
1481 209 1562 250 tibi

95 262 148 303 de
177 263 422 303 mulieribus
448 263 604 303 nostris
630 263 799 316 placeat
828 264 870 302 et
899 263 1000 314 quid
1029 265 1201 305 acturus
1230 265 1323 318 ipse
1351 266 1433 317 sis,
1457 266 1563 307 scri-

95 318 185 359 bas.
243 320 289 360 Si
304 320 534 360 scriberem
556 320 662 373 ipse,
697 319 864 373 longior
893 321 1073 373 epistola
1100 323 1271 373 fuisset5
1300 322 1374 364 sed
1401 323 1561 365 dictavi

96 379 270 430 propter
309 376 618 430 lippit-udinem.

263 559 576 606 EPISTOLA
611 559 857 605 CCCVllI.
907 559 988 618 (ad
1024 560 1117 605 Att.
1152 559 1260 606 VII.
1287 563 1392 621 14.)

187 634 269 669 Ser.
298 635 449 670 Calibus
473 647 505 670 a.
533 634 986 672 d.V1.Ka1.Febr.A
1009 635 1054 670 U.
1081 635 1122 670 c.
1146 635 1225 670 705.
1253 636 1301 679 (a
1329 636 1370 669 o.
1397 636 1470 680 49.)

97 702 157 737 De
182 703 361 738 mandatis
386 705 477 739 Caes
481 703 554 738 aris
573 703 618 738 ad
640 703 874 748 Pompeium.
923 705 956 739 1.
982 703 1029 738 de
1051 703 1131 739 eius
1156 703 1442 748 gladiatoribus,
1468 716 1564 751 quos

211 750 359 795 Capuae
382 751 573 785 habuerat.
621 751 654 784 2.
683 750 730 784 dc
755 762 875 784 uxore
900 756 937 785 et
962 750 1063 795 filia,
1090 757 1130 785 ut
1154 751 1274 786 Roma
1299 758 1448 796 exeant,

660 796 915 832 cohortandis.
959 798 993 833 3.

589 865 772 901 CICERO
803 865 993 900 ATTICO
1025 864 1066 902 S.

208 922 256 964 A.
280 922 321 965 d.
341 937 399 964 vl.
420 925 516 965 Kal.
547 925 671 965 Febr.
704 925 888 978 Capuam
916 923 1087 965 Calibus
1115 923 1405 977 proficiscens,
1435 935 1565 977 quum

96 978 252 1020 leviter
280 981 492 1034 lippirem,
524 983 600 1023 has
628 983 776 1023 literas
807 981 916 1022 dedi.
974 981 1022 1021 L.
1052 982 1207 1023 Caesar
1236 983 1435 1023 mandata
1464 982 1567 1022 Cae-

97 1037 202 1077 saris
233 1037 384 1077 detulit
425 1040 478 1079 ad
515 1039 764 1091 Pompeium
801 1053 837 1080 a.
871 1039 911 1080 d.
940 1051 1038 1079 ΠΗ.
1070 1039 1166 1081 Kal.
1177 1070 1191 1092 ,
1232 1052 1360 1091 quum
1390 1039 1427 1078 is
1455 1039 1568 1078 esset

98 1105 194 1134 cum
224 1095 468 1136 consulibus
497 1097 644 1136 Teani.
714 1096 900 1137 Probata
940 1095 1129 1136 conditio
1167 1097 1255 1144 est,
1296 1096 1369 1136 sed
1396 1095 1478 1143 ita,
1517 1096 1568 1135 ut

97 1151 172 1190 ille
201 1151 252 1191 de
281 1153 334 1191 iis
366 1153 552 1205 oppidis,
587 1165 698 1204 quae
727 1155 847 1193 extra
877 1166 995 1193 suam
1024 1153 1289 1205 provinciam
1318 1149 1569 1205 occupavis-

98 1209 184 1259 set,
225 1209 436 1262 praesidia
464 1209 702 1251 deduceret.
767 1210 817 1250 Id
847 1210 883 1250 si
914 1211 1104 1263 fecisset,
1145 1222 1394 1263 responsum
1421 1210 1485 1249 est
1514 1208 1568 1249 ad

99 1263 247 1305 urbem
285 1278 361 1306 nos
397 1267 606 1307 redituros
636 1279 726 1307 esse
757 1268 799 1307 et
828 1279 917 1307 rem
945 1279 1023 1319 per
1064 1269 1255 1308 senatum
1284 1267 1568 1308 confecturos.

101 1322 234 1373 Spero
267 1323 468 1375 [essepin
498 1324 742 1375 praesentia
781 1336 930 1375 pacem
960 1335 1036 1363 nos
1065 1323 1241 1366 habere.
1307 1323 1417 1365 Nam
1446 1324 1489 1363 et
1519 1322 1571 1362 il-

100 1380 190 1418 lum
231 1379 386 1419 furoris
426 1383 469 1420 et
506 1381 623 1421 hunc
662 1383 851 1422 nostrum
891 1381 1109 1432 copiarum
1144 1381 1430 1433 suppoenitet.
1496 1379 1569 1420 Me
1593 1377 1621 1419 2

0 1438 10 1493 15
101 1435 325 1487 Pompeius
356 1437 540 1489 Capuam
568 1438 715 1478 venire
743 1437 880 1478 voluit
920 1439 963 1477 et
1001 1437 1204 1477 adiuvare
1246 1437 1476 1478 delectum:
1522 1436 1569 1478 in

3 1493 9 1523 ³³
100 1505 185 1544 quo
213 1505 364 1544 parum
394 1493 559 1546 prolixe
575 1494 831 1546 respondent
850 1494 1053 1546 Campani
1083 1492 1240 1535 coloni.
1301 1493 1571 1534 Gladiatores

103 1549 306 1599 Caesaris,
335 1551 409 1602 qui
441 1551 608 1602 Capuae
637 1552 747 1603 sunt⁷
776 1551 828 1590 de
864 1550 1021 1601 quibus
1051 1551 1150 1590 ante
1180 1549 1233 1590 ad
1262 1552 1304 1590 te
1334 1552 1489 1591 falsum
1517 1562 1572 1590 ex

100 1605 151 1645 A.
193 1607 395 1658 Torquati
438 1606 578 1647 literis
622 1608 898 1660 scripseram,
947 1618 1048 1647 sane
1087 1607 1305 1649 commode
1345 1607 1572 1659 Pompeius

101 1663 332 1716 distribuit,
362 1664 483 1704 binos
512 1664 690 1717 singulis
717 1663 911 1716 patribus
940 1663 1210 1705 familiarum.
1268 1665 1497 1706 Scutorum
1526 1664 1573 1705 in

7 1770 17 1847 ’ἰ
100 1786 381 1830 introduxerat,
414 1785 548 1820 eduxit
572 1797 614 1820 ac
638 1785 822 1838 profugit.
869 1786 977 1820 Caes.
1003 1786 1029 1820 l.
1056 1785 1081 1820 l.
1107 1796 1140 1820 c.
1167 1787 1225 1822 13.
1261 1785 1349 1822 Sch.
1376 1786 1577 1839 Cingulum

101 1834 164 1867 die
189 1844 262 1866 xon
285 1833 474 1867 Labienus
501 1833 654 1866 erbaute
680 1832 787 1866 Stadt
812 1832 850 1865 in
873 1832 1056 1867 Picenum
1080 1832 1207 1875 (Marc
1231 1832 1428 1876 Ancona..)
1453 1851 1499 1859 —
1540 1832 1577 1866 si

101 1879 310 1913 scriberem.
357 1880 445 1913 Ern.
484 1889 584 1923 susp
620 1881 869 1922 scripsissem5
914 1878 964 1913 im
995 1878 1189 1914 Briefstil·
1221 1898 1267 1904 —
1309 1882 1432 1925 propt.
1471 1879 1576 1925 lipp„

103 1936 238 1970 wegen
270 1926 372 1959 eines
405 1926 494 1959 Flus
498 1935 557 1958 ses
583 1924 621 1958 in
652 1925 725 1958 den
758 1928 902 1968 Augen.
1257 1939 1260 1945 ¹

194 1973 224 2006 1.
259 1971 428 2006 v1.Kal
459 1972 588 2015 Febr„
621 1982 677 2005 am
703 1972 759 2006 27.
778 1972 924 2005 Ianuar.
953 1989 997 1996 -
1046 1970 1155 2005 Cales
1186 1969 1271 2005 eine
1296 1969 1426 2005 kleine
1450 1969 1577 2005 Land-

102 2017 201 2052 stadt
225 2017 263 2051 in
289 2017 525 2070 Campanien.
551 2037 596 2043 -
643 2018 719 2062 lz'pp
760 2016 800 2052 S.
819 2017 928 2051 Ende
954 2017 1021 2051 des
1042 2017 1162 2061 vorig.
1181 2017 1245 2051 ΒΓ.
1272 2036 1318 2042 -
1357 2017 1402 2051 L.
1423 2017 1574 2052 Caesar.

103 2063 143 2098 S.
170 2074 252 2097 zum
278 2063 399 2107 vorig.
425 2064 489 2097 ΒΓ.
518 2064 546 2106 §.
571 2065 604 2099 6.
631 2083 676 2089 -
694 2029 844 2097 pinanti.
874 2063 976 2097 caes.
1005 2062 1044 2098 S.
1072 2063 1182 2098 deB.
1209 2063 1289 2097 Civ
1312 2063 1343 2107 1,
1360 2065 1394 2098 9.
1411 2082 1454 2089 —
1479 2076 1578 2102 vrrs.

104 2110 216 2153 Kal..
256 2120 313 2143 am
344 2110 403 2144 25.
431 2111 573 2145 Ianuar.
620 2129 665 2135 —
723 2109 849 2143 Teani.
889 2107 928 2144 S.
964 2121 1022 2154 ep.
1048 2108 1247 2153 cccV11‚
1274 2111 1307 2144 7.
1343 2128 1388 2135 -
1435 2110 1480 2144 de
1509 2110 1577 2153 izys

104 2157 192 2190 Asc.
205 2136 241 2190 ⁷l.
271 2157 367 2191 Crat.
393 2157 494 2191 Vict.
514 2158 546 2191 l.
573 2156 639 2190 his.
666 2175 708 2180 —
759 2156 864 2200 [esse]
897 2154 962 2190 Sic
986 2154 1064 2190 Md.
1094 2156 1220 2190 Oxon.
1236 2134 1274 2190 '2.
1301 2161 1372 2190 cet.
1401 2156 1474 2191 del.
1500 2166 1578 2191 esse

103 2201 192 2236 Sch.
217 2202 312 2237 Liin.
340 2202 414 2237 OR.
440 2221 485 2227 —
523 2203 564 2236 in
585 2213 730 2247 prae-3„
754 2213 822 2235 vor
847 2202 914 2236 der
930 2201 1051 2235 Hand.
1070 2220 1113 2226 —
1154 2201 1247 2235 hunc
1264 2205 1439 2245 nostrum,
1464 2203 1578 2237 Pom-

104 2247 245 2328 geium.
269 2268 356 2336 3-05
365 2249 526 2329 cgpiar„
560 2249 644 2283 dass
677 2260 718 2283 er
751 2248 876 2283 seiner
908 2248 1036 2283 Macht
1061 2256 1108 2282 zu
1134 2247 1229 2284 Viel
1254 2254 1478 2293 zugetrauet
1500 2249 1576 2284 hat.

137 2320 145 2328 .
182 2304 228 2338 ep

195 2340 229 2373 2.
267 2341 442 2374 adiuvare
467 2340 664 2383 delectum,
688 2339 750 2374 die
780 2340 978 2383 Werbung
1002 2338 1213 2374 betreiben.
1263 2339 1303 2376 S.
1330 2351 1389 2386 ep.
1407 2338 1580 2383 CCCIV,

104 2385 140 2419 5.
165 2404 210 2410 —
237 2386 277 2419 in
302 2397 396 2430 quo.
438 2387 598 2429 .coloni‚
623 2386 778 2430 „wobei
804 2387 865 2420 die
891 2385 1186 2430 Campanischen
1213 2386 1439 2421 Kolonisten
1467 2396 1580 2420 unse-

105 2441 174 2464 ren
207 2431 479 2475 Erwartungen
519 2413 632 2466 nicht⁷
663 2432 880 2466 sonderlich
916 2440 996 2466 ents
1001 2433 1200 2476 praehens
1260 2433 1374 2467 Casar
1405 2443 1485 2466 war
1518 2432 1580 2466 ihr

104 2478 366 2520 Wohlthater,
400 2478 523 2511 indem
550 2490 591 2512 er
616 2478 672 2512 sie
697 2478 815 2512 durch
842 2478 946 2513 seine
970 2489 1040 2511 vor
1065 2480 1108 2513 10
1134 2478 1271 2512 Iahren
1296 2479 1491 2522 gegebene
1516 2478 1581 2512 lex

106 2523 255 2568 agraria
281 2523 316 2556 in
355 2523 415 2556 die
440 2523 571 2558 Stadte
596 2525 661 2559 des
696 2525 936 2568 glucklichen
963 2524 1207 2569 Campaniens
1233 2525 1442 2569 verpssanzt
1467 2524 1579 2559 hatte.

108 2569 146 2604 S.
166 2581 224 2614 ep.
244 2570 429 2609 CCCVII,
446 2570 484 2602 2:
505 2571 717 2604 invitorum.
738 2590 781 2597 —
807 2582 850 2604 ex
875 2575 923 2604 A.
951 2571 1096 2605 Manlii
1124 2570 1302 2613 Torquati
1326 2569 1460 2612 literis,
1487 2581 1583 2613 quae

108 2626 180 2649 non
208 2622 366 2649 exstant.
418 2616 543 2649 Ueber
568 2617 782 2660 Torquatus
798 2615 826 2651 s'.
849 2627 895 2650 zu
922 2627 981 2661 ep.
999 2618 1077 2651 517.
1105 2617 1153 2650 im
1180 2616 1264 2649 Ans.
1292 2634 1336 2640 —
1383 2617 1580 2659 commode,

108 2662 195 2695 sehr
221 2663 404 2704 ramam,
431 2661 545 2695 damit
571 2662 625 2695 sie
652 2662 751 2696 nicht
778 2674 821 2697 en
849 2674 961 2706 corps
987 2673 1068 2696 zum
1095 2663 1210 2696 casar
1235 2661 1315 2694 sich
1340 2661 1584 2696 durchschla-

108 2718 178 2751 gen
207 2708 281 2741 und
314 2707 375 2741 bei
410 2707 477 2741 der
512 2708 763 2752 Gelegenheit
797 2709 859 2743 die
892 2708 1113 2743 offentliche
1138 2706 1354 2742 Sicherheit
1382 2708 1585 2743 besahrden

109 2754 293 2787 mochten.
328 2772 372 2778 -—
419 2754 626 2788 Scutorum.
662 2753 725 2789 Sic
752 2755 852 2789 raled.
887 2756 1011 2789 Oxou.
1042 2757 1073 2788 1.
1101 2754 1134 2787 2.
1169 2754 1256 2787 Asc.
1282 2756 1314 2788 l.
1356 2754 1454 2789 Crat.
1486 2755 1583 2790 Lan.

169 2813 237 2841 Cic.
260 2814 371 2840 Briese
394 2823 427 2841 v.
450 2812 591 2839 Billerb.
614 2814 657 2840 11.
1223 2814 1280 2853 23
