1795 3043
477 56 790 104 EPISTOLA
833 58 1160 108 cccxxle.
1460 68 1561 115 405

93 169 264 211 Samnio
295 170 536 222 Apuliaque
571 168 822 220 veniebant,
872 168 1074 211 admoniti
1103 183 1267 220 sumus,
1319 175 1366 212 ut
1393 185 1559 214 cavere-

90 229 203 275 mus,
248 239 301 266 ne
331 228 626 279 exciperemur
655 240 680 266 a
711 226 914 274 Caesare3
964 227 1074 278 quod
1115 229 1151 268 is
1187 230 1231 268 in
1274 229 1416 270 eadem
1446 231 1554 278 loca,

43 282 51 290 '
86 295 194 335 quae
225 295 300 322 nos
330 284 596 336 petebamus,
638 283 876 335 profectus,
917 284 1100 323 celerius
1129 285 1273 337 etiam,
1323 299 1448 336 quam
1477 299 1554 327 nos

85 352 324 392 possemus,
358 353 430 393 eo,
460 352 541 391 quo
573 339 834 390 intenderet,
861 340 1066 379 venturus
1097 344 1218 382 esset.
1278 343 1396 391 Quod
1425 355 1553 394 quum

85 397 147 437 ita
177 399 307 443 esset,
347 410 426 438 nec
454 396 559 436 mihi
590 409 670 437 nec
699 395 824 436 fratri
853 407 947 435 meo
979 408 1059 435 nec
1090 398 1290 447 cuiquam
1320 400 1551 439 amicorum

84 455 252 506 placuit
281 454 568 500 committere,
610 455 656 492 ut
694 451 909 493 temeritas
945 454 1089 492 nostra
1136 466 1218 494 non
1250 457 1383 495 solum
1413 456 1549 503 nobis,

83 510 158 550 sed
191 510 317 550 etiam
346 512 408 551 rei
436 510 636 563 publicae
664 510 865 558 noceret,
895 521 1022 560 quum
1040 512 1289 560 praesertim
1318 524 1402 551 non
1432 513 1552 552 dubi-

82 570 291 619 taremus,
321 569 444 619 quin,
473 567 508 607 si
539 566 665 606 etiam
695 567 834 606 tutum
861 565 984 606 nobis
1013 566 1095 606 iter
1121 566 1292 614 fuisset,
1331 570 1373 608 te
1404 571 1540 608 tamen

84 624 165 664 iam
195 625 396 677 consequi
424 636 507 664 non
537 636 762 675 possemus.
818 623 995 663 Interim
1022 624 1261 674 accepimus
1291 626 1382 664 tuas
1398 626 1542 666 literas
1566 624 1590 661 ¹1

83 681 264 721 Canusio
296 695 332 723 a.
364 682 401 721 d.
432 694 473 722 x.
503 680 682 721 Kalend.
711 680 836 720 Mart.
867 679 1009 727 datas,
1063 680 1214 731 quibus
1245 693 1320 720 nos
1349 682 1546 731 hortaris,

83 739 129 777 ut
158 738 338 778 celerius
368 737 636 778 Brundisium
666 736 903 785 veniamus3
951 749 1053 788 quas
1082 749 1211 788 quum
1241 739 1545 790 accepissemus

81 810 117 834 a.
135 794 173 834 d.
207 793 632 841 111.Ka1end.Mart.‚
666 806 749 833 non
780 793 1085 845 dubitabamus,
1115 795 1216 845 quin
1248 796 1293 833 tu
1318 794 1398 834 iam
1413 797 1544 835 Brun-

80 850 231 890 disium
257 851 542 901 pervenisses:
582 850 786 901 nobisque
816 851 899 890 iter
927 850 1038 890 illud
1068 851 1236 890 omnino
1267 852 1542 892 interclusum

79 908 350 955 videbamus,
401 920 540 958 neque
576 908 716 947 minus
745 920 820 947 nos
851 919 940 946 esse
971 910 1142 957 captos,
1189 920 1311 958 quam
1341 909 1414 959 qni
1445 908 1542 948 Cor-

78 963 169 1004 fiuii
191 965 381 1006 fuissent.
439 965 585 1015 Neque
615 966 726 1004 enim
756 976 826 1003 eos
844 965 955 1003 solos
983 962 1298 1004 arbitrabamur
1327 965 1438 1015 capi,
1467 967 1540 1015 qui

79 1021 122 1060 in
154 1024 406 1061 armatorum
437 1021 884 1070 manusincidissent,
916 1020 987 1059 sed
1018 1033 1087 1059 eos
1117 1021 1251 1059 nihilo
1283 1021 1433 1067 minus,
1467 1022 1540 1071 qui

76 1077 319 1130 regionibus
358 1079 519 1118 exclusi
557 1079 671 1117 intra
710 1077 919 1128 praesidia
958 1079 1082 1126 atque
1110 1078 1223 1116 intra
1253 1089 1368 1116 arma
1398 1077 1536 1117 aliena

75 1135 300 1175 venissent.
370 1134 491 1181 Quod
529 1146 660 1184 quum
700 1134 758 1173 ita
801 1133 879 1184 sit,
934 1133 1114 1173 maxime
1163 1134 1316 1173 vellem
1356 1134 1536 1185 primum
1561 1125 1588 1166 5

75 1203 240 1244 semper
270 1193 410 1231 tecum
440 1192 593 1239 fuisse,
648 1190 759 1241 quod
789 1190 959 1241 quidem
986 1189 1066 1230 tibi
1096 1189 1379 1242 ostenderam,
1409 1202 1538 1242 quum

74 1262 100 1288 a
139 1261 206 1288 me
244 1249 430 1300 Capuam
468 1247 734 1287 reiiciebam:
795 1247 906 1298 quod
947 1247 1032 1287 feci
1070 1259 1153 1286 non
1196 1247 1359 1287 vitandi
1397 1248 1540 1287 oneris

75 1318 226 1356 causa,
267 1305 338 1344 sed
367 1303 477 1355 quod
506 1303 699 1343 videbam
727 1304 864 1343 teneri
901 1304 1020 1343 illam
1049 1302 1196 1342 urbem
1225 1304 1316 1343 sine
1347 1304 1537 1344 exercitu

76 1374 158 1401 non
189 1374 330 1413 posse:
372 1361 567 1401 accidere
598 1360 737 1400 autem
769 1359 871 1399 mihi
902 1360 1119 1406 nolebam,
1152 1360 1264 1410 quod
1281 1359 1403 1399 doleo
1433 1360 1539 1401 viris

12 1472 13 1475 Ἴ
74 1419 313 1458 fortissimis
342 1417 558 1457 accidisse.
617 1416 825 1465 Quoniam
848 1418 1009 1468 autem,
1039 1418 1178 1456 tecum
1201 1418 1248 1455 ut
1266 1429 1423 1468 essem,
1453 1429 1537 1457 non

5 1448 14 1570 ι’
75 1475 278 1528 contigit,
333 1475 496 1514 utinam
536 1472 601 1513 tui
639 1473 809 1514 consilii
849 1473 1006 1513 certior
1042 1473 1181 1513 factus
1218 1474 1372 1513 essem!
1431 1473 1539 1514 Nam

74 1532 314 1584 suspicione
344 1531 509 1582 assequi
538 1543 623 1570 non
653 1530 798 1582 potui3
847 1529 961 1580 quod
990 1530 1131 1570 omnia
1159 1529 1278 1581 prius
1309 1529 1538 1571 arbitratus

9 1717 11 1745 Ι;
73 1702 163 1735 Ern.
199 1701 285 1735 Sch.
318 1701 413 1734 Liin.
439 1699 645 1732 intenderat
671 1699 765 1732 Cett.
792 1708 873 1731 curn
898 1698 977 1733 Md.
1007 1697 1080 1732 ΟΒ.
1107 1715 1152 1722 -·
1198 1698 1442 1737 committere,
1475 1695 1536 1729 die

14 1776 18 1790 s
73 1747 214 1783 Schuld
238 1747 304 1780 aus
323 1757 390 1781 uns
415 1755 460 1779 zu
486 1744 607 1778 laden.
635 1763 678 1768 —-
725 1744 912 1777 temeritas
935 1749 1086 1782 nostra,
1124 1742 1183 1776 ein
1208 1742 1440 1786 VVagestiick
1464 1752 1535 1774 von

14 1796 15 1799 ’
74 1804 206 1827 unsrer
241 1791 365 1835 Seite,
410 1802 543 1825 unsrer
575 1790 688 1825 Seits.
735 1789 773 1824 S.
801 1790 951 1824 Ramsh.
983 1790 1011 1832 §.
1040 1791 1125 1831 153,
1152 1790 1191 1826 4,
1217 1789 1253 1822 b.
1291 1808 1335 1814 -—
1383 1792 1534 1821 noceret.

72 1839 186 1874 Seine
211 1837 437 1882 eigentliche
450 1836 675 1880 Besorgniss
698 1846 800 1878 war,
826 1835 1029 1880 Pompeius
1045 1836 1212 1877 mochte,
1237 1845 1346 1868 wenn
1372 1834 1427 1868 sie
1453 1834 1535 1867 dem

15 1879 19 1914 ἶ
72 1887 184 1919 Ca'sar
210 1884 246 1918 in
273 1884 334 1917 die
359 1883 489 1917 Hande
514 1882 649 1923 fielen,
685 1883 749 1915 auf
768 1882 840 1916 den
865 1882 1059 1926 Argwohn
1083 1881 1281 1925 gerathen,
1318 1881 1373 1914 als
1409 1880 1534 1913 hatten

16 1937 18 1971 ζ
72 1931 128 1965 sie
141 1932 218 1965 Das
242 1942 283 1964 so
310 1928 589 1973 herbeigefuhrt
614 1927 688 1961 und
712 1928 931 1962 absichtlich
957 1928 1032 1961 ihm
1057 1927 1137 1961 sich
1162 1926 1384 1971 zugespielt.
1424 1926 1536 1959 Denn

16 1987 18 1996 ¹
73 1978 160 2011 dass
185 1988 225 2010 er
249 1987 332 2009 vom
347 1976 460 2011 Casar
484 1974 575 2009 ietzt
600 1974 695 2008 noch
720 1974 853 2009 Nichts
878 1985 923 2008 zu
949 1974 1117 2009 surchten
1142 1974 1260 2016 hatte,
1292 1973 1371 2006 Das
1397 1977 1535 2006 wusste

16 2020 20 2062 ἦ
72 2023 207 2059 Cicero
233 2023 319 2056 sehr
343 2028 421 2066 gut.

162 2092 196 2125 4.
232 2091 281 2125 X.
307 2089 398 2123 Kal.
424 2090 564 2127 Mart.‚
594 2099 678 2122 vom
703 2088 759 2122 20.
778 2088 953 2122 Februar.
986 2088 1023 2122 S.
1051 2088 1194 2130 Anlage
1212 2086 1253 2120 C.
1281 2096 1338 2119 am
1354 2085 1472 2119 Eude.
1490 2103 1534 2110 --

18 2175 20 2181 Ι
72 2138 147 2171 ΙΙΙ.
175 2137 263 2171 Kal.
289 2137 426 2179 Mart„
451 2146 506 2169 am
531 2135 588 2169 27.
606 2135 784 2169 Februar.
812 2153 852 2158 —
901 2134 1119 2167 videbamus.
1158 2133 1221 2167 Sic
1246 2132 1323 2166 Md.
1351 2143 1461 2166 asec.
1485 2142 1533 2165 m.

17 2189 19 2207 ³
74 2185 196 2217 Oxou.
223 2184 257 2216 2.
302 2182 492 2215 videbatur
525 2182 564 2215 in
597 2181 646 2214 iis
678 2191 787 2224 neque
825 2180 902 2214 Md.
937 2191 958 2213 a
990 2191 1045 2224 pr.
1078 2191 1148 2222 ιιι,
1191 2189 1286 2221 quae
1319 2177 1535 2221 corruptela

73 2235 156 2263 orta
181 2236 235 2263 est
260 2239 308 2262 ex
332 2229 552 2262 videbamus.
579 2227 658 2260 scil.
684 2226 813 2260 videba
836 2226 876 2258 in
898 2225 948 2258 iis
973 2226 1068 2259 male
1088 2232 1307 2258 correctum.
1344 2225 1534 2257 videbatur

74 2285 183 2318 neque
215 2275 310 2309 Cett.
356 2274 453 2307 Hinc
486 2273 585 2317 capti
609 2272 705 2307 coni.
741 2272 776 2305 in
815 2283 859 2305 m.
887 2273 989 2306 1584.
1025 2271 1218 2305 ORELLI.
1269 2270 1366 2304 Dass
1400 2269 1534 2303 iedoch

19 2341 23 2344 -
73 2321 139 2355 aus
169 2321 358 2354 videbatur
393 2320 461 2353 der
493 2320 626 2354 Aecus.
660 2330 691 2352 c.
724 2318 787 2353 inf.
821 2318 950 2361 solgen
985 2318 1126 2360 konne,
1170 2316 1350 2351 beweiset
1380 2314 1531 2349 Ramsh.

71 2369 100 2411 §.
123 2367 202 2409 168,
227 2367 272 2399 B.
305 2367 341 2407 4,
367 2366 454 2400 Not.
473 2366 507 2399 2.
534 2384 578 2390 —-
614 2366 776 2408 fuissent.
812 2363 875 2398 Sic
901 2364 1100 2406 (osona.)
1126 2364 1259 2406 Margo
1286 2363 1386 2396 Crat.
1408 2359 1533 2394 Lamb.

72 2413 161 2446 Sch.
210 2412 349 2454 Corfini
374 2412 550 2445 venissent
575 2411 651 2446 Md.
678 2411 775 2444 Bau.
803 2411 863 2454 qni
891 2410 1091 2451 Corfinium
1116 2410 1303 2442 venissent.
1338 2408 1430 2441 Cett.
1459 2405 1532 2439 OR.

72 2460 182 2494 Etwa
206 2459 469 2500 convenissent,
501 2457 562 2491 die
587 2457 666 2491 sich
693 2456 730 2490 in
755 2457 856 2491 Cori.
883 2456 1075 2500 geworsen
1102 2455 1250 2490 hatten?
1273 2471 1319 2480 -

165 2526 198 2560 5.
232 2536 337 2570 quum
450 2525 682 2567 reiicz‘ebam,
723 2524 777 2558 als
809 2523 868 2557 ich
902 2522 971 2556 den
1007 2524 1167 2567 Austrag
1202 2521 1295 2555 nach
1327 2521 1455 2564 Capua
1490 2528 1535 2552 zu

75 2573 194 2617 gehen
223 2570 404 2606 ernstlich
426 2582 499 2605 von
524 2570 593 2605 mir
618 2570 848 2604 abzulehnen
874 2571 1014 2604 suchte.
1049 2571 1173 2604 Ueber
1198 2569 1262 2601 das
1279 2566 1430 2610 Imperf.
1453 2564 1536 2598 lnd.

76 2629 94 2651 s
133 2619 270 2652 Ramsh
311 2618 399 2659 194,
426 2619 458 2657 1,
484 2617 569 2651 Not.
615 2616 759 2650 Grotef.
786 2618 816 2660 §-
835 2617 922 2658 4213
967 2626 1033 2650 zur
1059 2616 1179 2650 Sache
1212 2613 1285 2656 vgl.
1323 2623 1379 2652 ep.
1396 2611 1479 2651 304,
1503 2611 1536 2644 5.

77 2666 155 2707 308,
184 2666 212 2697 l.
231 2690 241 2707 ,
275 2665 354 2698 bes.
379 2664 462 2707 326,
486 2665 519 2697 5.
546 2682 587 2688 —
640 2664 731 2697 viris
756 2663 914 2705 fortiss„
939 2661 1129 2701 Domitio,
1163 2658 1321 2693 Lentulo
1347 2656 1541 2702 Spintheri

80 2718 166 2746 cett.
202 2729 246 2737 -
295 2711 495 2754 Quoniam,
532 2709 628 2744 Ball.
665 2710 798 2744 Graev.
834 2709 987 2755 quamdo.
1034 2708 1071 2743 S.
1099 2718 1157 2751 ep.
1177 2708 1257 2749 310,
1285 2706 1317 2741 6.
1355 2722 1397 2732 -·
1446 2713 1541 2749 susp.

8 1590 9 1610 l

13 1601 18 1775 ’
73 1655 178 1699 quin,
210 1654 296 1688 kein
320 1652 526 1687 Bedenken
553 1657 704 1695 trugen,
737 1661 796 1685 zu.
821 1670 867 1677 -
913 1651 1126 1685 intenderet.
1164 1650 1228 1686 Sic
1244 1652 1341 1685 lens.
1367 1651 1453 1686 Asc.
1480 1661 1534 1694 pr.

21 2627 29 2783 ἱ

24 2821 28 2923 i

25 2926 30 3016 t

19 3019 30 3043 t:
