1795 3043
201 88 301 136 322
461 82 524 129 Μ.
562 82 617 128 Τ.
655 78 998 127 CICERONIS
1032 78 1407 127 EPISTOLAE.

192 201 292 239 'mus
323 197 366 236 et
395 193 448 235 ab
479 195 586 235 hora
613 195 763 235 octava
791 193 845 234 ad
872 204 1095 246 vesperum
1113 193 1278 234 secreto
1294 192 1497 234 collocuti
1513 205 1668 235 sumus.

203 253 322 302 Quod
364 252 557 303 quaeris,
600 262 735 303 ecqua
770 262 866 304 spes
908 248 1219 303 pacificationis
1255 250 1332 291 sit:
1375 251 1577 302 quantum
1615 263 1669 293 ex

203 310 394 361 Pompeii
422 309 556 348 multo
585 310 629 348 et
657 310 855 349 accurato
893 319 1086 348 sermone
1119 306 1341 360 perspexi,
1382 319 1437 347 ne
1474 309 1670 349 voluutas

204 367 374 419 quidem
405 366 480 405 est.
547 365 618 406 Sic
654 366 769 406 enim
807 364 1036 417 existimat,
1076 365 1111 405 si
1147 365 1224 405 ille
1253 364 1322 405 vel
1352 363 1522 404 dimisso
1552 377 1670 405 exer-

206 426 295 464 citu
325 423 473 463 consul
501 422 639 462 factus
667 423 746 470 sit,
796 418 993 469 σύγχυσιν
1020 420 1090 470 τῆς
1117 421 1320 462 πολιτειας
1360 421 1464 462 fore.
1529 421 1672 473 Atque

205 481 332 521 etiam
359 481 481 532 putat
509 492 616 531 eum,
647 492 776 530 quum
803 479 984 520 audierit
1007 480 1155 520 contra
1184 492 1228 519 se
1256 477 1482 531 diligenter
1511 478 1671 530 parari,

205 537 471 578 consulatum
500 537 582 577 hoc
613 548 722 576 anno
751 537 1042 589 neglecturum
1072 548 1123 577 ac
1152 536 1292 589 potius
1313 535 1548 576 exercitum
1576 547 1674 588 pro-

205 594 473 645 vinciamque
493 596 768 633 retenturum.
829 593 904 633 Sin
936 595 1073 634 autem
1091 593 1168 633 ille
1191 594 1367 645 fureret,
1401 592 1674 633 vehementer

207 652 420 692 hominem
448 649 742 691 contemnebat
781 652 821 690 et
858 650 943 690 suis
975 651 1016 689 et
1058 650 1121 690 rei
1151 650 1351 702 publicae
1380 649 1518 702 copiis
1546 647 1675 689 confi-

207 709 346 750 debat.
406 707 517 756 Quid
537 706 735 758 quaeris?
794 706 887 746 Etsi
912 707 1015 746 mihi
1042 706 1190 748 crebro
1220 705 1334 749 ξυνὸς
1359 702 1574 747 Ἐνυάλιος
1600 717 1672 746 oc-

208 764 431 813 currebat,
463 766 604 804 tamen
632 763 807 804 levabar
836 774 962 815 cura,
992 763 1131 803 virum
1158 765 1313 804 fortem
1342 765 1385 804 et
1418 764 1603 816 peritum
1633 763 1676 802 et

207 823 440 876 plurimum
467 821 719 862 auctoritate
759 821 969 861 valentem
1007 820 1183 861 audiens
1217 820 1431 862 πολιτικῶς
1466 820 1518 860 de
1557 819 1676 873 pacis

159 884 188 927 5
209 881 434 922 simulatae
462 877 665 931 periculis
693 877 978 917 disserentem.
1034 876 1303 918 Habebamus
1325 880 1466 918 autem
1484 877 1529 917 in
1546 876 1678 918 mani-

209 937 290 978 bus
327 935 504 978 Antonii
538 935 800 978 {concionem
840 934 1029 975 habitam
1067 948 1109 976 x.
1139 935 1236 977 Kal.
1275 936 1469 982 Ianuar.‚
1509 935 1554 974 iu
1594 946 1679 985 qua

211 998 304 1036 erat
330 993 547 1034 accusatio
576 992 768 1045 Pompeii
797 1003 933 1043 usque
955 1004 980 1031 a
1001 993 1098 1044 toga
1127 1004 1247 1044 pura,
1279 992 1454 1043 querela
1484 991 1536 1030 de
1567 990 1680 1032 dam-

210 1051 346 1099 natiS,
378 1052 517 1091 terror
544 1061 779 1090 armorum:
817 1049 861 1089 in
890 1047 1045 1100 quibus
1073 1049 1174 1101 ille,
1213 1049 1358 1098 „Quid
1388 1059 1554 1101 censes,
1597 1046 1682 1088 aie·

212 1169 460 1205 Larvernium
482 1168 561 1204 Md.
586 1169 717 1203 Lamb.
743 1171 932 1203 Avernum
970 1169 1009 1211 (i.
1037 1179 1068 1203 e.
1096 1169 1215 1203 lacum
1240 1170 1442 1211 Avernum)
1466 1170 1554 1203 Bos.
1581 1168 1681 1202 coni.

212 1216 290 1252 Sed
316 1216 380 1250 cfr.
405 1215 535 1259 fragm.
552 1215 581 1249 Ι.
607 1216 650 1248 de
674 1215 766 1249 Fato
790 1227 827 1260 p.
848 1215 926 1250 235.
952 1215 1022 1249 Ed.
1049 1221 1212 1249 nostrae.
1264 1215 1461 1249 ORELLI.
1494 1216 1684 1249 Avernum

211 1273 282 1296 nec
304 1262 472 1295 locorum
487 1261 723 1295 intervallum
738 1271 807 1294 nec
826 1261 974 1294 itineris
994 1260 1154 1294 instituti
1171 1260 1266 1294 ratio
1287 1262 1370 1295 fert.
1420 1260 1684 1297 Vermuthlich

213 1318 295 1343 war
318 1306 546 1341 Lavernium
571 1307 632 1340 ein
657 1307 863 1349 Dorfchen,
889 1306 974 1339 eine
992 1306 1099 1342 Villa
1122 1306 1188 1340 mit
1206 1307 1312 1340 einer
1326 1307 1482 1351 Capelle
1503 1307 1571 1340 der
1589 1307 1684 1340 Got-

214 1355 295 1389 tinn
330 1354 520 1396 Laverna,
555 1352 663 1386 einer
695 1352 853 1386 Gottinn
885 1352 954 1386 der
984 1351 1110 1386 Diebe
1142 1353 1217 1386 und
1252 1353 1449 1397 Betriiger.
1493 1352 1532 1388 S.
1557 1353 1682 1387 Plaut.

214 1400 342 1436 Aulul.
363 1399 443 1439 ΙΙΙ,
470 1399 512 1442 2,
537 1400 593 1434 31.
628 1399 760 1433 Horat.
786 1399 857 1443 Ep.
874 1398 912 1440 Ι,
938 1399 1000 1440 16,
1026 1400 1083 1433 60.
1110 1417 1154 1423 -
1203 1398 1386 1434 Formias.
1431 1399 1526 1433 Hier
1550 1399 1589 1433 iu
1615 1398 1683 1432 der

216 1445 376 1490 Gegend
399 1455 473 1479 von
497 1445 627 1479 Caieta
651 1445 779 1479 besass
804 1445 938 1479 Cicero
963 1444 1073 1479 einen
1097 1444 1213 1479 sehon
1239 1445 1294 1479 oft
1317 1445 1533 1479 erwahnten
1558 1444 1685 1479 Land-

215 1493 301 1528 sitZ.
327 1511 373 1518 —
417 1491 582 1536 pacific„
614 1491 815 1525 friedliche
844 1491 1137 1535 Ausgleichung.
1163 1509 1210 1516 -—
1258 1502 1301 1525 ne
1330 1492 1497 1525 voluntas
1527 1492 1683 1543 quidem,

216 1549 351 1582 nempe
374 1537 560 1582 Pompeii.
586 1556 631 1562 —
670 1537 902 1582 σύγχυσιι
933 1551 962 1571 τ.
989 1539 1105 1577 πολ.,
1140 1538 1461 1582 perturbationem
1487 1537 1601 1572 totius
1626 1536 1685 1570 rei

215 1584 404 1631 publicae.
429 1602 475 1609 —
522 1584 587 1616 elle
610 1583 750 1624 fureret
782 1584 841 1624 (an
866 1583 1014 1617 rueret?
1052 1583 1273 1626 ORELLI),
1311 1585 1423 1618 sollte
1458 1585 1572 1619 Czisar
1596 1583 1686 1618 aber

217 1641 261 1666 so
287 1630 356 1664 toll
381 1629 483 1673 sein,
509 1629 576 1663 mit
601 1629 748 1663 Gewalt
771 1628 875 1663 seine
890 1628 1158 1673 Forderungen
1178 1629 1486 1665 duicbzusetzen.
1510 1649 1556 1656 -
1602 1640 1688 1663 con-

219 1676 396 1711 temnebat
418 1676 513 1710 kurz
529 1676 588 1709 fiir
612 1678 688 1708 tum
704 1685 741 1708 se
757 1674 863 1708 illum
878 1678 1100 1708 contemnere
1121 1675 1146 1709 i.
1165 1686 1197 1709 e.
1218 1686 1290 1709 non
1305 1685 1470 1710 metuere
1488 1677 1621 1710 aiebat.
1641 1694 1686 1700 —-

201 1723 359 1767 copiis,
393 1722 474 1757 bes.
499 1721 565 1756 auf
586 1721 647 1755 die
672 1720 890 1765 Legionen‚
917 1721 1009 1754 iiber
1034 1721 1096 1755 die
1122 1733 1163 1755 er
1188 1722 1244 1756 als
1261 1722 1473 1756 Proconsul
1498 1734 1571 1756 von
1591 1721 1630 1767 S}
1633 1732 1685 1755 ιιι-

218 1769 306 1803 nien
333 1778 379 1802 zu
403 1768 579 1812 gebieten
604 1768 717 1802 hatte.
743 1786 787 1792 -
836 1765 966 1808 ξυιὸς
989 1767 1056 1803 Ἐι
1048 1767 1247 1811 υοῖλιος,
1273 1768 1476 1802 communis
1491 1768 1632 1803 Maisi.
1650 1779 1684 1801 e.

219 1825 359 1859 anceps
383 1814 476 1848 belli
501 1815 650 1849 fortuna
674 1824 723 1848 ex
747 1814 899 1847 Homer.
922 1812 1030 1848 Iliad.
1049 1813 1079 1847 I.
1106 1825 1140 1856 v,
1160 1815 1240 1849 309.
1287 1816 1372 1858 „A1
1375 1825 1413 1848 es
1429 1815 1477 1848 ist
1493 1815 1604 1849 Allen
1621 1825 1688 1866 ge-

219 1861 338 1896 mein!
372 1861 465 1904 Vgl
493 1871 554 1904 ep.
576 1861 665 1904 294,
692 1861 723 1895 5.
750 1870 908 1904 quorum
940 1860 1157 1902 (armorum)
1191 1859 1316 1893 exitus
1353 1872 1500 1913 semper
1532 1860 1686 1902 incerti;

221 1918 282 1952 ep.
300 1907 390 1950 298,
416 1909 453 1941 7:
489 1906 638 1940 Nemini
663 1912 719 1940 est
743 1905 980 1950 exploratum
1005 1911 1074 1940 cet
1098 1924 1145 1931 -—-
1190 1907 1375 1940 occurreb.
1387 1932 1397 1950 ,
1435 1908 1471 1940 ιιι
1497 1907 1568 1940 den
1593 1906 1686 1942 Sinn

220 1954 317 1988 kam.
343 1971 389 1977 —
435 1952 700 1995 πολιτικῶς,
733 1957 774 1986 ut
799 1951 917 1986 virum
942 1951 999 1985 rei
1032 1952 1204 1997 publicae
1228 1952 1389 1997 peritum
1415 1953 1536 1987 decet.

315 1999 347 2033 5.
379 1999 538 2032 Antonii
561 1998 701 2032 tribuni
727 1998 869 2042 plebis,
907 1997 973 2041 qui
1004 1998 1134 2043 paucis
1166 2005 1251 2043 post
1285 1998 1418 2033 diebus
1453 2010 1533 2032 cum
1558 1997 1687 2033 Cassio

224 2045 350 2089 colleg
353 2055 373 2078 a
397 2044 442 2078 ad
480 2044 677 2078 Caesarem
708 2044 887 2088 profugit.
932 2043 1022 2080 Vid.
1047 2044 1094 2078 ad
1118 2044 1247 2078 lamil.
1266 2045 1378 2087 XVI,
1396 2046 1450 2079 ll.
1479 2045 1622 2088 (CCCI,
1637 2045 1686 2086 2.)

222 2057 350 2126 SOHg
368 2090 508 2124 Dieser
542 2091 770 2135 nachherige
802 2091 975 2124 triumvir
1005 2091 1057 2125 M.
1084 2091 1270 2124 Antonius
1305 2090 1404 2124 hatte
1436 2090 1574 2124 damals
1606 2090 1688 2124 sein

225 2148 361 2181 ganzes
393 2137 654 2171 ansehnliches
686 2138 908 2181 Vermogen
942 2136 1022 2171 rein
1054 2136 1430 2180 herdurchgebracht.
1493 2137 1568 2171 Cic
1596 2136 1688 2171 Phi-

223 2183 316 2236 lipp.
333 2184 391 2225 ΙΙ,
418 2184 473 2217 21.
499 2201 544 2209 —-
590 2184 641 2218 X.
676 2183 767 2218 Kal.
803 2184 886 2217 Ian.
908 2183 965 2218 23.
996 2183 1112 2222 Dec„
1152 2183 1231 2216 also
1243 2162 1386 2226 e’gleich
1419 2182 1515 2216 beim
1548 2183 1690 2219 Antritt

224 2229 347 2264 seines
370 2228 584 2263 Tribunats.
610 2249 656 2256 —
690 2240 799 2274 usque
823 2241 845 2262 α
869 2233 978 2272 toga,
1013 2229 1134 2272 „Was
1160 2240 1202 2262 er
1226 2238 1297 2262 von
1321 2228 1451 2262 seinen
1475 2228 1690 2273 Iunglings-

222 2275 353 2310 iahren
378 2285 424 2309 an
448 2275 577 2309 bisher
600 2275 737 2320 gethan
762 2275 893 2311 habe’.’
941 2276 1064 2310 Wenn
1080 2275 1141 2308 ein
1156 2275 1294 2308 Βὸιιιει
1312 2274 1373 2308 die
1392 2280 1479 2318 toga
1493 2281 1690 2319 praetexta

223 2322 290 2357 mit
313 2321 384 2355 der
406 2331 500 2366 pura
523 2323 779 2364 vertauschte‚
812 2332 855 2355 so
889 2326 961 2355 trat
993 2332 1036 2355 er
1060 2320 1141 2354 sein
1178 2321 1406 2355 mannliches
1430 2321 1539 2355 Alter
1562 2332 1618 2356 an.
1644 2340 1689 2346 —

222 2368 268 2402 de
291 2367 475 2402 damnatis
497 2366 545 2401 de
569 2368 727 2412 ambitu,
764 2368 866 2411 lege,
902 2377 1009 2412 quam
1034 2366 1239 2412 Pompeius
1265 2367 1413 2401 tertium
1438 2368 1569 2402 consul
1594 2368 1690 2401 tule—

222 2419 297 2448 rat:
325 2424 398 2457 qua
421 2414 507 2458 lege
532 2413 722 2448 damnatos
747 2414 888 2448 Caesar
910 2413 1009 2447 victo
1034 2413 1219 2457 Pompeio
1244 2423 1333 2446 mox
1359 2423 1485 2447 omnes
1510 2413 1684 2448 restituit.

221 2459 432 2495 MANUT.
457 2478 502 2485 --
550 2464 673 2493 terror
694 2470 882 2493 armorum
905 2459 1000 2493 kurz
1023 2460 1100 2492 fiir:
1126 2459 1348 2503 Pompeium
1366 2460 1553 2493 civitatem
1577 2459 1690 2494 armis

222 2513 390 2550 terrere,
416 2517 495 2540 rem
518 2505 707 2551 publicam
730 2505 822 2539 belli
847 2505 1027 2550 perieulis
1051 2505 1210 2549 offerre,
1237 2516 1449 2550 exponere3
1481 2505 1593 2539 oder
1617 2506 1691 2540 fiir

222 2553 261 2587 in
285 2553 445 2587 Antonii
471 2553 641 2586 oratione
665 2556 787 2585 term
810 2562 1000 2585 armorum
1032 2550 1153 2585 inerat
1190 2552 1213 2585 i.
1240 2562 1273 2585 e.
1307 2561 1408 2585 arma
1437 2551 1593 2585 minatus
1619 2558 1687 2588 est.

220 2599 261 2633 in
284 2598 425 2644 quibus,
450 2598 513 2633 bei
538 2598 663 2633 dieser
687 2597 821 2641 Stelle,
847 2597 1108 2641 Gelegenheit.
1149 2597 1356 2634 Vielleicht
1380 2598 1428 2632 ist
1443 2596 1547 2631 diese
1572 2597 1692 2632 Stelle

221 2655 264 2680 so
297 2655 342 2680 zu
373 2646 518 2680 sassen·
561 2645 602 2678 in
630 2644 758 2689 quibus
793 2643 875 2677 scil.
916 2643 1028 2677 armis
1068 2643 1149 2678 sive
1181 2643 1294 2678 bellis
1315 2644 1389 2677 ille
1422 2643 1574 2677 Caesar
1588 2644 1623 2677 si
1654 2644 1692 2678 in

213 2701 312 2736 poss.
336 2691 395 2726 rei
412 2702 452 2735 p.
479 2691 635 2730 venerit,
660 2690 748 2735 quid
767 2699 898 2733 censes,
921 2690 1040 2724 aiebat
1061 2690 1282 2736 Pompeius,
1309 2696 1400 2760 tum‘)
1410 2691 1591 2733 facturum
1618 2701 1693 2724 esse

216 2738 348 2782 ipsum.
397 2737 492 2782 Vgl.
528 2748 588 2783 ep.
608 2737 696 2781 298,
720 2738 743 2772 ⁶7
777 2746 899 2781 gegen
933 2735 1053 2771 Ende.
1111 2736 1164 2773 So
1188 2747 1248 2806 ep.
1265 2735 1400 2780 300,‘’
1378 2759 1412 2771 ...
1458 2735 1602 2771 initium
1633 2747 1693 2771 ar-
