1795 3043
168 68 269 117 156
440 63 507 113 Μ.
523 63 580 111 Τ.
609 62 954 110 CICERONIS
988 60 1365 110 EPISTOLAE.

168 177 417 220 concessisti
458 179 642 218 tuorum.
711 177 850 226 Quare
885 190 911 218 a
938 177 982 217 te
1009 177 1109 229 peto
1138 176 1185 217 in
1215 176 1421 217 maiorem
1455 175 1637 224 modum,

166 237 216 276 ut
244 247 311 276 me
340 247 418 287 per
445 236 489 275 te
517 246 644 286 quam
673 233 987 275 ornatissimum
1016 234 1125 274 velis
1153 245 1246 275 esse
1273 245 1494 283 meamque
1523 235 1565 274 et
1592 233 1636 273 in

167 291 479 345 supplicatione
508 291 773 332 decernenda
805 293 847 332 et
873 292 918 332 in
950 292 1106 332 ceteris
1132 291 1259 333 rebus
1282 290 1636 333 existimationem

166 351 268 391 satis
297 348 375 390 tibi
405 361 496 391 esse
525 348 858 391 commendatam
886 350 1022 402 putes.

368 508 684 557 EPISTOLA
719 510 897 556 CCXL.
942 509 1026 570 (ad
1059 510 1165 556 Div.
1185 510 1282 556 XV.
1319 510 1429 569 13.)

342 597 423 633 Ser.
450 597 488 633 in
514 597 649 633 Cilicia
672 607 799 631 mense
823 597 899 631 Ian.
923 596 968 631 A.
995 597 1043 632 U.
1071 597 1110 632 C.
1137 598 1216 632 704.
1245 600 1291 642 (a.
1317 598 1359 633 C.
1385 597 1458 641 50.)

164 671 200 703 A
223 668 379 703 consule
402 666 512 714 petit,
538 672 579 700 ut
604 675 713 709 quam
738 665 1156 700 honorificentissimum
1180 672 1329 701 senatus
1355 665 1566 702 consultum
1584 665 1633 700 de

452 713 566 748 rebus
591 713 668 748 suis
692 711 809 756 gestis
834 711 1046 746 faciundum
1071 718 1189 747 curet.
1217 715 1345 748 1-3,

404 783 457 817 Μ.
485 781 673 817 CICERO
699 781 806 815 IMP.
833 779 872 815 S.
895 780 946 817 D.
973 781 1018 815 L.
1041 780 1246 816 PAULLO
1278 782 1386 817 COS.

274 852 459 894 Maxime
499 851 606 892 mihi
642 851 725 892 fuit
760 852 947 904 optatum
978 851 1134 892 Romae
1171 865 1260 893 csse
1296 853 1438 893 tecum
1475 852 1630 892 multas

161 909 215 952 ob
245 922 418 959 causas,
459 909 533 950 sed
560 909 815 962 praecipue,
858 910 906 949 ut
935 910 977 949 et
1014 909 1058 949 in
1088 909 1270 962 petendo
1301 910 1343 950 et
1372 910 1416 950 in
1446 909 1628 962 gerendo

160 969 384 1009 consulatu
413 979 552 1007 meum
580 965 662 1006 tibi
690 965 879 1007 debitum
906 966 1091 1007 studium
1119 967 1363 1018 perspicere
1378 979 1534 1018 posses.
1563 966 1627 1006 Ac

159 1025 379 1078 petitionis
408 1024 579 1076 quidem
608 1024 708 1063 tuae
737 1023 847 1064 ratio
877 1024 981 1064 mihi
1011 1036 1175 1076 semper
1193 1024 1272 1064 fuit
1291 1025 1526 1076 explorata,
1554 1021 1629 1063 sed

158 1083 300 1123 tamen
342 1094 499 1123 navare
537 1093 710 1133 operam
744 1079 954 1121 volebam.
1010 1081 1060 1121 In
1097 1082 1319 1121 consulatu
1358 1093 1459 1121 vero
1500 1079 1627 1132 cupio

159 1140 356 1191 equidem
385 1141 428 1179 te
457 1139 596 1180 minus
624 1138 783 1178 habere
812 1137 987 1191 negotii:
1017 1137 1090 1178 sed
1119 1140 1295 1178 moleste
1317 1139 1408 1178 fero
1431 1150 1499 1177 me
1529 1149 1627 1177 con-

159 1198 295 1237 sulem
317 1198 439 1236 tuum
459 1196 640 1236 studium
660 1195 938 1235 adolescentis
954 1196 1239 1247 perspexissc3
1261 1197 1303 1235 te
1320 1207 1474 1242 meum,
1495 1207 1625 1246 quum

107 1255 137 1295 2
160 1253 204 1294 id
233 1255 384 1295 aetatis
413 1254 505 1301 sim,
536 1252 782 1305 perspicere
812 1264 896 1292 non
926 1264 1062 1303 posse.
1133 1252 1216 1292 Sed
1256 1252 1315 1291 ita
1354 1253 1442 1292 sato
1480 1251 1623 1291 nescio

158 1323 244 1362 quo
273 1311 499 1364 contigisse
538 1308 748 1357 arbitror,
791 1311 838 1348 ut
876 1308 954 1348 tibi
990 1308 1043 1349 ad
1081 1321 1149 1348 me
1186 1308 1421 1349 ornandum
1459 1321 1624 1360 semper

157 1369 283 1408 detur
309 1369 513 1416 facultas3
542 1366 647 1406 mihi
677 1366 730 1406 ad
758 1365 1113 1406 remunerandum
1141 1365 1252 1405 nihil
1281 1367 1477 1418 suppetat
1502 1378 1623 1417 prac-

154 1427 224 1466 ter
252 1426 525 1465 voluntatem.
567 1423 737 1466 Ornasti
767 1424 1048 1475 consulatum,
1077 1423 1237 1463 ornasti
1265 1424 1449 1463 reditum
1470 1436 1622 1463 meum.

155 1482 314 1523 Incidit
342 1495 482 1522 meum
510 1483 676 1533 tempus
714 1494 857 1521 rerum
886 1481 1164 1533 gerendarum
1190 1481 1233 1520 in
1264 1481 1402 1531 ipsum
1431 1481 1622 1520 consula·

154 1541 246 1580 tum
275 1541 407 1580 tuum.
459 1539 607 1589 ltaque
638 1550 768 1590 quum
799 1540 840 1577 ct
867 1539 941 1577 tua
968 1550 1127 1578 summa
1156 1538 1390 1588 amplitudo
1420 1540 1462 1577 et
1491 1537 1622 1590 digni-

153 1598 220 1638 tas
251 1598 294 1636 et
322 1609 439 1636 meus
466 1608 639 1648 magnus
679 1596 813 1634 honos
848 1606 1079 1646 magnaque
1119 1595 1368 1634 existimatio
1404 1596 1621 1646 postulare

153 1654 369 1706 videatur,
405 1655 453 1693 ut
490 1666 515 1692 a
544 1655 586 1691 te
616 1652 814 1704 plurimis
841 1651 982 1691 verbis
1014 1651 1265 1691 contendam
1294 1664 1344 1692 ac
1373 1654 1534 1704 petam,
1572 1655 1620 1691 ut

154 1724 282 1764 quam
312 1708 784 1751 honorificentissimum
813 1709 981 1748 senatus
1011 1710 1248 1748 consultum
1279 1709 1331 1748 de
1360 1710 1465 1749 meis
1492 1708 1619 1748 rebus

151 1769 281 1823 gestis
307 1767 550 1809 faciendum
577 1779 722 1808 cures:
755 1778 839 1806 non
870 1765 1003 1806 audeo
1033 1766 1306 1806 vehementer
1333 1780 1358 1805 a
1380 1768 1422 1806 te
1447 1767 1618 1806 conten-

150 1902 307 1927 concess’.
323 1916 333 1934 ,
367 1891 417 1925 du
443 1891 526 1924 hast
549 1891 835 1934 nachgegeben,
873 1889 1183 1932 nachgestanden.
1205 1909 1248 1914 ——
1286 1890 1326 1923 in
1351 1894 1416 1924 cet.
1444 1902 1472 1925 r.
1499 1890 1618 1933 exist„

149 1938 189 1972 in
215 1939 311 1972 aller
336 1937 477 1971 andern
502 1936 672 1970 Hinsisht
699 1937 796 1970 mein
821 1942 930 1978 guter
946 1936 1087 1969 Ruf.—
1123 1936 1227 1979 satis,
1253 1935 1314 1970 ein
1339 1937 1399 1971 fur
1423 1938 1497 1970 alle
1514 1937 1616 1972 Mahl

151 1983 396 2027 hinlanglich.
434 1982 475 2018 S.
503 1994 563 2027 ep.
583 1983 729 2025 CCXL,
747 1985 780 2018 3.
808 1982 986 2017 breviter.

242 2029 461 2065 PAULLO.
511 2030 555 2064 L.
583 2029 767 2064 Aemilius
792 2029 969 2068 Paullus,
1002 2028 1141 2063 Consul
1174 2028 1242 2062 des
1267 2028 1372 2063 Iahrs
1390 2030 1468 2066 704.
1503 2028 1543 2064 S.
1569 2039 1614 2063 zu

149 2087 210 2123 ep.
233 2076 434 2111 CCXVIII
459 2075 509 2110 im
533 2076 618 2110 Ans.

242 2125 276 2157 1.
315 2124 372 2157 Ac
398 2126 471 2167 pet.
499 2133 531 2166 q.
563 2126 647 2155 tuae
678 2125 749 2156 rat.
782 2133 830 2155 m.
857 2132 885 2155 ε,
913 2122 939 2164 f.
964 2121 1124 2165 explan,
1166 2130 1240 2153 non
1276 2120 1427 2154 dubium
1461 2119 1533 2154 suit
1568 2121 1616 2154 de

149 2176 287 2207 eventu
318 2168 517 2214 petitionis
548 2175 653 2212 tuae,
685 2169 778 2203 Was
809 2168 935 2202 Deine
965 2167 1208 2210 Bewerbung
1243 2178 1303 2200 um
1335 2167 1401 2201 das
1435 2167 1617 2201 Consulat

148 2216 312 2258 betrifft‚
347 2226 389 2249 so
413 2215 540 2249 wusst’
566 2215 627 2249 ich
653 2226 775 2257 zwar‚
807 2214 894 2249 dass
919 2224 958 2249 es
981 2214 1056 2248 Dir
1079 2213 1181 2248 nicht
1204 2213 1329 2247 fehlen
1355 2214 1506 2257 konnte‚
1531 2214 1616 2247 das-

148 2263 257 2298 selbe
281 2272 327 2295 zu
354 2261 536 2296 erhalten.
557 2279 602 2286 -
637 2273 721 2297 nav.
747 2272 826 2305 op.,
851 2261 917 2295 das
941 2259 1108 2304 Meinige
1134 2260 1228 2293 dazu
1254 2259 1462 2303 beitragen.
1478 2279 1524 2284 —
1558 2271 1616 2293 me

223 2318 366 2353 persp„
400 2307 486 2341 dass
516 2306 576 2341 ich
604 2306 641 2341 in
666 2307 824 2342 meinem
849 2307 1053 2342 consulate
1076 2316 1149 2339 von
1175 2305 1266 2349 Dir,
1303 2306 1469 2340 damahls
1495 2305 1614 2340 einem

148 2356 247 2389 noch
272 2355 361 2389 sehr
385 2353 522 2398 iungen
548 2354 706 2397 Manne,
747 2364 789 2388 so
821 2353 921 2387 viele
950 2351 1126 2386 Beweise
1161 2362 1233 2385 von
1265 2352 1526 2396 Ergebenheit
1555 2364 1615 2386 er-

145 2401 280 2436 fabren
305 2401 414 2436 habe.
461 2400 589 2435 Ueber
613 2404 713 2433 tuum
740 2425 747 2433 .
768 2425 776 2433 .
801 2399 1040 2433 adolescentis
1070 2409 1098 2431 s.
1115 2398 1263 2432 Ramsh.
1289 2399 1455 2443 §.151,5,
1470 2400 1506 2442 b,
1527 2401 1562 2441 3,
1579 2411 1613 2443 c,

146 2448 182 2482 2.
200 2467 242 2473 ——
279 2458 397 2481 ‘meum
428 2445 662 2481 studium.—
698 2446 740 2479 z'd
767 2445 899 2479 aetatis
921 2456 968 2480 =
993 2444 1029 2478 in
1054 2444 1122 2478 hac
1154 2451 1292 2488 aetate,
1322 2445 1359 2478 in
1386 2445 1467 2480 dem
1493 2445 1611 2479 reifen

148 2494 277 2537 Alter,
311 2494 365 2527 als
393 2492 556 2536 Gegens.
581 2503 653 2525 von
679 2492 834 2525 adolesc.
870 2491 906 2526 S.
934 2491 1084 2528 Ramsh.
1111 2490 1139 2533 §.
1156 2492 1235 2534 104,
1249 2492 1282 2525 2.
1318 2491 1460 2526 Grotef.
1485 2492 1514 2535 §.
1529 2492 1608 2526 232.

239 2540 272 2574 2.
299 2539 456 2573 reditum
481 2539 526 2572 ab
552 2538 704 2572 exsilio.
720 2558 762 2563 -—
803 2548 926 2572 rerum
949 2548 1055 2580 ger„
1088 2548 1190 2571 meae
1217 2538 1493 2582 expeditionis,
1518 2537 1610 2571 mei-

147 2596 216 2620 nes
239 2586 452 2630 Feldzugcs
477 2584 514 2619 in
541 2584 712 2619 Cilicien.
730 2602 776 2610 —
809 2584 1023 2628 amplitudo,
1047 2584 1172 2617 Deine
1197 2584 1384 2618 erhabene
1409 2584 1530 2619 Stelle
1554 2584 1609 2617 als

147 2632 300 2667 Consul.
319 2650 364 2657 —
397 2642 555 2674 magnus
581 2657 589 2665 .
605 2657 613 2665 .
629 2657 637 2666 .
662 2640 867 2673 magnaque
891 2630 1017 2669 exist„
1052 2629 1114 2663 dic
1139 2630 1280 2664 Grosse
1308 2641 1341 2665 u.
1361 2629 1610 2672 Wiehtigkeit

147 2677 290 2712 meiner
305 2678 407 2712 Ehre
433 2688 467 2712 u.
482 2678 625 2712 moines
650 2683 764 2721 guten
779 2677 955 2719 Namens,
980 2675 1027 2709 da
1050 2676 1162 2710 beide
1187 2676 1278 2711 ietzt
1298 2676 1363 2710 aus
1381 2676 1462 2710 dem
1478 2675 1609 2720 Spiele

148 2725 291 2760 stehen.
310 2743 353 2749 —
391 2723 551 2767 honorif.
577 2734 607 2759 s.
632 2723 700 2759 des
720 2722 840 2768 vorig.
858 2722 924 2759 Br.
950 2723 981 2766 §-
997 2723 1028 2759 1.
1048 2741 1090 2749 -
1122 2721 1199 2758 veh.
1225 2734 1248 2757 a
1272 2726 1306 2757 te
1329 2726 1443 2766 cont„
1467 2723 1609 2766 gewal‘
