1795 3043
445 82 758 134 EPISTOLA
793 84 1167 136 cccnxxvm.
1438 89 1540 142 537

79 209 189 242 mur.
245 195 365 249 Quod
401 195 439 240 si
475 197 597 240 nobis
631 197 670 240 is
700 211 868 253 cursus,
916 211 1043 253 quem
1077 211 1313 253 speraram,
1357 199 1537 253 pateret,
1559 202 1589 245 5

80 254 314 298 effecissem
343 256 504 309 aliquid
532 257 746 309 profecto,
775 258 824 297 ut
852 258 899 297 tu
922 260 1041 310 optas
1063 259 1105 297 et
1132 258 1336 306 hortaris,
1366 257 1538 309 dignum

80 316 224 355 nostra
253 325 386 356 mora.
443 313 527 354 Sed
555 313 760 356 mirificae
789 315 889 355 sunt
911 314 1146 355 custodiae:
1193 317 1236 354 et
1264 313 1436 366 quidem
1464 314 1541 354 ille

80 371 172 422 ipse
202 370 329 412 Curio
358 372 590 424 suspectus.
649 372 789 420 Quare
817 371 860 411 vi
889 374 961 412 aut
988 372 1100 412 clam
1129 371 1334 424 agendum
1356 373 1439 412 est:
1480 372 1539 418 et,

81 428 119 469 si
148 426 211 481 vi,
258 428 289 480 †
317 428 429 469 forte
467 429 510 468 et
547 440 644 469 cum
672 429 945 480 tempestate:
998 430 1106 469 clam
1143 430 1282 469 autem
1309 426 1431 470 istis?
1489 427 1539 467 In

82 496 165 536 quo
201 484 238 525 si
279 485 391 536 quod
426 482 618 538 σφάλμα,
665 485 808 534 vides,
856 498 982 537 quam
1010 488 1134 538 turpe
1163 486 1228 526 sit.
1289 485 1540 527 Trahimur:

80 553 160 582 1199
178 541 441 595 fugiendum,
470 543 506 583 si
531 542 631 594 quid
652 542 890 584 violentius.
951 543 1015 583 De
1037 542 1206 595 Caelio,
1235 555 1359 596 saepe
1375 554 1540 584 mecum
1561 549 1590 590 6

83 599 220 651 agito,
275 611 377 649 nec,
425 599 460 639 si
499 599 603 651 quid
640 598 830 640 habuero
866 601 976 650 tale,
1027 599 1246 642 dimittam.
1313 600 1540 653 Hispanias

80 668 204 707 spero
232 654 372 697 firmas
389 668 493 698 esse.
549 655 879 698 Massiliensium
897 659 1057 698 factum
1086 670 1214 709 quum
1232 658 1371 710 ipsum
1398 669 1476 709 per
1494 668 1540 696 se

79 712 344 753 luculentum
361 715 445 763 est,
474 714 564 754 tum
582 714 687 754 mihi
716 716 960 767 argumento
977 716 1039 755 est
1067 716 1184 755 recte
1207 726 1295 755 esse
1324 715 1368 755 in
1389 715 1543 766 Hispa-

80 770 174 810 niis.
231 770 372 811 Minus
412 771 526 811 enim
567 771 790 820 auderent,
838 773 876 813 si
921 772 1046 813 aliter
1092 773 1227 820 esset3
1283 773 1325 812 et
1361 772 1539 812 scirent:

80 838 176 867 nam
205 828 247 866 et
276 827 407 868 vicini
439 829 481 867 et
509 828 733 880 diligentes
761 833 871 871 sunt.
931 829 1082 870 Odium
1120 831 1258 870 autem
1296 831 1414 869 recte
1452 828 1543 869 ani-

78 883 307 924 madvertis
338 884 617 938 significatum
654 886 834 927 theatro.
895 885 1100 940 Legiones
1138 887 1263 927 ctiam
1302 887 1399 936 has,
1439 897 1544 937 quas

79 941 122 981 111
142 941 266 982 Italia
288 942 533 994 assumpsit,
564 943 840 984 alienissimas
864 956 954 984 esse
976 944 1111 985 video.
1172 944 1255 984 Sed
1277 945 1417 985 tamen
1436 941 1544 982 nihil

77 997 292 1038 inimicius
321 1012 444 1050 quam
473 999 555 1040 sibi
592 1000 699 1052 ipse.
758 1001 871 1041 Illud
901 1003 1018 1042 recte
1049 1001 1195 1052 times,
1244 1013 1298 1040 ne
1327 1001 1439 1041 ruat.
1499 997 1546 1039 Si

166 1099 200 1133 5.
235 1110 382 1141 cursus,
418 1100 563 1143 exitus,
598 1101 669 1134 via.
697 1119 741 1126 —-
781 1102 936 1143 dignum
961 1112 993 1134 η.
1019 1111 1147 1142 mora,
1179 1099 1327 1142 Etwas,
1361 1098 1545 1132 wodurch

75 1143 174 1177 mein
199 1146 328 1189 langes
352 1145 653 1180 Zuriickbleiben
679 1146 818 1181 konnte
842 1146 1153 1191 gerechtfertiget
1175 1145 1403 1179 werden.—-
1427 1144 1545 1188 miris.

77 1195 208 1236 cust..,
243 1193 494 1227 erstaunliche
517 1193 807 1237 Bewachungen
833 1195 901 1227 der
925 1194 1082 1227 Kusten.
1121 1209 1164 1217 —
1211 1195 1406 1236 suspectus,
1457 1191 1547 1226 Wie

78 1236 176 1271 doch
201 1249 242 1272 so
267 1249 362 1282 ganz
386 1239 520 1273 anders
546 1239 626 1273 sein
641 1240 790 1273 Urtheil
812 1251 871 1284 ep.
889 1241 980 1283 374,
1005 1240 1044 1273 2!
1069 1257 1115 1264 -—·
1147 1237 1196 1272 vi.
1227 1238 1281 1272 Er
1305 1243 1425 1272 setzte
1448 1237 1548 1272 noch

75 1283 268 1329 Hoffnung
293 1285 358 1318 auf
378 1285 686 1329 dreiCohorten,
713 1286 779 1319 mit
797 1286 917 1320 denen
942 1296 984 1320 er
1001 1284 1080 1319 sich
1106 1284 1448 1327 durchzuschlagen
1472 1283 1550 1318 und

76 1329 180 1364 eines
206 1331 345 1365 Hafens
370 1341 438 1365 zur
462 1332 623 1366 Abfahrt
646 1342 693 1366 zu
717 1332 978 1375 bemiichtigen
1004 1331 1198 1375 gedachte.
1248 1330 1286 1365 S.
1315 1341 1374 1374 ep.
1394 1330 1477 1365 382.
1502 1349 1547 1356 --

77 1376 174 1411 clam
209 1377 375 1412 Antonio
412 1378 626 1421 ceterisque
658 1378 860 1423 praefectis
891 1378 1083 1421 Caesaris,
1127 1377 1192 1420 qui
1222 1376 1336 1411 litora
1361 1375 1550 1411 custodie-

78 1422 178 1456 bant.
212 1442 257 1448 —
305 1424 329 1466 †
354 1426 450 1467 forte
473 1428 506 1458 et
532 1435 613 1459 cum
637 1429 854 1468 tempestate.
888 1425 991 1459 Haec
1016 1429 1205 1468 corrupta.
1254 1423 1372 1457 Recta
1394 1434 1485 1456 vero
1511 1426 1550 1457 et

77 1468 262 1503 Cicerone
287 1469 402 1514 digna
425 1476 526 1505 esset
551 1471 738 1506 sententia
762 1472 873 1505 haec:
906 1475 958 1514 et,
981 1471 1084 1513 sivi,
1109 1470 1259 1513 fortiter
1279 1480 1322 1503 ac
1341 1468 1550 1513 tempestive

78 1514 155 1596 §sic
180 1516 330 1558 fortiter
355 1528 398 1551 ac
421 1521 566 1550 strenue
591 1517 675 1552 Liv.
701 1518 766 1560 21,
791 1519 855 1559 4.).
900 1516 1030 1560 „Satis
1055 1527 1128 1550 non
1155 1522 1233 1558 est,
1260 1522 1300 1549 ut
1325 1515 1361 1549 vi
1388 1522 1548 1549 utamur:

97 1560 231 1595 ortiter
256 1562 445 1608 inceptum
472 1569 530 1597 est
554 1563 874 1607 prosequendum:
906 1569 1105 1607 praeterea
1130 1568 1383 1607 opportunum
1403 1567 1550 1606 tempus

82 1607 338 1651 eligendum.”
372 1609 569 1643 ORELLI.
594 1629 640 1636 —-
679 1610 774 1644 clam
799 1613 918 1643 autem
942 1609 1052 1642 istis?
1084 1608 1108 1642 i.
1129 1619 1159 1642 e.
1187 1608 1402 1651 „quomodo
1428 1615 1552 1641 autem

78 1655 249 1699 eflugere
272 1660 408 1700 potero
433 1656 526 1689 clam
551 1655 655 1699 istis,
683 1655 747 1699 qui
764 1666 823 1689 1119
848 1662 917 1690 13111
936 1654 1068 1689 59111110
1084 1655 1323 1689 35591ν3111ἲὶ”
1351 1654 1549 1688 ORELLI.

78 1718 129 1737 -,
159 1701 366 1754 σφάλμα,
400 1707 581 1745 9113111111,
614 1702 755 1747 lapsus,
804 1701 962 1737 Sensus:
1001 1701 1041 1735 in
1073 1711 1148 1743 quo
1174 1706 1309 1734 conatu
1344 1700 1377 1734 si
1401 1709 1552 1734 ruamus

78 1748 139 1781 vel
173 1758 205 1781 51
237 1747 328 1791 quid
359 1748 540 1782 offensum
573 1747 640 1791 sit,
680 1748 810 1791 vides,
853 1759 962 1791 quam
994 1753 1105 1791 turpe
1139 1747 1249 1780 nobis
1287 1747 1450 1780 futurum
1487 1746 1550 1781 sit.

79 1792 307 1828 Iudicabunt
336 1793 433 1828 enim
465 1794 574 1835 boni,
612 1804 681 1828 nos
714 1794 885 1828 volentes
918 1800 955 1827 et
986 1799 1179 1837 compacto
1211 1792 1383 1827 Caesaris
1414 1791 1550 1827 teneri.

79 1839 175 1876 Vid.
210 1840 239 1882 §.
267 1840 303 1873 2.
344 1858 392 1866 --
451 1839 662 1876 Trahimur.
719 1840 888 1885 Legend.
926 1839 999 1874 Sed
1028 1839 1220 1874 trahimur.
1278 1838 1444 1874 Sensus:
1483 1838 1553 1873 sed
1605 1872 1609 1873 .

82 1885 200 1920 omnis
227 1884 329 1919 oficii
362 1885 459 1920 ratio
492 1891 601 1920 vocat
630 1897 699 1921 nos
725 1893 763 1921 et
786 1886 909 1930 cogit,
944 1885 1057 1920 trahit
1082 1885 1127 1919 ad
1153 1884 1423 1928 navigandum,
1455 1884 1550 1919 adeo

82 1939 123 1966 ut
147 1931 380 1977 periculum,
421 1942 469 1965 ne
500 1933 583 1978 ipso
609 1932 648 1966 in
672 1933 764 1967 mari
790 1932 917 1976 capiar
940 1938 1004 1966 aut
1026 1931 1169 1974 aliquid
1194 1931 1352 1965 violenti
1377 1931 1500 1976 patiar
1531 1941 1554 1965 a

83 1977 342 2021 Caesarianis,
367 1978 634 2023 negligendum
660 1979 722 2013 sit.
752 1978 969 2014 GRONOV.
1004 1978 1133 2012 Allein
1158 1978 1220 2011 sed
1243 1976 1344 2011 wird
1369 1977 1554 2011 imAffect

84 2025 139 2058 oft
163 2025 414 2067 ausgelassen.
442 2043 487 2050 --
535 2036 598 2059 nec
622 2026 723 2069 fug„
753 2025 829 2060 und
853 2025 916 2059 ich
940 2024 1027 2059 darf
1046 2023 1150 2058 nicht
1175 2023 1350 2058 scheuen.
1379 2041 1422 2049 -
1463 2022 1552 2058 viol.

81 2070 283 2114 acciderit,
315 2071 471 2106 accidat.

175 2118 208 2152 6.
240 2117 297 2151 De
321 2118 361 2152 0.
389 2117 516 2151 caelio
542 2116 681 2161 Caldo,
713 2117 779 2161 qui
805 2128 886 2152 cum
911 2116 1084 2152 Carbone
1109 2114 1239 2161 Syllae
1264 2114 1556 2149 dominationem

83 2162 332 2208 impediturus
349 2164 488 2198 bellum
506 2164 543 2198 in
561 2163 672 2197 ltalia
689 2164 954 2198 commovebat.
994 2163 1037 2197 Id
1055 2163 1190 2196 sactum
1208 2161 1385 2196 Ciceroni
1405 2161 1451 2195 ad
1471 2161 1558 2194 imi-

83 2209 234 2243 tandum
256 2210 500 2255 proposuisse
525 2210 674 2244 videtur
698 2210 857 2245 Atticus.
890 2209 1008 2244 ERN.
1057 2208 1146 2244 Vid.
1171 2207 1351 2253 Appulei.
1379 2209 1419 2250 1,
1444 2209 1489 2242 90
1513 2207 1553 2241 ff.

84 2256 226 2290 Dieser
255 2256 382 2291 0311115
422 2267 503 2290 war
533 2257 601 2291 660
635 2257 776 2290 00115111
808 2258 863 2291 315
892 2257 1004 2290 1101110
1036 2266 1158 2288 novus.
1209 2254 1247 2289 S.
1282 2255 1384 2289 Orat.
1418 2255 1462 2294 l,
1494 2253 1553 2287 25.

84 2302 192 2336 Brut.
218 2302 276 2336 45.
307 2303 420 2338 Verr.
449 2303 501 2346 V,
528 2304 583 2337 70.
617 2303 701 2337 Ρ91.
729 2313 829 2338 90115.
853 2305 887 2337 3.
939 2302 986 2336 de
1010 2302 1126 2346 Legg.
1152 2301 1271 2343 XIII,
1298 2302 1333 2335 6.
1357 2318 1403 2325 -
1435 2299 1554 2343 agito,

86 2347 166 2383 sein
191 2348 362 2394 Beispiel
387 2349 478 2394 geht
502 2348 574 2383 mir
608 2349 663 2383 ost
695 2348 745 2383 im
769 2349 895 2394 Kopfe
919 2349 1063 2382 herum.
1096 2367 1142 2373 -—
1186 2348 1221 2381 si
1246 2347 1333 2391 quid
1357 2345 1438 2380 hab.
1465 2346 1554 2389 tale,

86 2394 200 2429 sollte
230 2394 291 2429 ich
317 2395 568 2439 Gelegenheit
597 2395 742 2438 haben,
787 2396 914 2430 Etwas
939 2394 1132 2429 iihnliches
1156 2403 1203 2427 zu
1229 2394 1335 2426 thun.
1367 2411 1412 2417 —
1458 2394 1555 2435 firm.

87 2451 185 2483 esse,
224 2440 309 2475 dass
340 2440 406 2486 Sp.
441 2441 522 2476 sich
554 2442 682 2475 halten
716 2442 857 2476 werde.
896 2460 941 2468 -
987 2439 1285 2476 Massiliensium
1317 2438 1451 2471 sactum
1483 2441 1554 2480 est,

89 2487 189 2531 quod
206 2487 358 2521 Caesari
383 2487 428 2521 ad
453 2498 493 2522 se
517 2487 683 2522 venienti
708 2495 838 2532 portas
862 2487 1043 2522 clausere.
1068 2486 1185 2521 ERN.
1207 2504 1251 2510 —
1283 2484 1399 2518 vicini
1414 2484 1554 2528 Hispa-

88 2533 162 2567 niis
188 2540 226 2568 et
248 2533 286 2567 in
312 2534 559 2578 exquirendo,
583 2535 672 2578 quid
697 2546 825 2570 verum
850 2533 903 2569 ibi
927 2540 1073 2579 gestum
1086 2532 1146 2571 sit,
1172 2531 1374 2575 diligentes
1398 2535 1556 2574 propter

89 2586 357 2623 mercaturam,
384 2591 491 2623 quam
516 2592 595 2614 cum
614 2580 806 2625 Hispaniis
833 2579 1070 2616 etLusitanis
1096 2583 1291 2612 exercent.
1323 2576 1387 2610 Sic
1403 2576 1552 2611 Vict.2.

90 2626 189 2660 coni.
222 2626 351 2659 Lamb.
385 2626 471 2661 Sch.
519 2627 636 2659 iuncti
673 2629 798 2662 Oxon.
823 2627 856 2661 2.
894 2629 980 2661 Asc.
1007 2636 1081 2659 sec.
1114 2625 1211 2658 Crat.
1252 2623 1356 2659 Vict.
1384 2624 1418 2656 1.
1452 2622 1553 2658 Man.

92 2672 231 2706 Graev.
269 2671 359 2705 Ern.
396 2672 488 2706 Lun.
531 2673 726 2708 ORELLI.
775 2672 891 2708 iuncti
918 2685 963 2705 z.-
994 2671 1030 2704 in
1061 2668 1476 2713 Haudelsverbindung.
1510 2686 1557 2694 -

94 2718 225 2751 odium
249 2728 297 2763 po
312 2715 381 2750 ‚uli
408 2717 443 2751 in
469 2715 678 2753 Caesarem.
727 2720 765 2755 5.
794 2731 853 2764 ep.
879 2721 966 2759 370,
992 2720 1025 2752 3.
1074 2717 1140 2752 374
1157 2742 1167 2758 ‚
1193 2718 1227 2751 6.
1274 2716 1363 2758 366,
1388 2715 1428 2756 8,
1453 2715 1485 2749 9-
1502 2732 1556 2766 ‚—

92 2775 135 2799 ue
158 2767 262 2809 ruat,
320 2774 377 2798 ass
403 2774 443 2798 91
468 2764 555 2803 511211,
574 2765 743 2801 iibereile
768 2766 841 2801 und
867 2776 913 2801 zu
939 2764 1010 2799 den
1037 2763 1247 2798 aussersten
1270 2760 1556 2807 Gewaltthiitag-
