<?xml version="1.0" encoding="UTF-8"?>
<!DOCTYPE html PUBLIC "-//W3C//DTD XHTML 1.0 Transitional//EN"
    "http://www.w3.org/TR/xhtml1/DTD/xhtml1-transitional.dtd">
<html xmlns="http://www.w3.org/1999/xhtml" xml:lang="en" lang="en">
 <head>
  <title>
</title>
<meta http-equiv="Content-Type" content="text/html;charset=utf-8" />
  <meta name='ocr-system' content='tesseract 3.04.00' />
  <meta name='ocr-capabilities' content='ocr_page ocr_carea ocr_par ocr_line ocrx_word'/>
</head>
<body>
  <div class='ocr_page' id='page_1' title='image "./epistolaeadattic02ciceuoft_0266.png"; bbox 0 0 1795 3043; ppageno 0'>
   <div class='ocr_carea' id='block_1_1' title="bbox 195 86 1394 143">
    <p class='ocr_par' dir='ltr' id='par_1_1' title="bbox 195 86 1394 143">
     <span class='ocr_line' id='line_1_1' title="bbox 195 86 1394 143; baseline 0.007 -11"><span class='ocrx_word' id='word_1_1' title='bbox 195 94 297 143; x_wconf 68' lang='lat' dir='ltr'><strong>25ss</strong></span> <span class='ocrx_word' id='word_1_2' title='bbox 468 90 533 137; x_wconf 85' lang='lat' dir='ltr'><strong>M.</strong></span> <span class='ocrx_word' id='word_1_3' title='bbox 550 90 606 136; x_wconf 86' lang='lat' dir='ltr'><strong>T.</strong></span> <span class='ocrx_word' id='word_1_4' title='bbox 635 86 980 135; x_wconf 76' lang='lat' dir='ltr'>CICERONIS</span> <span class='ocrx_word' id='word_1_5' title='bbox 1014 86 1394 140; x_wconf 79' lang='lat' dir='ltr'><strong>EPISTOLAE.</strong></span> 
     </span>
    </p>
   </div>
   <div class='ocr_carea' id='block_1_2' title="bbox 145 200 1667 1115">
    <p class='ocr_par' dir='ltr' id='par_1_2' title="bbox 145 200 1667 1115">
     <span class='ocr_line' id='line_1_2' title="bbox 196 200 1666 258; baseline 0.003 -15"><span class='ocrx_word' id='word_1_6' title='bbox 196 216 285 243; x_wconf 89' lang='lat' dir='ltr'><strong>me:</strong></span> <span class='ocrx_word' id='word_1_7' title='bbox 325 203 370 244; x_wconf 88' lang='lat' dir='ltr'><strong>in</strong></span> <span class='ocrx_word' id='word_1_8' title='bbox 409 215 492 254; x_wconf 91' lang='lat' dir='ltr'><strong>quo</strong></span> <span class='ocrx_word' id='word_1_9' title='bbox 534 213 610 255; x_wconf 83' lang='lat' dir='ltr'><strong>ego</strong></span> <span class='ocrx_word' id='word_1_10' title='bbox 660 200 953 243; x_wconf 83' lang='lat' dir='ltr'><strong>misericordia</strong></span> <span class='ocrx_word' id='word_1_11' title='bbox 992 203 1227 244; x_wconf 84' lang='lat' dir='ltr'><strong>commotus</strong></span> <span class='ocrx_word' id='word_1_12' title='bbox 1270 204 1313 244; x_wconf 86' lang='lat' dir='ltr'><strong>et</strong></span> <span class='ocrx_word' id='word_1_13' title='bbox 1351 203 1463 256; x_wconf 82' lang='lat' dir='ltr'><strong>quod</strong></span> <span class='ocrx_word' id='word_1_14' title='bbox 1501 216 1666 258; x_wconf 81' lang='lat' dir='ltr'>semper</span> 
     </span>
     <span class='ocr_line' id='line_1_3' title="bbox 196 258 1667 312; baseline 0.002 -11"><span class='ocrx_word' id='word_1_15' title='bbox 196 260 473 301; x_wconf 78' lang='lat' dir='ltr'><strong>amicissimus</strong></span> <span class='ocrx_word' id='word_1_16' title='bbox 502 259 658 300; x_wconf 85' lang='lat' dir='ltr'><strong>Bibulo</strong></span> <span class='ocrx_word' id='word_1_17' title='bbox 688 259 772 307; x_wconf 89' lang='lat' dir='ltr'><strong>sui,</strong></span> <span class='ocrx_word' id='word_1_18' title='bbox 804 258 901 300; x_wconf 89' lang='lat' dir='ltr'><strong>dedi</strong></span> <span class='ocrx_word' id='word_1_19' title='bbox 931 271 1124 311; x_wconf 87' lang='lat' dir='ltr'>operam,</span> <span class='ocrx_word' id='word_1_20' title='bbox 1157 261 1203 300; x_wconf 88' lang='lat' dir='ltr'><strong>ut</strong></span> <span class='ocrx_word' id='word_1_21' title='bbox 1233 260 1273 300; x_wconf 88' lang='lat' dir='ltr'><strong>ei</strong></span> <span class='ocrx_word' id='word_1_22' title='bbox 1302 273 1427 312; x_wconf 85' lang='lat' dir='ltr'><strong>quam</strong></span> <span class='ocrx_word' id='word_1_23' title='bbox 1456 261 1667 304; x_wconf 87' lang='lat' dir='ltr'><strong>humanis-</strong></span> 
     </span>
     <span class='ocr_line' id='line_1_4' title="bbox 145 316 1664 372; baseline 0 -12"><span class='ocrx_word' id='word_1_24' title='bbox 145 322 174 362; x_wconf 82' lang='lat'><strong>7</strong></span> <span class='ocrx_word' id='word_1_25' title='bbox 198 320 303 359; x_wconf 82' lang='lat' dir='ltr'><strong>sime</strong></span> <span class='ocrx_word' id='word_1_26' title='bbox 341 317 582 359; x_wconf 80' lang='lat' dir='ltr'><strong>scriberem.</strong></span> <span class='ocrx_word' id='word_1_27' title='bbox 650 317 732 357; x_wconf 88' lang='lat' dir='ltr'><strong>Ille</strong></span> <span class='ocrx_word' id='word_1_28' title='bbox 771 316 807 356; x_wconf 88' lang='lat' dir='ltr'><strong>si</strong></span> <span class='ocrx_word' id='word_1_29' title='bbox 843 316 1035 356; x_wconf 88' lang='lat' dir='ltr'><strong>omnibus</strong></span> <span class='ocrx_word' id='word_1_30' title='bbox 1076 318 1140 356; x_wconf 85' lang='lat' dir='ltr'><strong>est.</strong></span> <span class='ocrx_word' id='word_1_31' title='bbox 1175 318 1429 367; x_wconf 81' lang='lat' dir='ltr'><strong>malevolus,</strong></span> <span class='ocrx_word' id='word_1_32' title='bbox 1459 341 1518 348; x_wconf 92' lang='lat'><strong>-—</strong></span> <span class='ocrx_word' id='word_1_33' title='bbox 1552 319 1664 372; x_wconf 86' lang='lat' dir='ltr'><strong>quod</strong></span> 
     </span>
     <span class='ocr_line' id='line_1_5' title="bbox 195 370 1663 428; baseline 0.001 -12"><span class='ocrx_word' id='word_1_34' title='bbox 195 389 412 428; x_wconf 86' lang='lat' dir='ltr'><strong>nunquam</strong></span> <span class='ocrx_word' id='word_1_35' title='bbox 442 374 702 422; x_wconf 83' lang='lat' dir='ltr'><strong>existimavi,</strong></span> <span class='ocrx_word' id='word_1_36' title='bbox 733 396 791 402; x_wconf 89' lang='lat'>—</span> <span class='ocrx_word' id='word_1_37' title='bbox 829 373 966 414; x_wconf 87' lang='lat' dir='ltr'><strong>minus</strong></span> <span class='ocrx_word' id='word_1_38' title='bbox 1005 370 1195 414; x_wconf 84' lang='lat' dir='ltr'><strong>offendor</strong></span> <span class='ocrx_word' id='word_1_39' title='bbox 1223 375 1267 415; x_wconf 88' lang='lat' dir='ltr'><strong>in</strong></span> <span class='ocrx_word' id='word_1_40' title='bbox 1298 385 1387 421; x_wconf 71' lang='lat' dir='ltr'><strong>met</strong></span> <span class='ocrx_word' id='word_1_41' title='bbox 1427 375 1492 416; x_wconf 90' lang='lat' dir='ltr'><strong>sin</strong></span> <span class='ocrx_word' id='word_1_42' title='bbox 1522 379 1663 418; x_wconf 81' lang='lat' dir='ltr'><strong>autem</strong></span> 
     </span>
     <span class='ocr_line' id='line_1_6' title="bbox 196 431 1665 484; baseline 0 -10"><span class='ocrx_word' id='word_1_43' title='bbox 196 447 221 473; x_wconf 82' lang='lat' dir='ltr'><strong>a</strong></span> <span class='ocrx_word' id='word_1_44' title='bbox 249 447 315 474; x_wconf 89' lang='lat' dir='ltr'><strong>me</strong></span> <span class='ocrx_word' id='word_1_45' title='bbox 345 436 408 473; x_wconf 89' lang='lat' dir='ltr'><strong>est</strong></span> <span class='ocrx_word' id='word_1_46' title='bbox 437 432 640 480; x_wconf 83' lang='lat' dir='ltr'><strong>alienior,</strong></span> <span class='ocrx_word' id='word_1_47' title='bbox 680 432 790 471; x_wconf 88' lang='lat' dir='ltr'><strong>nihil</strong></span> <span class='ocrx_word' id='word_1_48' title='bbox 818 431 898 472; x_wconf 88' lang='lat' dir='ltr'><strong>tibi</strong></span> <span class='ocrx_word' id='word_1_49' title='bbox 937 442 1056 471; x_wconf 88' lang='lat' dir='ltr'><strong>meae</strong></span> <span class='ocrx_word' id='word_1_50' title='bbox 1084 431 1235 472; x_wconf 85' lang='lat' dir='ltr'><strong>literae</strong></span> <span class='ocrx_word' id='word_1_51' title='bbox 1264 432 1510 484; x_wconf 88' lang='lat' dir='ltr'><strong>proderunt.</strong></span> <span class='ocrx_word' id='word_1_52' title='bbox 1556 432 1665 474; x_wconf 87' lang='lat' dir='ltr'><strong>Nam</strong></span> 
     </span>
     <span class='ocr_line' id='line_1_7' title="bbox 195 487 1663 542; baseline 0.001 -12"><span class='ocrx_word' id='word_1_53' title='bbox 195 490 248 530; x_wconf 86' lang='lat' dir='ltr'><strong>ad</strong></span> <span class='ocrx_word' id='word_1_54' title='bbox 277 492 469 532; x_wconf 83' lang='lat' dir='ltr'><strong>senatum</strong></span> <span class='ocrx_word' id='word_1_55' title='bbox 509 502 611 541; x_wconf 87' lang='lat' dir='ltr'><strong>quas</strong></span> <span class='ocrx_word' id='word_1_56' title='bbox 641 489 821 530; x_wconf 88' lang='lat' dir='ltr'><strong>Bibulus</strong></span> <span class='ocrx_word' id='word_1_57' title='bbox 858 488 1004 528; x_wconf 84' lang='lat' dir='ltr'><strong>literas</strong></span> <span class='ocrx_word' id='word_1_58' title='bbox 1039 487 1176 538; x_wconf 83' lang='lat' dir='ltr'><strong>misit,</strong></span> <span class='ocrx_word' id='word_1_59' title='bbox 1216 489 1260 529; x_wconf 89' lang='lat' dir='ltr'><strong>in</strong></span> <span class='ocrx_word' id='word_1_60' title='bbox 1296 489 1368 542; x_wconf 89' lang='lat' dir='ltr'><strong>iis,</strong></span> <span class='ocrx_word' id='word_1_61' title='bbox 1409 489 1522 541; x_wconf 83' lang='lat' dir='ltr'><strong>quod</strong></span> <span class='ocrx_word' id='word_1_62' title='bbox 1556 490 1663 532; x_wconf 85' lang='lat' dir='ltr'><strong>mihi</strong></span> 
     </span>
     <span class='ocr_line' id='line_1_8' title="bbox 194 543 1661 600; baseline -0.002 -11"><span class='ocrx_word' id='word_1_63' title='bbox 194 561 292 590; x_wconf 87' lang='lat' dir='ltr'><strong>cum</strong></span> <span class='ocrx_word' id='word_1_64' title='bbox 321 550 398 589; x_wconf 91' lang='lat' dir='ltr'><strong>illo</strong></span> <span class='ocrx_word' id='word_1_65' title='bbox 429 549 521 588; x_wconf 86' lang='lat' dir='ltr'><strong>erat</strong></span> <span class='ocrx_word' id='word_1_66' title='bbox 550 558 793 597; x_wconf 87' lang='lat' dir='ltr'><strong>commune,</strong></span> <span class='ocrx_word' id='word_1_67' title='bbox 829 543 913 585; x_wconf 82' lang='lat' dir='ltr'><strong>sibi</strong></span> <span class='ocrx_word' id='word_1_68' title='bbox 942 545 1022 585; x_wconf 85' lang='lat' dir='ltr'><strong>soli</strong></span> <span class='ocrx_word' id='word_1_69' title='bbox 1053 544 1265 585; x_wconf 81' lang='lat' dir='ltr'><strong>attribuit:</strong></span> <span class='ocrx_word' id='word_1_70' title='bbox 1306 559 1352 587; x_wconf 85' lang='lat' dir='ltr'><strong>se</strong></span> <span class='ocrx_word' id='word_1_71' title='bbox 1387 547 1449 587; x_wconf 89' lang='lat' dir='ltr'><strong>ait</strong></span> <span class='ocrx_word' id='word_1_72' title='bbox 1476 559 1661 600; x_wconf 81' lang='lat' dir='ltr'><strong>curasse,</strong></span> 
     </span>
     <span class='ocr_line' id='line_1_9' title="bbox 194 602 1661 658; baseline -0.001 -12"><span class='ocrx_word' id='word_1_73' title='bbox 194 608 242 646; x_wconf 77' lang='lat' dir='ltr'><strong>ut</strong></span> <span class='ocrx_word' id='word_1_74' title='bbox 272 619 370 647; x_wconf 92' lang='lat' dir='ltr'><strong>cum</strong></span> <span class='ocrx_word' id='word_1_75' title='bbox 399 607 575 658; x_wconf 83' lang='lat' dir='ltr'><strong>quaestu</strong></span> <span class='ocrx_word' id='word_1_76' title='bbox 607 603 756 656; x_wconf 87' lang='lat' dir='ltr'><strong>populi</strong></span> <span class='ocrx_word' id='word_1_77' title='bbox 791 602 971 654; x_wconf 89' lang='lat' dir='ltr'><strong>pecunia</strong></span> <span class='ocrx_word' id='word_1_78' title='bbox 1008 604 1339 654; x_wconf 77' lang='lat' dir='ltr'><strong>permutaretur:</strong></span> <span class='ocrx_word' id='word_1_79' title='bbox 1378 603 1491 656; x_wconf 87' lang='lat' dir='ltr'><strong>quod</strong></span> <span class='ocrx_word' id='word_1_80' title='bbox 1521 606 1661 645; x_wconf 87' lang='lat' dir='ltr'><strong>autem</strong></span> 
     </span>
     <span class='ocr_line' id='line_1_10' title="bbox 192 658 1659 715; baseline -0.001 -11"><span class='ocrx_word' id='word_1_81' title='bbox 192 677 332 704; x_wconf 85' lang='lat' dir='ltr'><strong>meum</strong></span> <span class='ocrx_word' id='word_1_82' title='bbox 363 665 454 704; x_wconf 84' lang='lat' dir='ltr'><strong>erat</strong></span> <span class='ocrx_word' id='word_1_83' title='bbox 483 661 725 714; x_wconf 81' lang='lat' dir='ltr'><strong>proprium,</strong></span> <span class='ocrx_word' id='word_1_84' title='bbox 764 661 812 698; x_wconf 82' lang='lat' dir='ltr'><strong>ut</strong></span> <span class='ocrx_word' id='word_1_85' title='bbox 842 658 986 699; x_wconf 85' lang='lat' dir='ltr'><strong>alariis</strong></span> <span class='ocrx_word' id='word_1_86' title='bbox 1013 659 1323 711; x_wconf 83' lang='lat' dir='ltr'><strong>Transpadanis</strong></span> <span class='ocrx_word' id='word_1_87' title='bbox 1351 662 1417 702; x_wconf 88' lang='lat' dir='ltr'><strong>uti</strong></span> <span class='ocrx_word' id='word_1_88' title='bbox 1446 673 1659 715; x_wconf 85' lang='lat' dir='ltr'><strong>negarem,</strong></span> 
     </span>
     <span class='ocr_line' id='line_1_11' title="bbox 192 716 1661 773; baseline -0.003 -10"><span class='ocrx_word' id='word_1_89' title='bbox 192 723 237 763; x_wconf 83' lang='lat' dir='ltr'><strong>id</strong></span> <span class='ocrx_word' id='word_1_90' title='bbox 268 723 395 764; x_wconf 84' lang='lat' dir='ltr'><strong>etiam</strong></span> <span class='ocrx_word' id='word_1_91' title='bbox 424 720 581 773; x_wconf 87' lang='lat' dir='ltr'><strong>populo</strong></span> <span class='ocrx_word' id='word_1_92' title='bbox 612 730 655 758; x_wconf 88' lang='lat' dir='ltr'><strong>se</strong></span> <span class='ocrx_word' id='word_1_93' title='bbox 685 716 895 757; x_wconf 86' lang='lat' dir='ltr'><strong>remisisse</strong></span> <span class='ocrx_word' id='word_1_94' title='bbox 925 716 1095 756; x_wconf 78' lang='lat' dir='ltr'><strong>scribitt</strong></span> <span class='ocrx_word' id='word_1_95' title='bbox 1134 717 1246 768; x_wconf 86' lang='lat' dir='ltr'><strong>quod</strong></span> <span class='ocrx_word' id='word_1_96' title='bbox 1276 730 1375 758; x_wconf 84' lang='lat' dir='ltr'><strong>vero</strong></span> <span class='ocrx_word' id='word_1_97' title='bbox 1413 719 1531 759; x_wconf 91' lang='lat' dir='ltr'><strong>illius</strong></span> <span class='ocrx_word' id='word_1_98' title='bbox 1566 718 1661 759; x_wconf 85' lang='lat' dir='ltr'><strong>erat</strong></span> 
     </span>
     <span class='ocr_line' id='line_1_12' title="bbox 192 772 1658 827; baseline -0.003 -7"><span class='ocrx_word' id='word_1_99' title='bbox 192 780 335 827; x_wconf 86' lang='lat' dir='ltr'><strong>solius,</strong></span> <span class='ocrx_word' id='word_1_100' title='bbox 367 778 408 818; x_wconf 84' lang='lat' dir='ltr'><strong>id</strong></span> <span class='ocrx_word' id='word_1_101' title='bbox 429 784 594 817; x_wconf 86' lang='lat' dir='ltr'><strong>mecum</strong></span> <span class='ocrx_word' id='word_1_102' title='bbox 613 774 914 816; x_wconf 83' lang='lat' dir='ltr'><strong>communicat:</strong></span> <span class='ocrx_word' id='word_1_103' title='bbox 946 772 1205 824; x_wconf 85' lang='lat' dir='ltr'><strong>„Equitibus</strong></span> <span class='ocrx_word' id='word_1_104' title='bbox 1225 775 1479 824; x_wconf 85' lang='lat' dir='ltr'><strong>auxiliariis,</strong></span> <span class='ocrx_word' id='word_1_105' title='bbox 1502 774 1658 827; x_wconf 87' lang='lat' dir='ltr'><strong>inquit,</strong></span> 
     </span>
     <span class='ocr_line' id='line_1_13' title="bbox 191 831 1660 889; baseline -0.002 -14"><span class='ocrx_word' id='word_1_106' title='bbox 191 851 319 889; x_wconf 86' lang='lat' dir='ltr'><strong>quum</strong></span> <span class='ocrx_word' id='word_1_107' title='bbox 358 834 538 887; x_wconf 83' lang='lat' dir='ltr'><strong>amplius</strong></span> <span class='ocrx_word' id='word_1_108' title='bbox 578 832 780 873; x_wconf 86' lang='lat' dir='ltr'><strong>frumenti</strong></span> <span class='ocrx_word' id='word_1_109' title='bbox 823 831 1171 882; x_wconf 78' lang='lat' dir='ltr'><strong>postularemus.⁷’</strong></span> <span class='ocrx_word' id='word_1_110' title='bbox 1226 832 1338 872; x_wconf 87' lang='lat' dir='ltr'><strong>Illud</strong></span> <span class='ocrx_word' id='word_1_111' title='bbox 1372 845 1475 874; x_wconf 88' lang='lat' dir='ltr'><strong>vero</strong></span> <span class='ocrx_word' id='word_1_112' title='bbox 1513 831 1660 886; x_wconf 89' lang='lat' dir='ltr'><strong>pusilli</strong></span> 
     </span>
     <span class='ocr_line' id='line_1_14' title="bbox 191 887 1659 946; baseline -0.003 -12"><span class='ocrx_word' id='word_1_113' title='bbox 191 895 335 946; x_wconf 73' lang='lat' dir='ltr'><strong>animi,</strong></span> <span class='ocrx_word' id='word_1_114' title='bbox 365 896 408 933; x_wconf 85' lang='lat' dir='ltr'><strong>et</strong></span> <span class='ocrx_word' id='word_1_115' title='bbox 436 893 529 945; x_wconf 86' lang='lat' dir='ltr'><strong>ipsa</strong></span> <span class='ocrx_word' id='word_1_116' title='bbox 558 889 857 931; x_wconf 77' lang='lat' dir='ltr'><strong>malevolentia</strong></span> <span class='ocrx_word' id='word_1_117' title='bbox 884 887 1018 927; x_wconf 86' lang='lat' dir='ltr'><strong>ieiuni</strong></span> <span class='ocrx_word' id='word_1_118' title='bbox 1046 889 1173 939; x_wconf 87' lang='lat' dir='ltr'><strong>atque</strong></span> <span class='ocrx_word' id='word_1_119' title='bbox 1201 888 1362 941; x_wconf 87' lang='lat' dir='ltr'><strong>inanis,</strong></span> <span class='ocrx_word' id='word_1_120' title='bbox 1393 889 1507 941; x_wconf 91' lang='lat' dir='ltr'><strong>quod</strong></span> <span class='ocrx_word' id='word_1_121' title='bbox 1535 890 1659 930; x_wconf 87' lang='lat' dir='ltr'><strong>Ario-</strong></span> 
     </span>
     <span class='ocr_line' id='line_1_15' title="bbox 188 947 1659 1000; baseline -0.005 -7"><span class='ocrx_word' id='word_1_122' title='bbox 188 952 438 998; x_wconf 83' lang='lat' dir='ltr'><strong>barzanem‚</strong></span> <span class='ocrx_word' id='word_1_123' title='bbox 480 948 580 1000; x_wconf 84' lang='lat' dir='ltr'><strong>quia</strong></span> <span class='ocrx_word' id='word_1_124' title='bbox 610 948 778 987; x_wconf 78' lang='lat' dir='ltr'><strong>senatus</strong></span> <span class='ocrx_word' id='word_1_125' title='bbox 808 957 886 998; x_wconf 88' lang='lat' dir='ltr'><strong>per</strong></span> <span class='ocrx_word' id='word_1_126' title='bbox 914 957 981 985; x_wconf 89' lang='lat' dir='ltr'><strong>me</strong></span> <span class='ocrx_word' id='word_1_127' title='bbox 1015 957 1157 998; x_wconf 85' lang='lat' dir='ltr'><strong>regem</strong></span> <span class='ocrx_word' id='word_1_128' title='bbox 1192 947 1425 997; x_wconf 85' lang='lat' dir='ltr'><strong>appellavit</strong></span> <span class='ocrx_word' id='word_1_129' title='bbox 1465 947 1659 998; x_wconf 85' lang='lat' dir='ltr'><strong>mihique</strong></span> 
     </span>
     <span class='ocr_line' id='line_1_16' title="bbox 189 1002 1660 1056; baseline -0.005 -6"><span class='ocrx_word' id='word_1_130' title='bbox 189 1008 520 1056; x_wconf 85' lang='lat' dir='ltr'><strong>commendavit,</strong></span> <span class='ocrx_word' id='word_1_131' title='bbox 552 1007 632 1046; x_wconf 81' lang='lat' dir='ltr'><strong>iste</strong></span> <span class='ocrx_word' id='word_1_132' title='bbox 660 1005 705 1044; x_wconf 90' lang='lat' dir='ltr'><strong>in</strong></span> <span class='ocrx_word' id='word_1_133' title='bbox 735 1004 874 1044; x_wconf 89' lang='lat' dir='ltr'><strong>literis</strong></span> <span class='ocrx_word' id='word_1_134' title='bbox 903 1014 988 1042; x_wconf 89' lang='lat' dir='ltr'><strong>non</strong></span> <span class='ocrx_word' id='word_1_135' title='bbox 1018 1014 1182 1055; x_wconf 80' lang='lat' dir='ltr'><strong>regem,</strong></span> <span class='ocrx_word' id='word_1_136' title='bbox 1214 1002 1288 1042; x_wconf 88' lang='lat' dir='ltr'><strong>sed</strong></span> <span class='ocrx_word' id='word_1_137' title='bbox 1317 1004 1430 1056; x_wconf 85' lang='lat' dir='ltr'><strong>regis</strong></span> <span class='ocrx_word' id='word_1_138' title='bbox 1458 1003 1660 1044; x_wconf 85' lang='lat' dir='ltr'><strong>Ariobar-</strong></span> 
     </span>
     <span class='ocr_line' id='line_1_17' title="bbox 188 1059 1660 1115; baseline -0.005 -7"><span class='ocrx_word' id='word_1_139' title='bbox 188 1068 306 1108; x_wconf 82' lang='lat' dir='ltr'><strong>zanis</strong></span> <span class='ocrx_word' id='word_1_140' title='bbox 334 1066 470 1106; x_wconf 86' lang='lat' dir='ltr'><strong>filium</strong></span> <span class='ocrx_word' id='word_1_141' title='bbox 496 1064 698 1115; x_wconf 83' lang='lat' dir='ltr'><strong>appellat.</strong></span> <span class='ocrx_word' id='word_1_142' title='bbox 750 1061 845 1101; x_wconf 78' lang='lat' dir='ltr'><strong>Hoc</strong></span> <span class='ocrx_word' id='word_1_143' title='bbox 875 1059 1016 1099; x_wconf 88' lang='lat' dir='ltr'><strong>animo</strong></span> <span class='ocrx_word' id='word_1_144' title='bbox 1046 1060 1118 1111; x_wconf 91' lang='lat' dir='ltr'><strong>qui</strong></span> <span class='ocrx_word' id='word_1_145' title='bbox 1148 1061 1258 1107; x_wconf 88' lang='lat' dir='ltr'><strong>sunt,</strong></span> <span class='ocrx_word' id='word_1_146' title='bbox 1291 1059 1524 1101; x_wconf 84' lang='lat' dir='ltr'><strong>deteriores</strong></span> <span class='ocrx_word' id='word_1_147' title='bbox 1551 1060 1660 1101; x_wconf 83' lang='lat' dir='ltr'><strong>fiunt</strong></span> 
     </span>
    </p>
   </div>
   <div class='ocr_carea' id='block_1_3' title="bbox 181 1143 1653 1160">
    <p class='ocr_par' dir='ltr' id='par_1_3' title="bbox 181 1143 1653 1160">
     <span class='ocr_line' id='line_1_18' title="bbox 181 1143 1653 1160; baseline 0 1883"><span class='ocrx_word' id='word_1_148' title='bbox 181 1143 1653 1160; x_wconf 95' lang='lat' dir='ltr'><strong> </strong></span> 
     </span>
    </p>
   </div>
   <div class='ocr_carea' id='block_1_4' title="bbox 185 1180 1657 1373">
    <p class='ocr_par' dir='ltr' id='par_1_4' title="bbox 185 1180 1657 1373">
     <span class='ocr_line' id='line_1_19' title="bbox 188 1180 1656 1228; baseline -0.005 -4"><span class='ocrx_word' id='word_1_149' title='bbox 188 1190 314 1225; x_wconf 78' lang='lat' dir='ltr'><strong>Sohne</strong></span> <span class='ocrx_word' id='word_1_150' title='bbox 341 1189 406 1223; x_wconf 87' lang='lat' dir='ltr'><strong>des</strong></span> <span class='ocrx_word' id='word_1_151' title='bbox 431 1187 590 1221; x_wconf 79' lang='lat' dir='ltr'><strong>Bibulus</strong></span> <span class='ocrx_word' id='word_1_152' title='bbox 617 1195 688 1218; x_wconf 87' lang='lat' dir='ltr'><strong>von</strong></span> <span class='ocrx_word' id='word_1_153' title='bbox 714 1182 894 1217; x_wconf 77' lang='lat' dir='ltr'><strong>Soldaten</strong></span> <span class='ocrx_word' id='word_1_154' title='bbox 921 1181 987 1214; x_wconf 84' lang='lat' dir='ltr'><strong>des</strong></span> <span class='ocrx_word' id='word_1_155' title='bbox 1012 1180 1194 1216; x_wconf 87' lang='lat' dir='ltr'><strong>Gabinius</strong></span> <span class='ocrx_word' id='word_1_156' title='bbox 1220 1182 1409 1216; x_wconf 87' lang='lat' dir='ltr'><strong>ermordet</strong></span> <span class='ocrx_word' id='word_1_157' title='bbox 1433 1193 1582 1228; x_wconf 86' lang='lat' dir='ltr'><strong>waren,</strong></span> <span class='ocrx_word' id='word_1_158' title='bbox 1619 1194 1656 1217; x_wconf 90' lang='lat' dir='ltr'><strong>u.</strong></span> 
     </span>
     <span class='ocr_line' id='line_1_20' title="bbox 187 1227 1657 1274; baseline -0.006 -3"><span class='ocrx_word' id='word_1_159' title='bbox 187 1248 290 1271; x_wconf 81' lang='lat' dir='ltr'><strong>zwar</strong></span> <span class='ocrx_word' id='word_1_160' title='bbox 315 1247 361 1270; x_wconf 90' lang='lat' dir='ltr'><strong>zu</strong></span> <span class='ocrx_word' id='word_1_161' title='bbox 388 1236 454 1268; x_wconf 89' lang='lat' dir='ltr'><strong>der</strong></span> <span class='ocrx_word' id='word_1_162' title='bbox 481 1233 585 1274; x_wconf 86' lang='lat' dir='ltr'><strong>Zeit,</strong></span> <span class='ocrx_word' id='word_1_163' title='bbox 618 1231 673 1264; x_wconf 78' lang='lat' dir='ltr'><strong>als</strong></span> <span class='ocrx_word' id='word_1_164' title='bbox 699 1229 778 1263; x_wconf 76' lang='lat' dir='ltr'><strong>sich</strong></span> <span class='ocrx_word' id='word_1_165' title='bbox 802 1228 960 1262; x_wconf 81' lang='lat' dir='ltr'><strong>Bibulus</strong></span> <span class='ocrx_word' id='word_1_166' title='bbox 995 1227 1031 1260; x_wconf 87' lang='lat' dir='ltr'><strong>in</strong></span> <span class='ocrx_word' id='word_1_167' title='bbox 1058 1227 1195 1273; x_wconf 85' lang='lat' dir='ltr'><strong>Syrien</strong></span> <span class='ocrx_word' id='word_1_168' title='bbox 1233 1229 1382 1263; x_wconf 84' lang='lat' dir='ltr'><strong>befand.</strong></span> <span class='ocrx_word' id='word_1_169' title='bbox 1431 1229 1548 1263; x_wconf 89' lang='lat' dir='ltr'><strong>Einer</strong></span> <span class='ocrx_word' id='word_1_170' title='bbox 1584 1239 1657 1264; x_wconf 89' lang='lat' dir='ltr'><strong>von</strong></span> 
     </span>
     <span class='ocr_line' id='line_1_21' title="bbox 186 1273 1657 1323; baseline -0.005 -5"><span class='ocrx_word' id='word_1_171' title='bbox 186 1284 302 1318; x_wconf 85' lang='lat' dir='ltr'><strong>ihnen</strong></span> <span class='ocrx_word' id='word_1_172' title='bbox 326 1293 406 1316; x_wconf 84' lang='lat' dir='ltr'><strong>war</strong></span> <span class='ocrx_word' id='word_1_173' title='bbox 430 1282 563 1323; x_wconf 79' lang='lat' dir='ltr'><strong>Augur</strong></span> <span class='ocrx_word' id='word_1_174' title='bbox 589 1287 783 1320; x_wconf 78' lang='lat' dir='ltr'><strong>gewesen,</strong></span> <span class='ocrx_word' id='word_1_175' title='bbox 821 1285 865 1308; x_wconf 86' lang='lat' dir='ltr'><strong>an</strong></span> <span class='ocrx_word' id='word_1_176' title='bbox 892 1274 1023 1307; x_wconf 81' lang='lat' dir='ltr'><strong>dessen</strong></span> <span class='ocrx_word' id='word_1_177' title='bbox 1051 1273 1169 1308; x_wconf 80' lang='lat' dir='ltr'><strong>Stelle</strong></span> <span class='ocrx_word' id='word_1_178' title='bbox 1194 1273 1263 1308; x_wconf 85' lang='lat' dir='ltr'><strong>der</strong></span> <span class='ocrx_word' id='word_1_179' title='bbox 1287 1275 1555 1318; x_wconf 75' lang='lat' dir='ltr'><strong>ungliickliche</strong></span> <span class='ocrx_word' id='word_1_180' title='bbox 1578 1275 1657 1310; x_wconf 82' lang='lat' dir='ltr'><strong>Va-</strong></span> 
     </span>
     <span class='ocr_line' id='line_1_22' title="bbox 185 1312 1656 1373; baseline -0.005 -9"><span class='ocrx_word' id='word_1_181' title='bbox 185 1336 244 1364; x_wconf 71' lang='lat' dir='ltr'><strong>ter</strong></span> <span class='ocrx_word' id='word_1_182' title='bbox 272 1329 402 1373; x_wconf 79' lang='lat' dir='ltr'><strong>(daher</strong></span> <span class='ocrx_word' id='word_1_183' title='bbox 427 1324 704 1368; x_wconf 70' lang='lat' dir='ltr'><strong>misericordia)</strong></span> <span class='ocrx_word' id='word_1_184' title='bbox 737 1331 810 1354; x_wconf 81' lang='lat' dir='ltr'><strong>nun</strong></span> <span class='ocrx_word' id='word_1_185' title='bbox 843 1320 972 1354; x_wconf 77' lang='lat' dir='ltr'><strong>seinen</strong></span> <span class='ocrx_word' id='word_1_186' title='bbox 1005 1320 1101 1352; x_wconf 88' lang='lat' dir='ltr'><strong>noch</strong></span> <span class='ocrx_word' id='word_1_187' title='bbox 1133 1320 1244 1363; x_wconf 80' lang='lat' dir='ltr'><strong>iibrig</strong></span> <span class='ocrx_word' id='word_1_188' title='bbox 1275 1320 1525 1364; x_wconf 82' lang='lat' dir='ltr'><strong>gebliebenen</strong></span> <span class='ocrx_word' id='word_1_189' title='bbox 1550 1312 1656 1357; x_wconf 75' lang='lat' dir='ltr'><strong>Soh&#39;n</strong></span> 
     </span>
    </p>
   </div>
   <div class='ocr_carea' id='block_1_5' title="bbox 183 1366 1655 1418">
    <p class='ocr_par' dir='ltr' id='par_1_5' title="bbox 183 1366 1655 1418">
     <span class='ocr_line' id='line_1_23' title="bbox 183 1366 1655 1418; baseline -0.006 -7"><span class='ocrx_word' id='word_1_190' title='bbox 183 1388 230 1410; x_wconf 88' lang='lat' dir='ltr'><strong>zu</strong></span> <span class='ocrx_word' id='word_1_191' title='bbox 262 1376 421 1418; x_wconf 76' lang='lat' dir='ltr'><strong>bringen</strong></span> <span class='ocrx_word' id='word_1_192' title='bbox 460 1373 602 1408; x_wconf 78' lang='lat' dir='ltr'><strong>suchte.</strong></span> <span class='ocrx_word' id='word_1_193' title='bbox 624 1389 665 1394; x_wconf 85' lang='lat'><strong>——</strong></span> <span class='ocrx_word' id='word_1_194' title='bbox 701 1367 863 1402; x_wconf 77' lang='lat' dir='ltr'><strong>amiciss.</strong></span> <span class='ocrx_word' id='word_1_195' title='bbox 890 1366 1028 1400; x_wconf 75' lang='lat' dir='ltr'><strong>Bibulo</strong></span> <span class='ocrx_word' id='word_1_196' title='bbox 1061 1366 1313 1409; x_wconf 85' lang='lat' dir='ltr'><strong>adolescenti,</strong></span> <span class='ocrx_word' id='word_1_197' title='bbox 1351 1367 1414 1410; x_wconf 84' lang='lat' dir='ltr'><strong>qui</strong></span> <span class='ocrx_word' id='word_1_198' title='bbox 1452 1367 1498 1401; x_wconf 92' lang='lat' dir='ltr'><strong>de</strong></span> <span class='ocrx_word' id='word_1_199' title='bbox 1531 1367 1655 1402; x_wconf 75' lang='lat' dir='ltr'><strong>tribus</strong></span> 
     </span>
    </p>
   </div>
   <div class='ocr_carea' id='block_1_6' title="bbox 180 1412 1659 1830">
    <p class='ocr_par' dir='ltr' id='par_1_6' title="bbox 181 1412 1659 1505">
     <span class='ocr_line' id='line_1_24' title="bbox 184 1412 1659 1464; baseline -0.007 -6"><span class='ocrx_word' id='word_1_200' title='bbox 184 1423 313 1457; x_wconf 79' lang='lat' dir='ltr'><strong>Bibuli</strong></span> <span class='ocrx_word' id='word_1_201' title='bbox 344 1421 433 1456; x_wconf 79' lang='lat' dir='ltr'><strong>filiis</strong></span> <span class='ocrx_word' id='word_1_202' title='bbox 465 1418 702 1464; x_wconf 77' lang='lat' dir='ltr'><strong>superfuerat</strong></span> <span class='ocrx_word' id='word_1_203' title='bbox 738 1424 844 1448; x_wconf 83' lang='lat' dir='ltr'><strong>unus.</strong></span> <span class='ocrx_word' id='word_1_204' title='bbox 877 1412 1088 1449; x_wconf 83' lang='lat' dir='ltr'><strong><em>MANUT.</em></strong></span> <span class='ocrx_word' id='word_1_205' title='bbox 1128 1413 1326 1446; x_wconf 79' lang='lat' dir='ltr'><strong>scriberem</strong></span> <span class='ocrx_word' id='word_1_206' title='bbox 1347 1425 1395 1447; x_wconf 90' lang='lat'><strong>::</strong></span> <span class='ocrx_word' id='word_1_207' title='bbox 1418 1414 1659 1450; x_wconf 80' lang='lat' dir='ltr'><strong>rescriberem</strong></span> 
     </span>
     <span class='ocr_line' id='line_1_25' title="bbox 181 1466 1369 1505; baseline -0.012 0"><span class='ocrx_word' id='word_1_208' title='bbox 181 1470 310 1505; x_wconf 85' lang='lat' dir='ltr'><strong>Lamb.</strong></span> <span class='ocrx_word' id='word_1_209' title='bbox 337 1475 468 1503; x_wconf 65' lang='lat' dir='ltr'><strong>contra</strong></span> <span class='ocrx_word' id='word_1_210' title='bbox 491 1466 569 1500; x_wconf 71' lang='lat' dir='ltr'><strong>Md.</strong></span> <span class='ocrx_word' id='word_1_211' title='bbox 1367 1485 1369 1487; x_wconf 89' lang='lat'>.</span> 
     </span>
    </p>

    <p class='ocr_par' dir='ltr' id='par_1_7' title="bbox 180 1504 1655 1830">
     <span class='ocr_line' id='line_1_26' title="bbox 276 1504 1655 1554; baseline -0.007 -4"><span class='ocrx_word' id='word_1_212' title='bbox 276 1519 305 1551; x_wconf 90' lang='lat'><strong>7.</strong></span> <span class='ocrx_word' id='word_1_213' title='bbox 341 1516 461 1549; x_wconf 76' lang='lat' dir='ltr'><strong>minus</strong></span> <span class='ocrx_word' id='word_1_214' title='bbox 491 1511 654 1554; x_wconf 77' lang='lat' dir='ltr'><strong>offendor</strong></span> <span class='ocrx_word' id='word_1_215' title='bbox 683 1508 723 1542; x_wconf 79' lang='lat' dir='ltr'><strong>in</strong></span> <span class='ocrx_word' id='word_1_216' title='bbox 752 1518 827 1550; x_wconf 81' lang='lat' dir='ltr'><strong>me,</strong></span> <span class='ocrx_word' id='word_1_217' title='bbox 862 1516 903 1540; x_wconf 89' lang='lat' dir='ltr'><strong>so</strong></span> <span class='ocrx_word' id='word_1_218' title='bbox 929 1504 1029 1538; x_wconf 89' lang='lat' dir='ltr'><strong>finde</strong></span> <span class='ocrx_word' id='word_1_219' title='bbox 1054 1504 1115 1538; x_wconf 89' lang='lat' dir='ltr'><strong>ich</strong></span> <span class='ocrx_word' id='word_1_220' title='bbox 1140 1504 1239 1539; x_wconf 90' lang='lat' dir='ltr'><strong>mich</strong></span> <span class='ocrx_word' id='word_1_221' title='bbox 1263 1505 1434 1550; x_wconf 78' lang='lat' dir='ltr'><strong>weniger</strong></span> <span class='ocrx_word' id='word_1_222' title='bbox 1456 1505 1655 1550; x_wconf 85' lang='lat' dir='ltr'><strong>beleidigt,</strong></span> 
     </span>
     <span class='ocr_line' id='line_1_27' title="bbox 182 1551 1654 1597; baseline -0.007 0"><span class='ocrx_word' id='word_1_223' title='bbox 182 1574 294 1597; x_wconf 83' lang='lat' dir='ltr'><strong>wenn</strong></span> <span class='ocrx_word' id='word_1_224' title='bbox 321 1573 362 1596; x_wconf 91' lang='lat' dir='ltr'><strong>er</strong></span> <span class='ocrx_word' id='word_1_225' title='bbox 387 1561 454 1595; x_wconf 81' lang='lat' dir='ltr'><strong>mit</strong></span> <span class='ocrx_word' id='word_1_226' title='bbox 477 1560 547 1593; x_wconf 89' lang='lat' dir='ltr'><strong>mir</strong></span> <span class='ocrx_word' id='word_1_227' title='bbox 571 1556 684 1591; x_wconf 72' lang='lat' dir='ltr'><strong>keine</strong></span> <span class='ocrx_word' id='word_1_228' title='bbox 709 1553 922 1588; x_wconf 79' lang='lat' dir='ltr'><strong>Ausnahme</strong></span> <span class='ocrx_word' id='word_1_229' title='bbox 946 1551 1080 1585; x_wconf 84' lang='lat' dir='ltr'><strong>macht.</strong></span> <span class='ocrx_word' id='word_1_230' title='bbox 1097 1570 1142 1576; x_wconf 90' lang='lat'>—</span> <span class='ocrx_word' id='word_1_231' title='bbox 1183 1553 1241 1585; x_wconf 79' lang='lat' dir='ltr'><strong>sin</strong></span> <span class='ocrx_word' id='word_1_232' title='bbox 1276 1556 1404 1587; x_wconf 76' lang='lat' dir='ltr'><strong>autem.</strong></span> <span class='ocrx_word' id='word_1_233' title='bbox 1432 1552 1507 1587; x_wconf 91' lang='lat' dir='ltr'><strong>del.</strong></span> <span class='ocrx_word' id='word_1_234' title='bbox 1534 1556 1654 1587; x_wconf 83' lang='lat' dir='ltr'><strong>autem</strong></span> 
     </span>
     <span class='ocr_line' id='line_1_28' title="bbox 180 1598 1653 1645; baseline -0.01 0"><span class='ocrx_word' id='word_1_235' title='bbox 180 1610 312 1645; x_wconf 86' lang='lat' dir='ltr'><strong>Lamb.</strong></span> <span class='ocrx_word' id='word_1_236' title='bbox 351 1607 427 1642; x_wconf 85' lang='lat' dir='ltr'><strong>Sed</strong></span> <span class='ocrx_word' id='word_1_237' title='bbox 452 1606 539 1640; x_wconf 83' lang='lat' dir='ltr'><strong>vide</strong></span> <span class='ocrx_word' id='word_1_238' title='bbox 564 1602 714 1637; x_wconf 81' lang='lat' dir='ltr'><strong>Ramsh.</strong></span> <span class='ocrx_word' id='word_1_239' title='bbox 744 1601 770 1643; x_wconf 63' lang='grc' dir='ltr'><strong>ξ.</strong></span> <span class='ocrx_word' id='word_1_240' title='bbox 791 1600 868 1634; x_wconf 81' lang='grc'><strong>190.</strong></span> <span class='ocrx_word' id='word_1_241' title='bbox 897 1600 1001 1632; x_wconf 88' lang='lat' dir='ltr'><strong>Anm.</strong></span> <span class='ocrx_word' id='word_1_242' title='bbox 1020 1600 1054 1632; x_wconf 87' lang='lat'><strong>3.</strong></span> <span class='ocrx_word' id='word_1_243' title='bbox 1073 1598 1114 1639; x_wconf 75' lang='lat'><strong>⁴).</strong></span> <span class='ocrx_word' id='word_1_244' title='bbox 1138 1616 1183 1622; x_wconf 95' lang='lat'>—</span> <span class='ocrx_word' id='word_1_245' title='bbox 1229 1598 1378 1642; x_wconf 70' lang='lat' dir='ltr'><strong>litera-3,</strong></span> <span class='ocrx_word' id='word_1_246' title='bbox 1413 1599 1580 1633; x_wconf 79' lang='lat' dir='ltr'><strong>Bericht.</strong></span> <span class='ocrx_word' id='word_1_247' title='bbox 1606 1615 1653 1624; x_wconf 85' lang='lat'><strong>-·</strong></span> 
     </span>
     <span class='ocr_line' id='line_1_29' title="bbox 181 1644 1651 1699; baseline -0.008 -8"><span class='ocrx_word' id='word_1_248' title='bbox 181 1657 223 1691; x_wconf 73' lang='lat' dir='ltr'><strong>in</strong></span> <span class='ocrx_word' id='word_1_249' title='bbox 247 1656 312 1699; x_wconf 78' lang='lat' dir='ltr'><strong>iis,</strong></span> <span class='ocrx_word' id='word_1_250' title='bbox 338 1655 415 1689; x_wconf 83' lang='lat' dir='ltr'><strong>Md.</strong></span> <span class='ocrx_word' id='word_1_251' title='bbox 443 1651 592 1689; x_wconf 56' lang='lat' dir='ltr'><strong>Vicez</strong></span> <span class='ocrx_word' id='word_1_252' title='bbox 620 1649 660 1682; x_wconf 75' lang='lat' dir='ltr'><strong>in</strong></span> <span class='ocrx_word' id='word_1_253' title='bbox 684 1647 751 1680; x_wconf 75' lang='lat' dir='ltr'><strong>his.</strong></span> <span class='ocrx_word' id='word_1_254' title='bbox 774 1665 818 1670; x_wconf 92' lang='lat'><strong>-—</strong></span> <span class='ocrx_word' id='word_1_255' title='bbox 858 1649 897 1678; x_wconf 80' lang='lat' dir='ltr'><strong>ut</strong></span> <span class='ocrx_word' id='word_1_256' title='bbox 982 1647 1268 1687; x_wconf 79' lang='lat' dir='ltr'><strong>permutaretur,</strong></span> <span class='ocrx_word' id='word_1_257' title='bbox 1297 1644 1382 1678; x_wconf 80' lang='lat' dir='ltr'><strong>dass</strong></span> <span class='ocrx_word' id='word_1_258' title='bbox 1407 1645 1469 1678; x_wconf 88' lang='lat' dir='ltr'><strong>die</strong></span> <span class='ocrx_word' id='word_1_259' title='bbox 1495 1656 1561 1679; x_wconf 87' lang='lat' dir='ltr'><strong>aus</strong></span> <span class='ocrx_word' id='word_1_260' title='bbox 1576 1644 1651 1691; x_wconf 83' lang='lat' dir='ltr'><strong>Sy-</strong></span> 
     </span>
     <span class='ocr_line' id='line_1_30' title="bbox 182 1690 1651 1737; baseline -0.009 1"><span class='ocrx_word' id='word_1_261' title='bbox 182 1703 266 1737; x_wconf 83' lang='lat' dir='ltr'><strong>rien</strong></span> <span class='ocrx_word' id='word_1_262' title='bbox 293 1702 366 1736; x_wconf 89' lang='lat' dir='ltr'><strong>und</strong></span> <span class='ocrx_word' id='word_1_263' title='bbox 393 1699 552 1735; x_wconf 82' lang='lat' dir='ltr'><strong>Cilicien</strong></span> <span class='ocrx_word' id='word_1_264' title='bbox 587 1691 910 1729; x_wconf 81' lang='lat' dir='ltr'><strong>einzuliefernden</strong></span> <span class='ocrx_word' id='word_1_265' title='bbox 936 1690 1078 1724; x_wconf 83' lang='lat' dir='ltr'><strong>Gelder</strong></span> <span class='ocrx_word' id='word_1_266' title='bbox 1103 1700 1185 1723; x_wconf 87' lang='lat' dir='ltr'><strong>zum</strong></span> <span class='ocrx_word' id='word_1_267' title='bbox 1212 1690 1387 1725; x_wconf 74' lang='lat' dir='ltr'><strong>Vortheil</strong></span> <span class='ocrx_word' id='word_1_268' title='bbox 1416 1691 1484 1724; x_wconf 86' lang='lat' dir='ltr'><strong>der</strong></span> <span class='ocrx_word' id='word_1_269' title='bbox 1509 1691 1651 1726; x_wconf 81' lang='lat' dir='ltr'><strong>Staats-</strong></span> 
     </span>
     <span class='ocr_line' id='line_1_31' title="bbox 181 1736 1649 1784; baseline -0.008 -1"><span class='ocrx_word' id='word_1_270' title='bbox 181 1750 476 1784; x_wconf 80' lang='lat' dir='ltr'><strong>schatzkammer</strong></span> <span class='ocrx_word' id='word_1_271' title='bbox 501 1744 637 1779; x_wconf 74' lang='lat' dir='ltr'><strong>sollten</strong></span> <span class='ocrx_word' id='word_1_272' title='bbox 663 1745 870 1784; x_wconf 71' lang='lat' dir='ltr'><strong>umgesetzt</strong></span> <span class='ocrx_word' id='word_1_273' title='bbox 899 1737 1063 1771; x_wconf 72' lang='lat' dir='ltr'><strong>werden,</strong></span> <span class='ocrx_word' id='word_1_274' title='bbox 1113 1736 1283 1770; x_wconf 63' lang='lat' dir='ltr'><strong>Namlich</strong></span> <span class='ocrx_word' id='word_1_275' title='bbox 1309 1736 1345 1770; x_wconf 89' lang='lat' dir='ltr'><strong>in</strong></span> <span class='ocrx_word' id='word_1_276' title='bbox 1372 1736 1455 1771; x_wconf 86' lang='lat' dir='ltr'><strong>eine</strong></span> <span class='ocrx_word' id='word_1_277' title='bbox 1480 1739 1551 1771; x_wconf 86' lang='lat' dir='ltr'><strong>Art</strong></span> <span class='ocrx_word' id='word_1_278' title='bbox 1576 1747 1649 1772; x_wconf 85' lang='lat' dir='ltr'><strong>von</strong></span> 
     </span>
     <span class='ocr_line' id='line_1_32' title="bbox 180 1783 1649 1830; baseline -0.009 1"><span class='ocrx_word' id='word_1_279' title='bbox 180 1794 508 1830; x_wconf 78' lang='lat' dir='ltr'><strong>Wechselbriel&#39;en</strong></span> <span class='ocrx_word' id='word_1_280' title='bbox 548 1790 641 1824; x_wconf 85' lang='lat' dir='ltr'><strong>oder</strong></span> <span class='ocrx_word' id='word_1_281' title='bbox 671 1786 950 1829; x_wconf 74' lang='lat' dir='ltr'><strong>Anweisungen</strong></span> <span class='ocrx_word' id='word_1_282' title='bbox 983 1794 1055 1818; x_wconf 88' lang='lat' dir='ltr'><strong>von</strong></span> <span class='ocrx_word' id='word_1_283' title='bbox 1088 1783 1324 1816; x_wconf 77' lang='lat' dir='ltr'><strong>Asiatischen</strong></span> <span class='ocrx_word' id='word_1_284' title='bbox 1357 1783 1567 1826; x_wconf 83' lang='lat' dir='ltr'><strong>Banquiers</strong></span> <span class='ocrx_word' id='word_1_285' title='bbox 1602 1793 1649 1819; x_wconf 83' lang='lat' dir='ltr'><strong>an</strong></span> 
     </span>
    </p>
   </div>
   <div class='ocr_carea' id='block_1_7' title="bbox 181 1829 1648 1927">
    <p class='ocr_par' dir='ltr' id='par_1_8' title="bbox 181 1829 1648 1927">
     <span class='ocr_line' id='line_1_33' title="bbox 182 1829 1647 1877; baseline -0.008 -1"><span class='ocrx_word' id='word_1_286' title='bbox 182 1843 243 1877; x_wconf 90' lang='lat' dir='ltr'><strong>die</strong></span> <span class='ocrx_word' id='word_1_287' title='bbox 262 1841 460 1876; x_wconf 77' lang='lat' dir='ltr'><strong>Romische</strong></span> <span class='ocrx_word' id='word_1_288' title='bbox 477 1835 843 1873; x_wconf 75' lang='lat' dir='ltr'><strong>Schatzkammer.—</strong></span> <span class='ocrx_word' id='word_1_289' title='bbox 868 1842 985 1865; x_wconf 80' lang='lat' dir='ltr'><strong>meum</strong></span> <span class='ocrx_word' id='word_1_290' title='bbox 1005 1855 1033 1863; x_wconf 91' lang='lat'><strong>..</strong></span> <span class='ocrx_word' id='word_1_291' title='bbox 1052 1840 1201 1873; x_wconf 61' lang='lat' dir='ltr'><strong>propr„</strong></span> <span class='ocrx_word' id='word_1_292' title='bbox 1228 1829 1341 1863; x_wconf 87' lang='lat' dir='ltr'><strong>allein</strong></span> <span class='ocrx_word' id='word_1_293' title='bbox 1367 1830 1489 1863; x_wconf 88' lang='lat' dir='ltr'><strong>meine</strong></span> <span class='ocrx_word' id='word_1_294' title='bbox 1515 1829 1647 1864; x_wconf 86' lang='lat' dir='ltr'><strong>Sache.</strong></span> 
     </span>
     <span class='ocr_line' id='line_1_34' title="bbox 181 1875 1648 1927; baseline -0.009 -4"><span class='ocrx_word' id='word_1_295' title='bbox 181 1909 225 1914; x_wconf 96' lang='lat'><strong>—</strong></span> <span class='ocrx_word' id='word_1_296' title='bbox 258 1893 296 1922; x_wconf 76' lang='lat' dir='ltr'><strong>ul</strong></span> <span class='ocrx_word' id='word_1_297' title='bbox 321 1889 418 1922; x_wconf 79' lang='lat' dir='ltr'><strong>alar.</strong></span> <span class='ocrx_word' id='word_1_298' title='bbox 448 1887 602 1927; x_wconf 79' lang='lat' dir='ltr'><strong>Trcmsp.</strong></span> <span class='ocrx_word' id='word_1_299' title='bbox 635 1882 657 1916; x_wconf 89' lang='lat' dir='ltr'><strong>i.</strong></span> <span class='ocrx_word' id='word_1_300' title='bbox 685 1893 717 1914; x_wconf 90' lang='lat' dir='ltr'><strong>e.</strong></span> <span class='ocrx_word' id='word_1_301' title='bbox 751 1878 941 1922; x_wconf 74' lang='lat' dir='ltr'><strong>equitibus</strong></span> <span class='ocrx_word' id='word_1_302' title='bbox 972 1875 1185 1909; x_wconf 81' lang='lat' dir='ltr'><strong>auxiliariis</strong></span> <span class='ocrx_word' id='word_1_303' title='bbox 1218 1881 1318 1910; x_wconf 83' lang='lat' dir='ltr'><strong>trans</strong></span> <span class='ocrx_word' id='word_1_304' title='bbox 1348 1876 1491 1911; x_wconf 84' lang='lat' dir='ltr'><strong>Padum</strong></span> <span class='ocrx_word' id='word_1_305' title='bbox 1524 1876 1648 1920; x_wconf 81' lang='lat' dir='ltr'><strong>lectis,</strong></span> 
     </span>
    </p>
   </div>
   <div class='ocr_carea' id='block_1_8' title="bbox 173 1921 1647 2813">
    <p class='ocr_par' dir='ltr' id='par_1_9' title="bbox 173 1921 1647 2813">
     <span class='ocr_line' id='line_1_35' title="bbox 181 1921 1647 1970; baseline -0.011 0"><span class='ocrx_word' id='word_1_306' title='bbox 181 1941 222 1970; x_wconf 87' lang='lat' dir='ltr'><strong>ut</strong></span> <span class='ocrx_word' id='word_1_307' title='bbox 257 1941 387 1968; x_wconf 81' lang='lat' dir='ltr'><strong>contra</strong></span> <span class='ocrx_word' id='word_1_308' title='bbox 419 1932 582 1966; x_wconf 74' lang='lat' dir='ltr'><strong>Parthos</strong></span> <span class='ocrx_word' id='word_1_309' title='bbox 613 1928 868 1967; x_wconf 77' lang='lat' dir='ltr'><strong>mitterentur,</strong></span> <span class='ocrx_word' id='word_1_310' title='bbox 902 1924 956 1957; x_wconf 80' lang='lat' dir='ltr'><strong>uti</strong></span> <span class='ocrx_word' id='word_1_311' title='bbox 989 1933 1136 1965; x_wconf 54' lang='lat' dir='ltr'><strong>negor„</strong></span> <span class='ocrx_word' id='word_1_312' title='bbox 1175 1922 1258 1956; x_wconf 80' lang='lat' dir='ltr'><strong>dass</strong></span> <span class='ocrx_word' id='word_1_313' title='bbox 1290 1922 1350 1956; x_wconf 87' lang='lat' dir='ltr'><strong>ich</strong></span> <span class='ocrx_word' id='word_1_314' title='bbox 1382 1923 1452 1956; x_wconf 87' lang='lat' dir='ltr'><strong>mir</strong></span> <span class='ocrx_word' id='word_1_315' title='bbox 1477 1921 1538 1956; x_wconf 89' lang='lat' dir='ltr'><strong>die</strong></span> <span class='ocrx_word' id='word_1_316' title='bbox 1563 1933 1647 1956; x_wconf 92' lang='lat' dir='ltr'><strong>vom</strong></span> 
     </span>
     <span class='ocr_line' id='line_1_36' title="bbox 179 1967 1646 2024; baseline -0.01 -7"><span class='ocrx_word' id='word_1_317' title='bbox 179 1982 295 2017; x_wconf 81' lang='lat' dir='ltr'><strong>Senat</strong></span> <span class='ocrx_word' id='word_1_318' title='bbox 320 1980 577 2024; x_wconf 76' lang='lat' dir='ltr'><strong>angebotenen</strong></span> <span class='ocrx_word' id='word_1_319' title='bbox 603 1971 976 2018; x_wconf 79' lang='lat' dir='ltr'><strong>Transpadanischen</strong></span> <span class='ocrx_word' id='word_1_320' title='bbox 1001 1967 1282 2004; x_wconf 82' lang='lat' dir='ltr'><strong>Schwadronen</strong></span> <span class='ocrx_word' id='word_1_321' title='bbox 1306 1968 1479 2012; x_wconf 67' lang='lat' dir='ltr'><strong>gauzlich</strong></span> <span class='ocrx_word' id='word_1_322' title='bbox 1504 1969 1646 2003; x_wconf 82' lang='lat' dir='ltr'><strong>verbat.</strong></span> 
     </span>
     <span class='ocr_line' id='line_1_37' title="bbox 181 2014 1645 2063; baseline -0.01 0"><span class='ocrx_word' id='word_1_323' title='bbox 181 2048 224 2053; x_wconf 91' lang='lat'><em>-</em></span> <span class='ocrx_word' id='word_1_324' title='bbox 255 2028 295 2062; x_wconf 78' lang='lat' dir='ltr'><strong>id</strong></span> <span class='ocrx_word' id='word_1_325' title='bbox 320 2032 363 2061; x_wconf 81' lang='lat' dir='ltr'><strong>et.</strong></span> <span class='ocrx_word' id='word_1_326' title='bbox 395 2053 402 2060; x_wconf 93' lang='lat'><strong>.</strong></span> <span class='ocrx_word' id='word_1_327' title='bbox 420 2052 428 2060; x_wconf 87' lang='lat'><strong>.</strong></span> <span class='ocrx_word' id='word_1_328' title='bbox 455 2024 605 2063; x_wconf 69' lang='lat' dir='ltr'><strong>scribit,</strong></span> <span class='ocrx_word' id='word_1_329' title='bbox 638 2022 735 2063; x_wconf 80' lang='lat' dir='ltr'><strong>Das,</strong></span> <span class='ocrx_word' id='word_1_330' title='bbox 762 2018 929 2053; x_wconf 82' lang='lat' dir='ltr'><strong>schreibt</strong></span> <span class='ocrx_word' id='word_1_331' title='bbox 954 2028 1014 2059; x_wconf 89' lang='lat' dir='ltr'><strong>er,</strong></span> <span class='ocrx_word' id='word_1_332' title='bbox 1041 2016 1136 2048; x_wconf 86' lang='lat' dir='ltr'><strong>habe</strong></span> <span class='ocrx_word' id='word_1_333' title='bbox 1162 2025 1203 2047; x_wconf 87' lang='lat' dir='ltr'><strong>er</strong></span> <span class='ocrx_word' id='word_1_334' title='bbox 1228 2014 1310 2048; x_wconf 89' lang='lat' dir='ltr'><strong>dem</strong></span> <span class='ocrx_word' id='word_1_335' title='bbox 1336 2015 1462 2049; x_wconf 80' lang='lat' dir='ltr'><strong>Staate</strong></span> <span class='ocrx_word' id='word_1_336' title='bbox 1487 2020 1645 2060; x_wconf 88' lang='lat' dir='ltr'><strong>erspart.</strong></span> 
     </span>
     <span class='ocr_line' id='line_1_38' title="bbox 178 2060 1645 2117; baseline -0.012 -7"><span class='ocrx_word' id='word_1_337' title='bbox 178 2075 298 2111; x_wconf 78' lang='lat' dir='ltr'><strong>Diese</strong></span> <span class='ocrx_word' id='word_1_338' title='bbox 325 2073 502 2117; x_wconf 76' lang='lat' dir='ltr'><strong>Ausgabe</strong></span> <span class='ocrx_word' id='word_1_339' title='bbox 527 2068 698 2103; x_wconf 67' lang='lat' dir='ltr'><strong>namlich.</strong></span> <span class='ocrx_word' id='word_1_340' title='bbox 718 2087 761 2091; x_wconf 93' lang='lat'><strong>—</strong></span> <span class='ocrx_word' id='word_1_341' title='bbox 792 2064 978 2108; x_wconf 76' lang='lat' dir='ltr'><strong>frumenti.</strong></span> <span class='ocrx_word' id='word_1_342' title='bbox 1010 2062 1043 2096; x_wconf 87' lang='grc' dir='ltr'>Ε</span> <span class='ocrx_word' id='word_1_343' title='bbox 1068 2061 1135 2096; x_wconf 87' lang='lat' dir='ltr'><strong>cd.</strong></span> <span class='ocrx_word' id='word_1_344' title='bbox 1163 2060 1292 2094; x_wconf 82' lang='lat' dir='ltr'><strong>Ursini</strong></span> <span class='ocrx_word' id='word_1_345' title='bbox 1317 2061 1538 2104; x_wconf 53' lang='lat' dir='ltr'><strong>Mart-Lag.</strong></span> <span class='ocrx_word' id='word_1_346' title='bbox 1556 2061 1645 2096; x_wconf 64' lang='lat' dir='ltr'><strong>Seli.</strong></span> 
     </span>
     <span class='ocr_line' id='line_1_39' title="bbox 178 2107 1645 2166; baseline -0.011 -10"><span class='ocrx_word' id='word_1_347' title='bbox 178 2121 426 2166; x_wconf 81' lang='lat' dir='ltr'><strong>supplementi.</strong></span> <span class='ocrx_word' id='word_1_348' title='bbox 453 2118 528 2153; x_wconf 71' lang='lat' dir='ltr'><strong>Sed</strong></span> <span class='ocrx_word' id='word_1_349' title='bbox 543 2115 717 2157; x_wconf 75' lang='lat' dir='ltr'><strong>dixisset,</strong></span> <span class='ocrx_word' id='word_1_350' title='bbox 734 2113 883 2157; x_wconf 79' lang='lat' dir='ltr'><strong>opinor,</strong></span> <span class='ocrx_word' id='word_1_351' title='bbox 903 2121 1009 2155; x_wconf 75' lang='lat' dir='ltr'><strong>quum</strong></span> <span class='ocrx_word' id='word_1_352' title='bbox 1024 2108 1307 2152; x_wconf 76' lang='lat' dir='ltr'><strong>supplementmn</strong></span> <span class='ocrx_word' id='word_1_353' title='bbox 1321 2111 1416 2151; x_wconf 82' lang='lat' dir='ltr'><strong>post.</strong></span> <span class='ocrx_word' id='word_1_354' title='bbox 1447 2107 1645 2143; x_wconf 85' lang='lat' dir='ltr'><strong><em>ORELLI.</em></strong></span> 
     </span>
     <span class='ocr_line' id='line_1_40' title="bbox 180 2153 1646 2212; baseline -0.012 -10"><span class='ocrx_word' id='word_1_355' title='bbox 180 2188 223 2193; x_wconf 86' lang='lat'><strong>-—</strong></span> <span class='ocrx_word' id='word_1_356' title='bbox 254 2169 336 2212; x_wconf 76' lang='lat' dir='ltr'><strong>ipsa</strong></span> <span class='ocrx_word' id='word_1_357' title='bbox 360 2165 526 2199; x_wconf 77' lang='lat' dir='ltr'><strong>malenol.</strong></span> <span class='ocrx_word' id='word_1_358' title='bbox 561 2163 646 2197; x_wconf 76' lang='lat' dir='ltr'><strong>Seli.</strong></span> <span class='ocrx_word' id='word_1_359' title='bbox 681 2171 782 2204; x_wconf 75' lang='lat' dir='ltr'><strong>susp.</strong></span> <span class='ocrx_word' id='word_1_360' title='bbox 810 2160 849 2192; x_wconf 77' lang='lat' dir='ltr'><strong>in</strong></span> <span class='ocrx_word' id='word_1_361' title='bbox 874 2159 956 2202; x_wconf 78' lang='lat' dir='ltr'><strong>ipsa</strong></span> <span class='ocrx_word' id='word_1_362' title='bbox 979 2168 1026 2189; x_wconf 82' lang='lat' dir='ltr'><strong>m.</strong></span> <span class='ocrx_word' id='word_1_363' title='bbox 1068 2155 1187 2198; x_wconf 82' lang='lat' dir='ltr'><strong>„was</strong></span> <span class='ocrx_word' id='word_1_364' title='bbox 1214 2154 1304 2187; x_wconf 87' lang='lat' dir='ltr'><strong>aber</strong></span> <span class='ocrx_word' id='word_1_365' title='bbox 1330 2154 1536 2197; x_wconf 73' lang='lat' dir='ltr'><strong>unlaugbar</strong></span> <span class='ocrx_word' id='word_1_366' title='bbox 1561 2153 1646 2187; x_wconf 84' lang='lat' dir='ltr'><strong>eine</strong></span> 
     </span>
     <span class='ocr_line' id='line_1_41' title="bbox 179 2199 1646 2249; baseline -0.012 0"><span class='ocrx_word' id='word_1_367' title='bbox 179 2215 306 2249; x_wconf 73' lang='lat' dir='ltr'><strong>kleine</strong></span> <span class='ocrx_word' id='word_1_368' title='bbox 343 2224 415 2246; x_wconf 80' lang='lat' dir='ltr'><strong>von</strong></span> <span class='ocrx_word' id='word_1_369' title='bbox 457 2209 674 2244; x_wconf 74' lang='lat' dir='ltr'><strong>sichtlicher</strong></span> <span class='ocrx_word' id='word_1_370' title='bbox 707 2207 913 2249; x_wconf 67' lang='lat' dir='ltr'><strong>Missgunst</strong></span> <span class='ocrx_word' id='word_1_371' title='bbox 950 2203 1212 2246; x_wconf 78' lang='lat' dir='ltr'><strong>abgemagerte</strong></span> <span class='ocrx_word' id='word_1_372' title='bbox 1251 2199 1325 2232; x_wconf 87' lang='lat' dir='ltr'><strong>und</strong></span> <span class='ocrx_word' id='word_1_373' title='bbox 1366 2209 1646 2243; x_wconf 80' lang='lat' dir='ltr'><strong>zusammenge-</strong></span> 
     </span>
     <span class='ocr_line' id='line_1_42' title="bbox 179 2246 1644 2305; baseline -0.012 -9"><span class='ocrx_word' id='word_1_374' title='bbox 179 2260 407 2305; x_wconf 72' lang='lat' dir='ltr'><strong>schrumpfte</strong></span> <span class='ocrx_word' id='word_1_375' title='bbox 442 2257 554 2291; x_wconf 80' lang='lat' dir='ltr'><strong>Seele</strong></span> <span class='ocrx_word' id='word_1_376' title='bbox 590 2254 759 2295; x_wconf 70' lang='lat' dir='ltr'><strong>verriith,</strong></span> <span class='ocrx_word' id='word_1_377' title='bbox 806 2252 855 2286; x_wconf 85' lang='lat' dir='ltr'><strong>ist</strong></span> <span class='ocrx_word' id='word_1_378' title='bbox 886 2250 985 2284; x_wconf 80' lang='lat' dir='ltr'><strong>diess</strong></span> <span class='ocrx_word' id='word_1_379' title='bbox 1023 2259 1057 2281; x_wconf 86' lang='lat' dir='ltr'><strong>u.</strong></span> <span class='ocrx_word' id='word_1_380' title='bbox 1078 2257 1107 2280; x_wconf 84' lang='grc'><strong>5.</strong></span> <span class='ocrx_word' id='word_1_381' title='bbox 1134 2248 1202 2280; x_wconf 81' lang='lat' dir='ltr'><strong>W.&#39;&#39;</strong></span> <span class='ocrx_word' id='word_1_382' title='bbox 1240 2246 1391 2279; x_wconf 80' lang='lat' dir='ltr'><strong><em>WIEL.</em></strong></span> <span class='ocrx_word' id='word_1_383' title='bbox 1459 2247 1644 2289; x_wconf 81' lang='lat' dir='ltr'><strong>Dagegen</strong></span> 
     </span>
     <span class='ocr_line' id='line_1_43' title="bbox 178 2292 1643 2348; baseline -0.013 -6"><span class='ocrx_word' id='word_1_384' title='bbox 178 2308 334 2343; x_wconf 68' lang='lat' dir='ltr'><strong>Senum:</strong></span> <span class='ocrx_word' id='word_1_385' title='bbox 370 2306 477 2348; x_wconf 68' lang='lat' dir='ltr'><strong>„Das</strong></span> <span class='ocrx_word' id='word_1_386' title='bbox 502 2304 592 2336; x_wconf 89' lang='lat' dir='ltr'><strong>aber</strong></span> <span class='ocrx_word' id='word_1_387' title='bbox 617 2300 767 2334; x_wconf 73' lang='lat' dir='ltr'><strong>verriith</strong></span> <span class='ocrx_word' id='word_1_388' title='bbox 793 2299 876 2332; x_wconf 84' lang='lat' dir='ltr'><strong>eine</strong></span> <span class='ocrx_word' id='word_1_389' title='bbox 900 2296 1027 2330; x_wconf 83' lang='lat' dir='ltr'><strong>kleine</strong></span> <span class='ocrx_word' id='word_1_390' title='bbox 1046 2293 1156 2328; x_wconf 82' lang='lat' dir='ltr'><strong>Seele</strong></span> <span class='ocrx_word' id='word_1_391' title='bbox 1181 2303 1217 2325; x_wconf 88' lang='lat' dir='ltr'><strong>u.</strong></span> <span class='ocrx_word' id='word_1_392' title='bbox 1235 2292 1354 2326; x_wconf 84' lang='lat' dir='ltr'><strong>selbst</strong></span> <span class='ocrx_word' id='word_1_393' title='bbox 1379 2292 1441 2326; x_wconf 91' lang='lat' dir='ltr'><strong>bei</strong></span> <span class='ocrx_word' id='word_1_394' title='bbox 1467 2292 1534 2326; x_wconf 86' lang='lat' dir='ltr'><strong>der</strong></span> <span class='ocrx_word' id='word_1_395' title='bbox 1547 2292 1643 2326; x_wconf 77' lang='lat' dir='ltr'><strong>Bos-</strong></span> 
     </span>
     <span class='ocr_line' id='line_1_44' title="bbox 177 2338 1641 2397; baseline -0.013 -8"><span class='ocrx_word' id='word_1_396' title='bbox 177 2352 390 2397; x_wconf 81' lang='lat' dir='ltr'><strong>herzigkeit</strong></span> <span class='ocrx_word' id='word_1_397' title='bbox 414 2351 497 2385; x_wconf 75' lang='lat' dir='ltr'><strong>eine</strong></span> <span class='ocrx_word' id='word_1_398' title='bbox 524 2347 723 2390; x_wconf 79' lang='lat' dir='ltr'><strong>armselige</strong></span> <span class='ocrx_word' id='word_1_399' title='bbox 750 2357 783 2379; x_wconf 84' lang='lat' dir='ltr'><strong>u.</strong></span> <span class='ocrx_word' id='word_1_400' title='bbox 812 2343 1004 2388; x_wconf 57' lang='lat' dir='ltr'><strong>liippische</strong></span> <span class='ocrx_word' id='word_1_401' title='bbox 1028 2339 1236 2373; x_wconf 82' lang='lat' dir='ltr'><strong>Denkart.⁷&#39;</strong></span> <span class='ocrx_word' id='word_1_402' title='bbox 1274 2338 1432 2373; x_wconf 85' lang='lat' dir='ltr'><strong>Sensus:</strong></span> <span class='ocrx_word' id='word_1_403' title='bbox 1463 2339 1641 2372; x_wconf 88' lang='lat' dir='ltr'><strong>Bibulum</strong></span> 
     </span>
     <span class='ocr_line' id='line_1_45' title="bbox 179 2384 1641 2445; baseline -0.012 -10"><span class='ocrx_word' id='word_1_404' title='bbox 179 2413 224 2435; x_wconf 88' lang='lat' dir='ltr'><strong>ne</strong></span> <span class='ocrx_word' id='word_1_405' title='bbox 252 2401 368 2445; x_wconf 82' lang='lat' dir='ltr'><strong>ipsam</strong></span> <span class='ocrx_word' id='word_1_406' title='bbox 400 2397 550 2441; x_wconf 84' lang='lat' dir='ltr'><strong>quidem</strong></span> <span class='ocrx_word' id='word_1_407' title='bbox 583 2391 881 2427; x_wconf 78' lang='lat' dir='ltr'><strong>malevolentiam</strong></span> <span class='ocrx_word' id='word_1_408' title='bbox 915 2399 1015 2423; x_wconf 86' lang='lat' dir='ltr'><strong>suam</strong></span> <span class='ocrx_word' id='word_1_409' title='bbox 1046 2396 1174 2429; x_wconf 79' lang='lat' dir='ltr'><strong>magna</strong></span> <span class='ocrx_word' id='word_1_410' title='bbox 1211 2385 1366 2428; x_wconf 83' lang='lat' dir='ltr'><strong>quadam</strong></span> <span class='ocrx_word' id='word_1_411' title='bbox 1393 2390 1430 2419; x_wconf 86' lang='lat' dir='ltr'><strong>et</strong></span> <span class='ocrx_word' id='word_1_412' title='bbox 1452 2385 1558 2429; x_wconf 83' lang='lat' dir='ltr'><strong>gravi</strong></span> <span class='ocrx_word' id='word_1_413' title='bbox 1584 2384 1641 2417; x_wconf 84' lang='lat' dir='ltr'><strong>of-</strong></span> 
     </span>
     <span class='ocr_line' id='line_1_46' title="bbox 177 2429 1640 2482; baseline -0.014 0"><span class='ocrx_word' id='word_1_414' title='bbox 177 2448 346 2482; x_wconf 83' lang='lat' dir='ltr'><strong>sensione</strong></span> <span class='ocrx_word' id='word_1_415' title='bbox 372 2443 590 2481; x_wconf 69' lang='lat' dir='ltr'><strong>ostendere,</strong></span> <span class='ocrx_word' id='word_1_416' title='bbox 624 2440 689 2473; x_wconf 79' lang='lat' dir='ltr'><strong>sed</strong></span> <span class='ocrx_word' id='word_1_417' title='bbox 722 2439 758 2472; x_wconf 84' lang='lat' dir='ltr'><strong>in</strong></span> <span class='ocrx_word' id='word_1_418' title='bbox 785 2449 828 2471; x_wconf 81' lang='lat' dir='ltr'><strong>ea</strong></span> <span class='ocrx_word' id='word_1_419' title='bbox 853 2445 1028 2470; x_wconf 75' lang='lat' dir='ltr'><strong>summam</strong></span> <span class='ocrx_word' id='word_1_420' title='bbox 1054 2431 1167 2465; x_wconf 80' lang='lat' dir='ltr'><strong>animi</strong></span> <span class='ocrx_word' id='word_1_421' title='bbox 1197 2431 1385 2465; x_wconf 78' lang='lat' dir='ltr'><strong>levitatem</strong></span> <span class='ocrx_word' id='word_1_422' title='bbox 1416 2437 1454 2465; x_wconf 84' lang='lat' dir='ltr'><strong>et</strong></span> <span class='ocrx_word' id='word_1_423' title='bbox 1485 2429 1640 2465; x_wconf 83' lang='lat' dir='ltr'><strong>futilita-</strong></span> 
     </span>
     <span class='ocr_line' id='line_1_47' title="bbox 177 2479 1640 2538; baseline -0.013 -10"><span class='ocrx_word' id='word_1_424' title='bbox 177 2501 249 2527; x_wconf 76' lang='lat' dir='ltr'><strong>rem</strong></span> <span class='ocrx_word' id='word_1_425' title='bbox 274 2491 447 2538; x_wconf 83' lang='lat' dir='ltr'><strong>prodere.</strong></span> <span class='ocrx_word' id='word_1_426' title='bbox 467 2509 506 2514; x_wconf 91' lang='lat'>—</span> <span class='ocrx_word' id='word_1_427' title='bbox 533 2487 629 2532; x_wconf 78' lang='lat' dir='ltr'><strong>quiec.</strong></span> <span class='ocrx_word' id='word_1_428' title='bbox 656 2485 783 2519; x_wconf 84' lang='lat' dir='ltr'><strong>Lamb.</strong></span> <span class='ocrx_word' id='word_1_429' title='bbox 811 2483 897 2527; x_wconf 82' lang='lat' dir='ltr'><strong>quia</strong></span> <span class='ocrx_word' id='word_1_430' title='bbox 921 2492 1012 2521; x_wconf 77' lang='lat' dir='ltr'><strong>cum,</strong></span> <span class='ocrx_word' id='word_1_431' title='bbox 1041 2479 1176 2513; x_wconf 76' lang='lat' dir='ltr'><strong>Graev.</strong></span> <span class='ocrx_word' id='word_1_432' title='bbox 1196 2489 1307 2522; x_wconf 77' lang='lat' dir='ltr'><strong>quem.</strong></span> <span class='ocrx_word' id='word_1_433' title='bbox 1323 2497 1366 2502; x_wconf 85' lang='lat'><strong>——</strong></span> <span class='ocrx_word' id='word_1_434' title='bbox 1392 2488 1518 2519; x_wconf 78' lang='lat' dir='ltr'><strong>regem</strong></span> <span class='ocrx_word' id='word_1_435' title='bbox 1541 2488 1640 2520; x_wconf 61' lang='lat' dir='ltr'><strong>app„</strong></span> 
     </span>
     <span class='ocr_line' id='line_1_48' title="bbox 175 2523 1640 2584; baseline -0.013 -10"><span class='ocrx_word' id='word_1_436' title='bbox 175 2553 202 2575; x_wconf 84' lang='lat' dir='ltr'><strong>s.</strong></span> <span class='ocrx_word' id='word_1_437' title='bbox 219 2538 463 2584; x_wconf 70' lang='lat' dir='ltr'><strong>ep.C·s;X1X‚</strong></span> <span class='ocrx_word' id='word_1_438' title='bbox 478 2536 511 2570; x_wconf 75' lang='lat'><strong>4.</strong></span> <span class='ocrx_word' id='word_1_439' title='bbox 527 2536 560 2569; x_wconf 73' lang='grc'><strong>8.</strong></span> <span class='ocrx_word' id='word_1_440' title='bbox 589 2531 839 2573; x_wconf 73' lang='lat' dir='ltr'><strong>CCXXVHI,</strong></span> <span class='ocrx_word' id='word_1_441' title='bbox 854 2531 886 2562; x_wconf 81' lang='grc'><strong>6.</strong></span> <span class='ocrx_word' id='word_1_442' title='bbox 916 2525 1206 2568; x_wconf 69' lang='lat' dir='ltr'><strong>CCXXXVIH,</strong></span> <span class='ocrx_word' id='word_1_443' title='bbox 1224 2526 1256 2559; x_wconf 83' lang='lat'><strong>6.</strong></span> <span class='ocrx_word' id='word_1_444' title='bbox 1270 2543 1312 2548; x_wconf 94' lang='lat'><strong>——</strong></span> <span class='ocrx_word' id='word_1_445' title='bbox 1338 2523 1608 2558; x_wconf 76' lang='lat' dir='ltr'><strong>Ariobarzanis</strong></span> <span class='ocrx_word' id='word_1_446' title='bbox 1622 2523 1640 2556; x_wconf 87' lang='grc' dir='ltr'>Ι</span> 
     </span>
     <span class='ocr_line' id='line_1_49' title="bbox 173 2569 1640 2630; baseline -0.013 -9"><span class='ocrx_word' id='word_1_447' title='bbox 173 2587 310 2630; x_wconf 71' lang='grc' dir='ltr'><strong>Ῑὶῖίῑιηις</strong></span> <span class='ocrx_word' id='word_1_448' title='bbox 344 2585 449 2618; x_wconf 85' lang='lat' dir='ltr'><strong>iener</strong></span> <span class='ocrx_word' id='word_1_449' title='bbox 475 2582 535 2615; x_wconf 83' lang='lat' dir='ltr'><strong>ein</strong></span> <span class='ocrx_word' id='word_1_450' title='bbox 553 2578 747 2622; x_wconf 68' lang='lat' dir='ltr'><strong>Geschopf</strong></span> <span class='ocrx_word' id='word_1_451' title='bbox 769 2577 834 2610; x_wconf 72' lang='lat' dir='ltr'><strong>des</strong></span> <span class='ocrx_word' id='word_1_452' title='bbox 849 2573 1074 2618; x_wconf 70' lang='lat' dir='ltr'><strong>Pompeius,</strong></span> <span class='ocrx_word' id='word_1_453' title='bbox 1102 2582 1176 2610; x_wconf 57' lang='lat' dir='ltr'><strong>,von</strong></span> <span class='ocrx_word' id='word_1_454' title='bbox 1201 2571 1385 2604; x_wconf 64' lang='lat' dir='ltr'><strong>wrlchem</strong></span> <span class='ocrx_word' id='word_1_455' title='bbox 1409 2581 1451 2604; x_wconf 87' lang='lat' dir='ltr'><strong>er</strong></span> <span class='ocrx_word' id='word_1_456' title='bbox 1475 2570 1544 2602; x_wconf 87' lang='lat' dir='ltr'><strong>den</strong></span> <span class='ocrx_word' id='word_1_457' title='bbox 1561 2569 1640 2603; x_wconf 70' lang='lat' dir='ltr'><strong>Ko-</strong></span> 
     </span>
     <span class='ocr_line' id='line_1_50' title="bbox 175 2615 1636 2677; baseline -0.013 -9"><span class='ocrx_word' id='word_1_458' title='bbox 175 2631 343 2677; x_wconf 79' lang='lat' dir='ltr'><strong>nigstitel</strong></span> <span class='ocrx_word' id='word_1_459' title='bbox 369 2631 502 2664; x_wconf 74' lang='lat' dir='ltr'><strong>theuer</strong></span> <span class='ocrx_word' id='word_1_460' title='bbox 527 2638 651 2672; x_wconf 77' lang='lat' dir='ltr'><strong>genug</strong></span> <span class='ocrx_word' id='word_1_461' title='bbox 675 2623 823 2658; x_wconf 50' lang='lat' dir='ltr'><strong>err-aust</strong></span> <span class='ocrx_word' id='word_1_462' title='bbox 847 2623 959 2655; x_wconf 81' lang='lat' dir='ltr'><strong>hatte.</strong></span> <span class='ocrx_word' id='word_1_463' title='bbox 987 2618 1024 2653; x_wconf 85' lang='lat' dir='ltr'><strong>S.</strong></span> <span class='ocrx_word' id='word_1_464' title='bbox 1042 2629 1089 2652; x_wconf 85' lang='lat' dir='ltr'><strong>zu</strong></span> <span class='ocrx_word' id='word_1_465' title='bbox 1108 2629 1166 2662; x_wconf 86' lang='lat' dir='ltr'><strong>ep.</strong></span> <span class='ocrx_word' id='word_1_466' title='bbox 1186 2617 1360 2659; x_wconf 84' lang='lat' dir='ltr'><strong>CCXIX,</strong></span> <span class='ocrx_word' id='word_1_467' title='bbox 1375 2618 1407 2651; x_wconf 83' lang='lat'><strong>6.</strong></span> <span class='ocrx_word' id='word_1_468' title='bbox 1437 2615 1586 2657; x_wconf 84' lang='lat' dir='ltr'><strong>CCLII,</strong></span> <span class='ocrx_word' id='word_1_469' title='bbox 1602 2617 1636 2649; x_wconf 91' lang='lat'><strong>3.</strong></span> 
     </span>
     <span class='ocr_line' id='line_1_51' title="bbox 174 2664 1640 2720; baseline -0.013 -7"><span class='ocrx_word' id='word_1_470' title='bbox 174 2699 218 2704; x_wconf 95' lang='lat'><strong>—</strong></span> <span class='ocrx_word' id='word_1_471' title='bbox 251 2679 361 2712; x_wconf 83' lang='lat' dir='ltr'><strong>deter.</strong></span> <span class='ocrx_word' id='word_1_472' title='bbox 395 2678 420 2720; x_wconf 72' lang='lat' dir='ltr'><strong>f.</strong></span> <span class='ocrx_word' id='word_1_473' title='bbox 448 2674 608 2718; x_wconf 57' lang='lat' dir='ltr'><strong>rogati„</strong></span> <span class='ocrx_word' id='word_1_474' title='bbox 639 2671 791 2706; x_wconf 84' lang='lat' dir='ltr'><strong>werden</strong></span> <span class='ocrx_word' id='word_1_475' title='bbox 828 2679 898 2701; x_wconf 82' lang='lat' dir='ltr'><strong>nur</strong></span> <span class='ocrx_word' id='word_1_476' title='bbox 934 2666 1030 2699; x_wconf 86' lang='lat' dir='ltr'><strong>noch</strong></span> <span class='ocrx_word' id='word_1_477' title='bbox 1055 2664 1386 2707; x_wconf 78' lang='lat' dir='ltr'><strong>ungesehlachter,</strong></span> <span class='ocrx_word' id='word_1_478' title='bbox 1421 2672 1530 2695; x_wconf 84' lang='lat' dir='ltr'><strong>wenn</strong></span> <span class='ocrx_word' id='word_1_479' title='bbox 1557 2672 1640 2695; x_wconf 85' lang='lat' dir='ltr'><strong>man</strong></span> 
     </span>
     <span class='ocr_line' id='line_1_52' title="bbox 174 2707 1642 2768; baseline -0.012 -9"><span class='ocrx_word' id='word_1_480' title='bbox 174 2726 284 2759; x_wconf 89' lang='lat' dir='ltr'><strong>ihnen</strong></span> <span class='ocrx_word' id='word_1_481' title='bbox 311 2731 399 2768; x_wconf 78' lang='lat' dir='ltr'><strong>gnte</strong></span> <span class='ocrx_word' id='word_1_482' title='bbox 426 2724 558 2756; x_wconf 68' lang='lat' dir='ltr'><strong>worte</strong></span> <span class='ocrx_word' id='word_1_483' title='bbox 583 2720 674 2764; x_wconf 79' lang='lat' dir='ltr'><strong>gibt.</strong></span> <span class='ocrx_word' id='word_1_484' title='bbox 724 2717 801 2750; x_wconf 81' lang='lat' dir='ltr'><strong>Pro</strong></span> <span class='ocrx_word' id='word_1_485' title='bbox 828 2712 1015 2748; x_wconf 80' lang='lat' dir='ltr'><strong>versiculo</strong></span> <span class='ocrx_word' id='word_1_486' title='bbox 1044 2711 1169 2744; x_wconf 76' lang='lat' dir='ltr'><strong>nescio</strong></span> <span class='ocrx_word' id='word_1_487' title='bbox 1202 2709 1306 2743; x_wconf 82' lang='lat' dir='ltr'><strong>cuius</strong></span> <span class='ocrx_word' id='word_1_488' title='bbox 1332 2707 1479 2752; x_wconf 79' lang='lat' dir='ltr'><strong>generis</strong></span> <span class='ocrx_word' id='word_1_489' title='bbox 1505 2707 1642 2741; x_wconf 77' lang='lat' dir='ltr'><strong>habent</strong></span> 
     </span>
     <span class='ocr_line' id='line_1_53' title="bbox 175 2753 1639 2813; baseline -0.012 -8"><span class='ocrx_word' id='word_1_490' title='bbox 175 2773 263 2805; x_wconf 76' lang='lat' dir='ltr'><strong>haec</strong></span> <span class='ocrx_word' id='word_1_491' title='bbox 289 2771 377 2804; x_wconf 86' lang='lat' dir='ltr'><strong>Ern.</strong></span> <span class='ocrx_word' id='word_1_492' title='bbox 405 2768 518 2813; x_wconf 72' lang='lat' dir='ltr'><strong>Seqq.</strong></span> <span class='ocrx_word' id='word_1_493' title='bbox 554 2766 631 2801; x_wconf 82' lang='lat' dir='ltr'><strong>Sed</strong></span> <span class='ocrx_word' id='word_1_494' title='bbox 667 2765 703 2799; x_wconf 90' lang='lat' dir='ltr'><strong>in</strong></span> <span class='ocrx_word' id='word_1_495' title='bbox 736 2772 867 2798; x_wconf 81' lang='lat' dir='ltr'><strong>severa</strong></span> <span class='ocrx_word' id='word_1_496' title='bbox 898 2761 966 2794; x_wconf 80' lang='lat' dir='ltr'><strong>hac</strong></span> <span class='ocrx_word' id='word_1_497' title='bbox 992 2757 1152 2803; x_wconf 78' lang='lat' dir='ltr'><strong>epistola</strong></span> <span class='ocrx_word' id='word_1_498' title='bbox 1176 2757 1301 2790; x_wconf 83' lang='lat' dir='ltr'><strong>nullus</strong></span> <span class='ocrx_word' id='word_1_499' title='bbox 1327 2753 1496 2789; x_wconf 81' lang='lat' dir='ltr'><strong>versibus</strong></span> <span class='ocrx_word' id='word_1_500' title='bbox 1523 2754 1639 2788; x_wconf 77' lang='lat' dir='ltr'><strong>locus.</strong></span> 
     </span>
    </p>
   </div>
   <div class='ocr_carea' id='block_1_9' title="bbox 1738 0 1795 2468">
    <p class='ocr_par' dir='ltr' id='par_1_10' title="bbox 1738 0 1795 2468">
     <span class='ocr_line' id='line_1_54' title="bbox 1738 0 1795 2468; baseline 0 0"><span class='ocrx_word' id='word_1_501' title='bbox 1738 0 1795 2468; x_wconf 95' lang='lat' dir='ltr'><strong> </strong></span> 
     </span>
    </p>
   </div>
  </div>
 </body>
</html>
