1795 3043
344 76 661 125 EPISTOLA
696 76 982 123 cccxxix.
1053 73 1313 121 CCCXXX.
1469 78 1568 125 391

100 166 222 234 mihis
250 192 412 239 obfuit,
443 190 554 231 nihil
583 191 786 230 mutasse:
831 199 911 229 nec
941 188 1127 242 tegentia
1157 186 1263 235 hoc,
1295 184 1407 238 quod
1436 197 1566 237 quum

97 262 196 279 ⁸⁰·-
226 251 396 289 sortiler
425 251 466 288 et
494 247 743 299 diligenter,
772 247 860 286 tum
890 245 1016 286 eliam
1045 246 1235 286 hercule.
1293 243 1420 285 Modo
1451 242 1563 284 enim

95 306 238 348 audivi
278 302 525 357 quartanam
563 318 586 343 a
626 306 668 343 le
707 302 962 344 discessisse.
1020 301 1200 353 Moriar,
1238 300 1274 341 si
1301 300 1435 354 magis
1463 313 1560 353 gau-

95 365 263 414 dex-em,
293 364 327 403 si
352 362 395 403 id
424 361 527 402 mihi
560 359 794 400 accidisset.
855 359 993 399 Piliae
1023 358 1107 405 dic,
1143 371 1227 398 non
1258 370 1348 398 esse
1377 370 1559 408 aequum

96 434 189 461 eam
222 420 382 461 diutius
413 417 570 460 habere
608 429 686 458 nec
723 416 766 457 id
798 428 887 456 esse
916 417 1083 457 vestrae
1113 415 1380 457 concordiae.
1439 414 1558 455 Tiro-

96 491 194 518 nem
234 482 426 518 nostrum
463 475 516 516 ab
551 476 686 515 altera
721 473 920 514 relictum
967 471 1108 514 audio.
1180 472 1263 513 Sed
1302 485 1395 512 eum
1432 471 1557 513 video

94 536 139 575 in
163 536 374 586 sumptum
396 533 447 574 ab
464 532 559 573 aliis
576 532 827 572 mutuatum.
885 530 974 582 Ego
996 531 1136 570 autem
1155 529 1329 570 Curium
1351 530 1556 576 nostrum,

95 593 130 633 si
170 591 272 642 quid
314 603 418 642 opus
458 591 590 636 esset,
639 599 848 640 rogaram.
906 587 1021 628 Malo
1051 587 1221 629 Tironis
1259 586 1557 628 verecundiam

95 650 140 689 in
171 649 297 701 culpa
329 660 419 688 esse
449 658 574 698 quam
603 645 937 686 illiberalitatem
967 643 1097 685 Curii.

259 806 572 853 EPJSTOLA
614 806 876 853 cccxxx.
923 805 1005 865 (ad
1038 806 1130 852 Λα.
1168 805 1297 852 vm.
1335 806 1406 862 7.)

185 885 265 920 Ser.
291 884 328 918 in
346 882 547 918 Formiano
573 882 661 918 vn.
680 883 763 918 Kal.
789 884 900 918 Mart.
928 883 971 916 A.
997 882 1042 917 U.
1070 883 1112 918 C.
1140 883 1218 917 705.
1252 884 1301 925 (a.
1327 882 1368 916 C.
1394 881 1466 923 49.)

98 954 285 996 Vei-etur,
330 963 375 986 ne
407 951 611 996 Pompeius
649 951 851 986 Domitium
886 951 1036 986 deserat
1065 951 1221 995 eiusque
1255 949 1488 985 timiditatem
1520 954 1559 983 et

560 998 733 1032 inertiam
758 999 940 1044 deplorat.
971 999 1087 1033 1-3,

587 1066 776 1101 CICERO
810 1065 996 1101 ATTICO
1023 1065 1062 1101 S.

205 1125 346 1167 Unum
376 1125 502 1166 etiam
530 1127 661 1165 restat
690 1125 826 1166 amico
855 1126 999 1166 nostro
1029 1123 1081 1166 ad
1110 1136 1232 1165 omne
1261 1123 1468 1171 dedecus,
1510 1124 1558 1163 ut

95 1183 279 1224 Domitio
316 1196 401 1224 non
438 1182 672 1223 subveniat.
733 1181 791 1230 At
825 1195 950 1223 nemo
989 1181 1175 1232 dubitat,
1227 1182 1330 1234 quin
1370 1180 1558 1222 subsidio

94 1243 295 1281 venturus
335 1241 404 1282 sit.
462 1240 552 1293 Ego
593 1252 676 1280 non
715 1240 831 1291 puto.
888 1239 1066 1279 Deseret
1093 1239 1226 1292 igilur
1261 1240 1388 1278 talem
1419 1238 1558 1279 civem

96 1300 139 1338 et
175 1310 268 1343 eos,
318 1309 424 1348 quos
466 1310 551 1336 una
590 1297 675 1336 scis
714 1308 826 1344 esse,
878 1308 1009 1348 quum
1050 1296 1206 1336 habeat
1234 1296 1484 1348 praesertim
1514 1296 1559 1334 et

96 1355 187 1405 ipse
219 1355 414 1394 cohorsses
432 1351 557 1394 xxx?
600 1352 693 1393 Nisi
721 1365 789 1393 me
816 1353 958 1393 omnia
978 1354 1154 1405 fallunt,
1184 1352 1362 1394 deseret.
1419 1353 1562 1393 Incre-

113 875 142 890 l,

97 1450 279 1486 Domitio.
314 1449 422 1484 SCH.
464 1448 598 1483 Cicero
625 1449 764 1484 bildete
789 1449 868 1484 sich
893 1451 952 1484 fiir
975 1450 1046 1484 den
1071 1451 1310 1495 Augenblick
1336 1450 1416 1494 ein,
1449 1451 1562 1485 Pom-
1602 1452 1604 1454 ’

99 1498 204 1542 peius
230 1497 359 1531 wurde
385 1495 464 1529 sich
489 1495 572 1528 dem
598 1496 712 1530 casar
749 1497 867 1530 selbst
901 1497 938 1530 in
962 1497 1098 1531 Italien
1129 1497 1452 1541 entgegenstellen
1487 1497 1561 1531 und

99 1544 216 1577 durch
250 1542 353 1576 seine
386 1541 574 1584 Ankunft,
624 1541 741 1576 durch
779 1542 909 1576 seinen
942 1543 1092 1577 blossen
1129 1545 1271 1579 Namen
1312 1544 1562 1587 allgemeinen

99 1589 312 1625 Schrecken
345 1594 454 1622 unter
483 1587 553 1621 den
586 1588 829 1622 casarianern
860 1590 1124 1623 verursachen.
1174 1589 1213 1625 S.
1247 1602 1304 1636 ep.
1327 1592 1415 1634 331,
1448 1591 1482 1624 2.
1516 1608 1562 1616 -—

97 1647 203 1681 ,spero
229 1661 236 1669 .
258 1661 265 1669 .
285 1661 293 1669 .
319 1633 476 1669 hercule.
518 1634 640 1668 Locus
665 1645 815 1668 mancus
841 1645 882 1668 ac
906 1635 1018 1670 foede
1042 1644 1255 1681 corruptus.
1306 1635 1396 1672 Sine
1426 1637 1561 1671 melio-

99 1683 201 1717 ribus
216 1681 324 1716 libris
340 1681 443 1714 nullo
458 1680 568 1714 modo
589 1682 710 1715 sanari
726 1687 862 1726 potest.
887 1682 960 1717 ΟΕ.
996 1682 1203 1718 Vielleicht
1224 1684 1271 1718 ist
1288 1689 1375 1718 statt
1400 1683 1562 1726 tegentia

98 1740 145 1763 zu
170 1729 273 1763 lesen
299 1732 422 1769 tegere
442 1727 565 1772 turpia
582 1727 647 1761 hoc
674 1728 745 1762 und
763 1727 935 1763 Herculis
951 1730 1057 1763 modo
1071 1731 1268 1774 pugnavit.
1300 1730 1460 1770 Audivi,
1489 1731 1561 1765 und

64 1813 74 1819 „
99 1775 203 1809 diese
228 1774 348 1810 Stelle
381 1784 423 1807 so
457 1783 502 1807 zu
529 1774 720 1808 erklaren:
763 1775 855 1808 auch
880 1776 981 1809 hoffe
1005 1776 1086 1819 ich,
1118 1776 1203 1810 dass
1229 1788 1288 1818 er,
1322 1777 1410 1810 weil
1438 1787 1479 1810 er
1504 1777 1563 1811 bis

100 1822 191 1856 ietzt
216 1832 286 1855 uns
311 1820 394 1863 (der
418 1819 546 1854 Partei
571 1820 638 1854 der
666 1820 899 1864 Optimaten‚
935 1822 1002 1856 der
1027 1822 1147 1857 Sache
1173 1823 1241 1857 der
1267 1823 1476 1868 Republik)
1501 1824 1563 1857 nie

100 1876 284 1911 entgegen
315 1877 415 1908 war,
460 1865 573 1900 keine
602 1866 741 1900 andere
766 1868 1031 1911 Gesinnungen
1061 1880 1326 1913 angenommen
1360 1869 1454 1903 habe
1491 1870 1562 1903 und

102 1915 187 1948 dass
221 1924 262 1947 er
293 1913 416 1947 hinter
445 1912 529 1946 dem
552 1913 711 1946 Bel'ehle
742 1913 839 1956 (hocz
873 1914 1048 1949 nimirum
1079 1927 1200 1949 omnes
1231 1916 1356 1960 copias
1385 1916 1424 1949 in
1455 1928 1564 1950 unum

101 1963 219 1994 locum
245 1959 369 2003 primo
401 1969 537 2003 quoque
571 1962 729 2002 tempore
760 1961 964 2004 convenire)
1009 1962 1111 1996 nicht
1146 1962 1207 1997 die
1233 1963 1385 1997 ehrlose
1410 1963 1567 1997 Absicht

105 2007 306 2049 »erberge‚
341 2016 408 2039 uns
432 2005 480 2039 im
508 2004 612 2039 Stich
638 2016 683 2039 zu
709 2005 830 2041 lassen
856 2008 927 2041 und
954 2018 1000 2042 zu
1024 2008 1184 2053 fiiehen,
1224 2009 1312 2043 weil
1338 2020 1380 2042 er
1405 2010 1566 2044 vormals

103 2052 248 2087 sowohl
282 2051 402 2096 tapfer
434 2051 506 2084 und
538 2052 751 2094 behutsam,
802 2053 856 2087 als
888 2054 1158 2089 insbesondere
1192 2055 1259 2088 mit
1293 2055 1565 2091 Herkulischer

103 2098 299 2135 Ausdauer
331 2098 527 2142 gefochten
564 2099 634 2132 hat.
676 2099 762 2141 vgl.
802 2099 874 2133 den
906 2101 996 2145 l'olg.
1022 2101 1139 2135 Brief.
1173 2103 1201 2144 §.
1225 2102 1259 2136 2.
1286 2112 1323 2135 u.
1347 2103 1436 2143 331,
1462 2103 1495 2136 2.
1521 2122 1566 2128 —

104 2149 332 2189 quartanam.
374 2143 412 2178 S.
446 2155 504 2188 ep.
534 2144 745 2187 CCXCIX,
776 2145 810 2179 2.
848 2146 918 2180 und
955 2148 1031 2182 bes.
1068 2148 1281 2190 CCXCVI‚
1308 2149 1340 2182 l.
1373 2167 1420 2174 —-
1476 2159 1567 2192 eam,

106 2198 332 2234 quartanam.
374 2190 417 2224 In
443 2201 503 2234 ep.
519 2190 724 2234 CCXCVI,
752 2192 789 2224 l:
830 2192 994 2235 „Piliam
1031 2193 1067 2227 in
1093 2194 1189 2228 idem
1215 2205 1331 2238 genus
1358 2195 1476 2229 morbi
1502 2195 1568 2228 de-

107 2239 246 2282 lapsam
277 2247 400 2271 curam
438 2235 506 2271 tibi
538 2237 673 2271 afferre
704 2237 880 2272 maiorem
917 2239 1075 2274 sentioe'
1128 2241 1263 2275 Cicero
1303 2242 1449 2276 erlaubt
1487 2241 1567 2275 sich

109 2285 191 2317 hier
216 2283 326 2318 einen
350 2282 496 2326 artigen
519 2281 684 2326 Schema,
718 2283 785 2317 der
810 2285 914 2318 scine
932 2286 1106 2321 Feinheit
1128 2298 1247 2332 gegen
1274 2287 1339 2322 das
1365 2287 1569 2322 weibliche

111 2329 336 2363 (ieschlecht
366 2329 538 2373 bezeugt.
573 2349 617 2354 —
665 2330 708 2363 ab
733 2331 852 2363 altera
876 2339 1076 2377 quartana,
1113 2345 1183 2368 von
1210 2334 1348 2368 seinem
1374 2334 1570 2368 VVechsel-

112 2376 243 2410 lleber.
262 2421 268 2426 .
289 2374 402 2410 Siehe
433 2375 541 2409 Ende
573 2375 639 2410 des
671 2376 791 2420 vorig.
819 2378 956 2413 Briefs.
998 2398 1039 2403 -
1091 2380 1127 2414 si
1156 2381 1243 2424 quid
1274 2391 1362 2424 opus
1387 2384 1495 2424 esset,
1531 2386 1571 2414 ut

111 2421 386 2465 suppeditaret,
412 2432 599 2463 rogaram.
627 2441 668 2447 —
710 2424 825 2459 Curii.
863 2425 970 2460 Quod
997 2425 1091 2459 Tiro
1117 2427 1162 2460 ab
1189 2427 1272 2460 aliis
1298 2432 1482 2460 mutuatus
1500 2431 1571 2470 est,

112 2473 267 2519 lortasse
293 2466 373 2501 eius
400 2468 622 2501 verecundia
647 2469 801 2512 accidit,
829 2478 866 2504 ut
882 2471 1033 2505 Curium
1052 2474 1245 2518 appellare
1262 2473 1444 2513 nolucrit;
1469 2481 1573 2507 certe

113 2514 151 2548 id
175 2514 300 2547 malim
334 2524 443 2564 quam
468 2514 619 2548 Curium
653 2515 686 2548 ei
715 2518 854 2559 petenti
880 2517 1103 2563 denegasse:
1136 2520 1228 2554 hanc
1252 2518 1349 2553 enim
1375 2518 1575 2554 illiberali-

113 2568 225 2595 tatem
251 2570 458 2601 aegerrime
482 2560 628 2594 serrem.
654 2561 761 2596 SCH.

206 2608 239 2640 1.
278 2606 330 2639 At
359 2616 459 2657 nemo
484 2606 623 2639 dubitat
649 2614 718 2641 cet.
759 2608 832 2642 und
869 2610 1019 2644 Deseret
1128 2610 1250 2644 XXX.
1279 2609 1326 2643 ist
1351 2609 1412 2644 die
1438 2611 1580 2655 Figura

117 2658 422 2696 anteoccnpatro,
464 2653 750 2697 praeoccupatio
787 2655 860 2688 und
889 2658 1141 2700 permutatim
1185 2656 1223 2691 τὸ
1250 2655 1387 2700 πύσμα.
1437 2657 1476 2692 S.
1503 2658 1582 2693 Cic.

120 2699 223 2732 Orat.
252 2699 344 2741 XL,
382 2699 457 2733 137.
484 2699 562 2733 138.
615 2699 792 2734 Quinctil.
822 2702 897 2743 IX,
923 2703 965 2745 2,
990 2705 1012 2738 6
1040 2714 1073 2736 u.
1102 2703 1164 2744 155
1205 2704 1238 2743 3,
1263 2703 1319 2736 98.
1346 2703 1393 2736 ad
1422 2705 1585 2740 Herenn.

125 2745 198 2787 lv,
230 2745 288 2781 23.
344 2755 415 2779 una
453 2744 524 2779 scis
555 2754 640 2785 csse.
689 2745 729 2780 L.
761 2747 954 2782 Domitius
988 2749 1282 2792 Ahenobarbus,
1329 2751 1394 2785 7⁰⁰
1431 2751 1588 2796 Gonsul,
