1795 3043
246 61 348 111 440
514 57 579 106 Μ.
613 57 668 104 Τ.
704 56 1037 105 CICERONIS
1069 55 1437 106 EPISTOLAE.

247 169 369 223 peio,
412 169 699 222 qualicunque
737 169 915 211 consilio
955 181 1053 223 uso,
1099 168 1249 211 deinde
1289 180 1385 211 cum
1425 168 1545 211 bonis
1591 181 1693 220 esse,

249 226 438 279 quamvis
468 238 595 267 causa
621 228 781 267 temere
808 225 1034 269 instituta?
1090 226 1339 279 praesertim
1376 238 1503 277 quum
1539 226 1572 267 ii
1598 228 1694 280 ipsi,

249 295 429 335 quorum
459 294 535 335 ego
563 295 689 324 causa
711 283 900 325 timidius
925 296 992 324 me
1011 284 1205 323 fortunae
1225 282 1548 332 committebam,
1576 296 1696 333 uxor,
1761 322 1763 330 ,

249 340 365 391 filia,
394 338 619 380 CIcerones
647 340 795 393 pueri,
833 354 898 381 me
927 339 1036 381 illud
1065 340 1183 391 sequi
1210 340 1407 380 mallent?
1466 341 1547 381 hoc
1575 342 1698 393 turpe
1761 362 1764 365 -

251 396 294 437 et
330 406 397 436 me
432 395 651 449 indignum
693 398 921 450 putarent?
989 396 1095 438 Nam
1132 396 1312 444 Quintus
1348 395 1516 447 quidem
1550 397 1696 444 frater,
1761 423 1764 433 2

249 451 458 503 quidquid
493 453 600 493 mihi
638 454 845 506 placeret,
892 453 937 494 id
972 454 1136 494 rectum
1173 465 1218 494 se
1260 454 1413 505 putare
1450 453 1610 506 aiebat,
1656 453 1699 493 id

199 502 228 547 5
250 507 391 550 animo
419 510 671 561 aequissimo
701 510 967 561 sequebatur.
1024 511 1135 552 Tuas
1155 523 1267 551 nunc
1296 510 1496 562 epistolas
1516 524 1541 550 a
1564 510 1700 562 primo
1764 545 1766 565 Ἴ

248 565 359 617 lego.
414 565 508 608 Hae
537 578 602 606 me
624 568 815 618 paullum
838 568 1046 608 recreant.
1105 567 1271 608 Primae
1291 569 1460 607 monent
1477 568 1520 607 et
1539 568 1701 620 rogant,

249 633 306 662 ne
345 633 412 662 me
448 622 681 674 proiiciam.
738 622 960 664 Proximae
997 623 1179 676 gaudere
1217 625 1259 664 te
1288 623 1511 663 ostendunt
1539 635 1606 663 me
1634 636 1701 664 re-

251 678 467 720 mansisse.
524 679 608 719 Eas
636 691 762 730 quum
789 681 908 731 lego,
951 680 1088 719 minus
1116 680 1221 721 mihi
1249 681 1384 733 turpis
1412 680 1577 731 videor,
1629 679 1703 721 sed

250 735 337 775 tam
365 734 452 783 diu,
482 734 582 775 dum
609 736 727 789 lego:
759 735 911 776 deiude
935 735 1110 789 emergit
1136 750 1303 778 rursum
1332 737 1453 778 dolor
1474 738 1516 777 et
1535 736 1703 785 αἰσχροῦ

250 791 473 840 φαντασία.
541 791 820 840 Quamobrem
858 791 1035 833 obsecro
1070 794 1136 845 te,
1182 794 1241 834 mi
1275 794 1395 844 Tite,
1441 794 1559 845 eripe
1597 793 1704 833 mihi

252 847 367 889 hunc
396 848 587 889 dolorem
624 850 696 889 aut
723 849 864 889 minue
893 850 1040 890 saltem
1079 851 1152 890 aut
1180 851 1466 891 consolatione
1506 852 1578 891 aut
1608 862 1705 892 con-

253 904 349 946 silio
381 907 453 945 aut
482 917 733 957 quacunque
760 918 808 946 re
836 907 968 958 potes.
1027 905 1136 954 Quid
1171 908 1217 948 tu
1247 908 1385 947 autem
1412 907 1576 959 possis?
1635 907 1707 947 aut

200 953 231 995 6
252 960 355 1013 quid
383 961 508 1002 homo
537 961 785 1014 quisquam?
842 962 913 1002 vix
942 962 1045 1003 deus
1072 962 1167 1003 iam.
1235 962 1443 1014 Equidem
1480 963 1586 1003 illud
1620 975 1707 1003 mo-

244 1017 358 1070 lior,
396 1017 507 1069 quod
537 1020 584 1059 tu
613 1031 756 1059 mones
786 1031 1011 1072 sperasque
1040 1018 1135 1061 fieri
1164 1030 1309 1072 posse,
1350 1020 1397 1059 ut
1419 1019 1524 1060 mihi
1556 1020 1708 1060 Caesar

253 1074 482 1127 concedat,
511 1077 558 1114 ut
586 1075 743 1127 absim,
771 1087 900 1126 quum
929 1076 1091 1127 aliquid
1118 1075 1163 1115 iu
1184 1078 1330 1116 senatu
1362 1078 1509 1117 contra
1526 1076 1709 1117 Gnaeum

253 1131 417 1183 agatur.
477 1130 559 1172 Sed
589 1131 739 1179 timeo,
785 1143 838 1171 ne
881 1144 964 1172 non
994 1133 1228 1185 impetrem.
1288 1132 1412 1172 Venit
1439 1133 1492 1173 ab
1522 1144 1572 1173 eo
1602 1134 1709 1174 Fur-

252 1188 372 1227 nius:
412 1209 468 1218 -—
524 1190 571 1227 ut
600 1188 771 1239 quidem
800 1189 932 1236 scias,
974 1200 1079 1238 quos
1110 1200 1338 1239 sequamur
1364 1209 1422 1218 -—
1480 1189 1529 1237 Q.
1560 1189 1709 1231 Titinii

253 1242 388 1283 filium
430 1255 527 1285 cum
557 1243 735 1284 Caesare
771 1255 861 1283 esse
898 1246 1086 1285 nuntiat:
1140 1245 1213 1284 sed
1242 1246 1366 1284 illum
1395 1245 1576 1286 maiores
1604 1245 1712 1287 mihi

253 1300 411 1352 gratias
453 1311 600 1352 agere,
656 1312 780 1351 quam
817 1301 985 1340 vellem.
1061 1300 1170 1348 Quid
1204 1302 1343 1341 autem
1370 1313 1437 1341 me
1465 1304 1610 1355 roget,
1655 1323 1711 1333 —-

254 1355 403 1408 paucis
433 1355 508 1396 ille
536 1355 705 1407 quidem
734 1355 898 1408 verbis,
939 1356 1012 1397 sed
1042 1359 1085 1395 ἐν
1114 1354 1282 1404 δυνάμει
1311 1379 1368 1386 -—
1423 1370 1630 1410 cognosce
1660 1371 1711 1399 ex

255 1412 388 1464 ipsius
418 1413 607 1464 epistola.
674 1413 744 1453 Me
771 1414 992 1465 miserum,
1041 1413 1152 1465 quod
1183 1415 1228 1454 tu
1257 1426 1340 1456 non
1369 1415 1557 1456 valuisti!
1618 1416 1712 1457 Una

254 1469 496 1510 fuissemus:
537 1470 760 1510 consilium
791 1472 909 1510 certe
936 1482 1020 1511 non
1052 1469 1266 1520 defuisset,

369 1524 455 1564 Σύν
482 1538 526 1565 τε
556 1524 617 1565 δύ’
647 1527 869 1575 ἐρχομένω·

256 1609 377 1644 zogen
409 1611 454 1635 zu
486 1601 620 1635 haben.
652 1620 697 1626 --
744 1602 809 1636 Me
833 1613 915 1636 non.
955 1603 1020 1638 Sic
1054 1611 1110 1638 est
1143 1605 1200 1639 bis
1232 1605 1328 1639 infra
1361 1606 1432 1651 Ep.
1460 1609 1521 1641 10:
1562 1618 1616 1640 me
1643 1634 1651 1641 .
1673 1633 1681 1641 .
1701 1632 1709 1641 .

257 1649 464 1681 vastitatem
495 1649 635 1691 inferre
669 1647 829 1681 Italiae?
875 1649 949 1682 Md.
988 1650 1112 1683 Oxon.
1140 1652 1174 1684 1.
1218 1651 1320 1687 Vict.
1348 1653 1380 1685 1.
1405 1653 1438 1686 2.
1477 1653 1567 1687 Bos.
1598 1663 1711 1686 mene.

260 1692 335 1727 ΟΒ.
384 1692 511 1728 Ueber
535 1693 607 1727 den
632 1693 739 1730 Infin.
771 1693 839 1727 der
863 1694 983 1738 Frage
1014 1706 1041 1729 s.
1067 1695 1214 1730 Ramsh.
1240 1697 1268 1739 §.
1289 1698 1375 1740 168,
1406 1698 1457 1741 Β,
1487 1700 1520 1733 6.
1568 1699 1711 1733 Grotef.

258 1740 285 1783 §—
311 1740 389 1774 311.
425 1739 532 1773 Anm.
556 1757 603 1764 —
649 1740 885 1785 qualicunque
909 1751 1006 1775 conS.
1032 1752 1117 1784 uso,
1151 1740 1226 1775 wie
1251 1748 1317 1785 gut
1341 1742 1434 1777 oder
1457 1744 1543 1778 iibel
1569 1754 1610 1779 er
1633 1745 1714 1778 sich

259 1786 354 1819 auch
377 1795 461 1829 mag
484 1785 661 1828 gerathen
688 1785 819 1820 haben.
844 1804 888 1811 ·-
934 1790 1082 1830 temere,
1115 1788 1364 1823 unbesonnen.
1390 1807 1433 1813 —
1480 1790 1575 1823 illud
1604 1792 1716 1834 sequi,

256 1830 419 1864 mamlich
449 1830 515 1864 mit
547 1831 750 1875 Pompeius
781 1832 1007 1875 abzusegeln
1043 1833 1116 1868 und
1147 1844 1189 1867 es
1220 1834 1310 1867 aurs
1343 1834 1466 1868 Gliick
1497 1835 1715 1870 ankommen

259 1886 306 1910 zu
332 1876 467 1910 lassen.
500 1876 589 1911 illuc
613 1879 698 1911 Asc.
718 1879 750 1911 l.
777 1877 872 1912 Crat.
898 1878 1027 1914 Lamb.
1052 1898 1097 1906 --
1143 1890 1201 1913 an.
1226 1890 1322 1924 aeq„
1347 1880 1413 1914 mit
1438 1881 1521 1915 dem
1545 1884 1715 1926 grossten

261 1922 534 1956 Gleichmuthe.

351 1968 385 2002 5.
424 1979 447 2002 α
474 1967 617 2012 primo,
661 1967 730 2002 der
763 1968 882 2003 Reihe
914 1967 1007 2003 nach
1040 1980 1112 2003 von
1137 1969 1266 2006 Vorne
1296 1981 1352 2006 an.
1384 1990 1429 1997 —
1475 1982 1519 2006 ne
1547 1983 1603 2006 me
1630 1983 1716 2017 pro-

262 2013 411 2056 ficiam,
449 2013 547 2047 mich
577 2014 679 2048 nicht
714 2014 751 2048 in
777 2015 1032 2060 Uebereilung
1057 2016 1245 2051 Gefahren
1269 2019 1544 2054 vorzuwerfen.
1593 2019 1718 2053 Ueber

261 2060 425 2106 gaudere
455 2058 522 2094 mit
555 2059 646 2104 folg.
672 2071 793 2095 accus.
819 2072 851 2094 c.
877 2061 980 2095 infin.
1007 2072 1037 2097 s.
1062 2062 1214 2096 Ramsh.
1241 2064 1269 2106 §.
1290 2064 1376 2106 168,
1404 2065 1458 2107 B,
1489 2066 1523 2099 3.
1571 2065 1715 2099 Grotef.

262 2108 295 2150 ς.
321 2106 405 2148 308,
436 2105 470 2139 2.
506 2124 549 2130 —
603 2107 744 2140 tamdiu
774 2117 875 2152 susp.
911 2107 1101 2142 Ernestio.
1134 2127 1178 2134 -—-
1239 2111 1436 2155 αἰσχροῦ
1469 2114 1716 2154 φαντασία,

263 2151 385 2185 animo
416 2151 595 2194 quaedam
630 2152 776 2196 species
807 2152 1051 2198 turpitudinis
1083 2154 1159 2197 (ein
1183 2153 1429 2188 Schreckbild
1461 2156 1527 2190 des
1552 2155 1718 2191 Schand-

265 2196 404 2238 lichen)
430 2204 611 2231 occursat.
634 2198 842 2233 MANUT.
867 2217 913 2225 —
959 2201 1046 2234 deus
1070 2202 1144 2233 iam
1168 2199 1311 2243 aliquid
1335 2206 1471 2244 potest.

355 2244 389 2277 6.
423 2242 464 2277 C.
489 2243 669 2285 Furnius,
706 2244 875 2279 tribunus
899 2246 952 2291 pl.
979 2246 1028 2280 im
1054 2246 1083 2280 Ι.
1110 2246 1176 2280 704
1199 2257 1231 2281 u.
1257 2256 1416 2280 warmer
1437 2246 1587 2282 Freund
1612 2247 1719 2284 Cice-

266 2288 353 2323 ro’s.
405 2286 444 2322 S.
481 2298 540 2332 ep.
560 2289 762 2333 CCXXV‚
795 2293 826 2326 3.
865 2302 898 2324 u.
933 2291 1169 2334 CCLXVII,
1201 2291 1235 2325 2.
1275 2310 1320 2317 -
1382 2303 1470 2337 quos
1508 2304 1714 2338 sequamur,

267 2344 345 2368 was
376 2333 436 2367 fiir
459 2334 686 2378 Vorganger
717 2335 778 2369 ich
808 2337 916 2371 habe.
941 2355 987 2365 —
1033 2339 1074 2373 Q.
1103 2338 1251 2380 Titinii,
1285 2338 1388 2373 eines
1413 2339 1566 2374 reichen
1589 2340 1719 2374 Romi-

267 2380 380 2415 schen
405 2379 575 2423 Ritters,
615 2381 683 2414 der
715 2382 781 2415 mit
805 2383 958 2418 Attikus
983 2383 1019 2417 in
1046 2383 1492 2419 Gesch'astsfreundschast
1513 2386 1621 2420 stand
1644 2386 1718 2420 und

268 2425 434 2459 dadurch
464 2426 558 2460 auch
591 2435 639 2459 zu
674 2426 741 2460 der
769 2428 870 2462 Ehre
908 2429 1127 2473 gekommen
1162 2440 1258 2472 war,
1298 2431 1379 2465 sich
1414 2436 1523 2465 unter
1555 2431 1718 2466 Cicero’s

268 2471 442 2506 Freunde
476 2482 522 2506 zu
555 2472 731 2507 rechnen.
779 2473 817 2508 S.
852 2485 910 2518 ep.
934 2475 1090 2517 XXIX,
1116 2476 1148 2508 1.
1187 2475 1300 2520 CCL,
1324 2478 1357 2511 5.
1401 2478 1586 2521 CCCXV,
1611 2478 1645 2512 4.
1673 2497 1718 2503 —

269 2517 333 2551 sed
356 2517 480 2560 illum,
516 2518 722 2552 Caesarem.
756 2536 798 2543 —-
846 2524 953 2563 roget
977 2520 1126 2554 Caesar.
1158 2538 1203 2546 -
1249 2523 1292 2557 ἐν
1325 2523 1530 2566 δυνάμει,
1574 2533 1655 2556 cum
1680 2524 1716 2558 vi

272 2569 310 2596 et
335 2563 501 2597 efficacia
526 2563 606 2605 (mit
628 2562 813 2607 krastigen
838 2565 1025 2607 Worten).
1070 2567 1194 2610 Rogat
1216 2576 1273 2601 me
1308 2568 1437 2613 paucis
1461 2568 1608 2612 quidem
1633 2580 1719 2603 ver-

271 2608 349 2648 bis,
390 2609 457 2643 sed
482 2609 550 2653 iis,
594 2620 688 2653 quae
711 2620 875 2653 magnam
901 2611 972 2645 vim
1001 2612 1156 2656 habent,
1196 2613 1350 2648 adhibet
1374 2616 1645 2660 πειθαιιάγκας,
1678 2621 1719 2650 ut

272 2661 510 2698 tyrannorum
535 2666 666 2699 preces
690 2656 854 2699 appellat
885 2658 955 2699 IX,
981 2659 1059 2700 13.‚
1100 2660 1234 2702 quibus
1258 2670 1330 2693 non
1355 2671 1504 2705 possum
1530 2660 1716 2696 resistere.-

275 2700 504 2735 ERNESTI.
541 2721 585 2728 -
632 2701 803 2745 epistola,
840 2703 983 2747 Anlage
1017 2705 1065 2739 A.
1100 2724 1143 2730 —
1191 2706 1282 2742 Σύν
1315 2719 1357 2742 τε
1386 2706 1454 2742 δύ’
1493 2707 1717 2755 ἐρχομένω
