1795 3043
517 65 835 113 EPISTOLA
876 64 1078 112 CCLXI.
1431 69 1531 118 225

65 181 238 223 missum
269 180 450 222 dedecus
479 178 726 220 confitebor.
785 177 1053 230 Pomptinus,
1096 175 1170 230 qui
1200 190 1225 218 a
1254 177 1297 217 te
1325 177 1530 218 tractatus
1553 188 1582 228 3

65 241 130 280 est
158 239 391 291 praestanti
419 250 469 279 ac
499 236 703 289 singulari
732 234 829 283 fide,
861 236 983 276 cuius
1013 236 1076 275 tui
1108 233 1303 275 beneficii
1333 247 1423 275 sum
1453 247 1531 288 ego

66 297 207 348 testis,
237 296 422 348 praestat
450 294 529 334 tibi
559 294 801 333 memoriam
830 292 1272 344 benevolentiamque,
1306 304 1432 343 quam
1462 292 1548 347 def

64 353 156 393 bet:
186 354 273 405 qui,
303 365 429 404 quum
459 351 652 391 maximis
682 350 767 390 suis
797 346 924 389 rebus
953 352 1127 389 coactus
1149 364 1173 390 a
1191 361 1257 390 me
1278 349 1531 389 invitissimo

67 410 335 462 decessisset,
365 412 528 459 tamen,
561 410 609 447 ut
636 407 742 448 vidit
768 407 971 446 interesse
999 408 1093 455 tua,
1133 406 1531 447 conscendens-iam

0 461 3 510 Ξ
65 479 218 507 navem
248 468 417 519 Epheso
448 465 700 504 LaodIceam
728 464 918 506 revertit.
986 462 1106 504 Talia
1147 465 1189 503 te
1229 476 1356 514 quum
1392 462 1532 504 studia

0 527 2 540 '
65 523 232 565 videam
261 524 502 564 habiturum
542 534 631 561 esse
666 520 1013 567 innumerabilia,
1056 521 1183 571 plane
1221 520 1416 561 dubitare
1444 533 1531 561 non

66 592 260 634 possum,
290 581 390 632 quin
420 579 498 620 tibi
528 578 759 630 amplitudo
789 578 868 619 ista
908 577 1146 618 sollicitudo
1177 577 1323 617 futura
1359 577 1428 619 sit.
1482 577 1531 618 Si

67 650 168 678 vero
199 638 356 684 efficis,
387 638 433 676 ut
463 648 658 676 censores
688 638 907 688 creentur,
943 637 985 675 et
1015 635 1050 674 si
1088 635 1148 675 ita
1178 634 1354 687 gesseris
1384 647 1531 675 censu-

66 707 181 742 ram,
221 696 266 734 ut
297 697 338 734 et
368 693 494 733 debes
524 696 563 733 et
593 694 732 745 potes:
764 705 848 733 non
877 692 956 733 tibi
985 693 1145 744 solum,
1185 691 1258 731 sed
1286 691 1369 731 tuis
1399 691 1531 731 omni-

66 751 146 792 bus
174 751 294 791 video
324 751 366 790 in
395 752 647 803 perpetuum
677 763 835 795 summo
866 752 908 791 te
936 750 1146 802 praesidio
1175 750 1375 789 futurum.
1416 748 1530 789 Illud

66 820 208 861 pugna
247 810 289 847 et
326 808 509 859 enitere,
547 820 600 846 ne
638 807 739 859 qnid
767 808 887 848 nobis
923 807 1124 858 temporis
1151 808 1427 859 prorogeturx
1467 807 1529 858 ut,

67 877 195 916 quum
223 865 294 905 hic
334 865 415 904 tibi
453 864 800 912 satisfecerimus,
842 865 939 905 istic
983 876 1148 915 quoque
1187 866 1375 904 nostram
1409 862 1526 903 inte

67 922 404 962 benevolentiam
443 934 598 962 navare
633 923 872 975 possimus„
919 922 1034 969 Quae
1073 921 1124 960 de
1154 920 1372 960 hominum
1400 922 1527 971 atque
1551 923 1580 962 4

68 979 263 1019 ordinum
294 979 476 1018 omnium
507 991 605 1032 erga
637 981 678 1018 te
707 980 856 1019 studiis
875 978 1026 1019 scribis
1049 977 1102 1018 ad
1123 990 1204 1030 me,
1233 978 1403 1018 minime
1422 977 1530 1017 mihi

67 1036 259 1076 miranda
290 1038 331 1075 et.
360 1036 540 1076 maxime
577 1036 761 1076 iucunda
796 1035 1065 1076 acciderunt:
1105 1035 1332 1085 eademque
1371 1033 1423 1074 ad
1460 1046 1528 1074 me

66 1094 305 1145 perscripta
335 1095 434 1132 sunt
465 1107 489 1133 a
519 1093 797 1133 familiaribus
824 1093 940 1132 meis.
1006 1093 1155 1143 Itaque
1184 1093 1308 1143 capio
1337 1103 1529 1144 magnam

67 1151 339 1202 voluptatem,
369 1162 497 1201 quum
518 1150 611 1197 tibi,
643 1151 763 1190 cuius
784 1151 893 1190 mihi
909 1150 1094 1190 amicitia
1115 1161 1198 1188 non
1219 1149 1355 1188 solum
1372 1149 1529 1200 ampla,

69 1207 141 1246 sed
171 1208 297 1248 etiam
324 1207 511 1247 iucunda
540 1209 616 1258 est,
647 1220 697 1247 ea
724 1208 871 1255 tribui,
902 1219 1009 1259 quae
1030 1205 1287 1246 debeantur:
1316 1207 1406 1246 tum
1426 1217 1528 1246 vero

68 1276 285 1304 remanere
314 1265 440 1303 etiam
469 1277 581 1304 nunc
610 1265 654 1304 in
675 1265 846 1305 civitate
867 1266 1010 1304 nostra
1030 1263 1167 1303 studia
1184 1274 1316 1315 prope
1340 1263 1528 1303 omnium

69 1333 289 1368 consensu,
321 1333 419 1372 erga
445 1322 576 1360 fortes
605 1322 647 1360 et
676 1321 907 1361 industrios
925 1321 1059 1360 viros:
1090 1319 1319 1371 quaemihi
1339 1320 1421 1371 ipsi
1443 1332 1529 1360 una

69 1390 234 1429 semper
269 1377 427 1417 tributa.
465 1389 624 1417 merces
667 1381 729 1417 est
766 1378 957 1417 laborum
985 1379 1027 1416 et
1054 1377 1297 1429 vigiliarum
1326 1389 1528 1418 mearum.

69 1434 182 1474 Illud
201 1447 300 1474 vero
323 1433 429 1473 mihi
447 1435 674 1486 permirum
696 1433 866 1481 accidit,
899 1436 1058 1474 tantam
1087 1434 1368 1474 temeritatem
1394 1433 1525 1474 fuisse
1549 1438 1585 1482 5¹

69 1491 114 1530 in
145 1504 194 1531 eo
224 1492 504 1543 adolescente,
533 1491 652 1530 cuius
681 1504 756 1544 ego
785 1492 961 1532 salutem
991 1490 1153 1531 duobus
1183 1490 1334 1542 capitis
1354 1490 1526 1531 iudiciis

100 1633 109 1639 ’
159 1627 192 1661 3.
218 1626 446 1670 Pomptinus,
478 1626 700 1669 Mam-Lag.
734 1625 819 1662 Sch.
852 1625 946 1662 Liin.
972 1625 1219 1670 Pomptinius,
1253 1624 1448 1659 Ciceronis
1473 1625 1529 1660 le-

71 1678 199 1716 gatus,
231 1673 461 1717 praetorius,
494 1674 557 1717 qui
581 1674 628 1707 de
652 1673 924 1717 Allobrogibus
950 1673 1259 1716 triumphaverat,
1292 1671 1417 1716 Appio
1443 1671 1528 1717 ipso

71 1719 223 1752 consule
248 1719 456 1753 adiuvante.
484 1720 691 1754 MANUT.
717 1721 810 1756 vid.
838 1731 897 1765 ep.
916 1720 1086 1754 CXLIX.
1113 1718 1413 1761 CCXXXVIH,
1430 1719 1464 1752 8.
1484 1738 1530 1745 —-·

69 1765 282 1809 memoriqm
306 1766 447 1808 benev„
490 1773 576 1800 statt
604 1766 901 1800 benevolentiam
930 1765 1004 1799 viri
1034 1764 1230 1805 memoris,
1263 1763 1374 1807 grati.
1431 1765 1530 1799 Eine

70 1811 307 1857 Hendiadys!
323 1832 365 1837 -
399 1813 570 1846 interesse
593 1817 670 1856 tua,
698 1813 781 1846 dass
807 1824 848 1846 er
865 1811 938 1847 Dir
964 1812 999 1845 in
1025 1811 1166 1844 meiner
1186 1810 1352 1845 Provinz
1369 1809 1530 1845 Dienste

70 1857 205 1891 leisten
229 1858 385 1900 konnte3
409 1878 451 1883 —
487 1859 602 1893 Laod.
627 1860 778 1892 revertit
802 1865 841 1892 ut
865 1858 902 1893 in
930 1857 1123 1903 provincia
1148 1867 1298 1901 operam
1323 1856 1450 1901 daret,
1481 1868 1530 1892 ne

72 1909 186 1937 testes
219 1904 256 1937 in
281 1905 444 1950 Appium
468 1905 623 1939 Romam
655 1906 771 1947 irent3
813 1916 861 1939 ex
893 1916 966 1949 quo
998 1911 1102 1949 patet
1130 1908 1339 1937 accusatum
1363 1903 1530 1948 Appium

72 1949 119 1983 de
144 1950 255 1983 rebus
280 1950 318 1984 in
344 1951 536 1995 provincia
560 1952 689 1995 gestis,
716 1951 850 1994 quibus
875 1951 1103 1985 maiestatem
1121 1949 1253 1994 populi
1269 1949 1429 1994 Romani
1452 1951 1531 1984 lae-

71 1996 166 2030 sisse
190 1996 394 2031 videretur.
418 1998 628 2032 MANUT.
649 2017 693 2023 -
739 1998 848 2031 Talia
875 2024 882 2032 .
898 2024 927 2032 ..
954 1997 1098 2039 studia,
1129 1996 1254 2039 qualia
1278 2002 1363 2029 sunt
1386 1996 1531 2041 Pomp-

71 2041 155 2086 tini,
180 2043 308 2077 solche
331 2044 506 2078 Bewcise
530 2045 635 2078 einer
659 2044 817 2088 eisrigen
841 2043 1106 2088 Ergebenheit.
1124 2061 1168 2067 —
1208 2042 1294 2087 quin
1322 2068 1330 2076 .
1347 2068 1354 2076 .
1370 2068 1378 2076 .
1403 2043 1531 2084 futura

70 2089 139 2131 sit,
180 2089 263 2123 dass
295 2089 420 2124 dieser
450 2090 759 2133 beunruhigende
792 2091 939 2124 Handel
975 2090 1036 2123 ein
1067 2089 1301 2133 glorreiches
1330 2089 1439 2123 Ende
1470 2089 1531 2122 fiir

70 2133 173 2169 Dich
196 2136 351 2170 nehmen
378 2137 515 2171 werde.
556 2137 791 2182 amplitudini
814 2137 840 2171 i.
866 2148 893 2171 s·
919 2138 946 2179 f.
969 2137 1030 2170 sit.
1056 2136 1156 2170 Crat.
1180 2135 1308 2169 Lamb.
1340 2134 1533 2171 Videntur

71 2187 194 2214 tamen
217 2183 333 2216 verba
357 2188 489 2227 poetae
514 2183 667 2218 scenici.
694 2183 890 2217 ORELLI.
914 2202 960 2208 --
1000 2182 1134 2225 efficiS,
1157 2181 1288 2215 Lamb.
1314 2181 1406 2215 Ern.
1432 2181 1530 2216 Liin.

74 2227 244 2269 effeceris.
266 2247 310 2252 —
349 2233 534 2273 creentur,
576 2229 705 2264 Lamb.
737 2233 776 2262 ut
801 2240 928 2262 censor
959 2229 1105 2262 creeris.
1126 2234 1168 2252 4-
1209 2238 1418 2270 censuram,
1451 2227 1532 2261 die

74 2272 160 2306 Dir
191 2273 317 2308 nicht
348 2275 511 2310 fehlen
540 2275 682 2319 kann,
715 2286 793 2309 was
818 2275 954 2313 Cicero
980 2275 1163 2317 auslasst‚
1194 2285 1255 2307 um
1280 2273 1340 2307 ein
1366 2273 1533 2317 Compli-

73 2324 174 2352 ment
203 2329 248 2353 zu
278 2321 442 2355 machen.
466 2337 535 2349 -ἰ
556 2322 746 2366 praesidio
786 2332 908 2366 gegen
950 2321 1024 2354 alle
1056 2320 1357 2363 Ansechtungen.
1414 2319 1532 2353 Diess

72 2363 214 2398 konnte
240 2365 342 2399 nicht
364 2378 457 2410 ganz
481 2367 520 2402 in
542 2369 744 2412 Erfullung
768 2369 890 2412 gehen
905 2392 916 2411 ,
949 2367 1039 2400 weil
1071 2378 1133 2410 er,
1165 2365 1241 2401 wie
1264 2364 1468 2410 Pompeius
1495 2375 1530 2400 u.

72 2410 212 2444 Brutus
251 2412 288 2444 in
330 2412 413 2446 dem
444 2413 494 2447 im
536 2415 738 2459 folgenden
770 2415 882 2449 Iahre
917 2412 1221 2447 ausbrechenden
1249 2410 1533 2455 Biirgerkriege

73 2458 166 2490 um's
190 2457 320 2491 Leben
343 2458 434 2493 kam.
453 2478 498 2484 —
535 2460 594 2494 hic
619 2461 656 2494 in
680 2460 893 2505 provincia,
928 2459 1031 2503 istic,
1055 2459 1210 2493 Romae.

164 2503 195 2537 4.
237 2507 270 2536 et
291 2516 338 2536 =
362 2504 428 2538 sed
451 2507 608 2540 maxime
637 2508 732 2540 nach
762 2506 830 2541 der
852 2506 1040 2550 Negation
1069 2506 1291 2539 minime.—-
1329 2502 1435 2547 capio
1467 2512 1532 2536 vo-

72 2548 165 2592 lupt.
187 2560 234 2582 =
256 2551 399 2592 gaudeo
422 2551 490 2585 mit
521 2553 610 2596 folg.
635 2559 793 2588 accusat.
829 2565 860 2587 c.
888 2551 1045 2594 infinit„
1077 2552 1124 2585 da
1156 2551 1262 2584 diese
1287 2549 1533 2583 Redeformel

74 2601 178 2628 sonst
202 2595 269 2629 tuit
292 2607 334 2628 ez
359 2604 495 2631 constr.
521 2598 630 2632 wird.
649 2618 692 2624 —
735 2600 857 2644 ampla
880 2611 925 2633 =
949 2597 1041 2633 mihi
1073 2596 1208 2631 honori
1232 2601 1301 2631 est.
1321 2612 1367 2619 —
1400 2596 1530 2638 fortes,

72 2639 113 2674 in
135 2641 257 2685 bello,
287 2643 487 2677 industrios
510 2643 549 2678 in
571 2645 665 2679 foro.

163 2689 197 2722 5.
232 2689 476 2732 adolescente,
517 2690 734 2725 Dolabella.
776 2690 865 2735 Vgl.
903 2701 961 2735 ep.
989 2688 1220 2730 CCLXXV,
1243 2686 1278 2720 2.
1305 2705 1351 2713 —-
1393 2686 1531 2721 duobus

75 2742 154 2777 cap.
178 2734 312 2777 indic„
346 2736 383 2769 in
408 2735 505 2769 zwei
529 2737 852 2772 halsbrechenden
876 2735 1059 2779 Hiindeln,
1083 2734 1208 2769 wobei
1233 2732 1296 2768 die
1319 2732 1420 2769 salus
1445 2733 1532 2768 des—

11 2795 29 2811 ·
112 2795 180 2824 eie.
201 2797 313 2826 eriere
336 2808 368 2826 v.
393 2797 534 2827 Billerb.
564 2800 607 2827 11.
1201 2794 1255 2835 15
