1795 3043
593 67 908 123 EPISTULA
943 68 1154 125 cchL-
1499 77 1601 130 457

140 187 318 241 propter
353 192 623 229 nummorum
660 183 896 228 caritatem.
960 182 1071 225 Mihi
1107 182 1279 236 quidem
1314 182 1401 226 ortt
1437 185 1602 237 aptissi-

141 256 280 294 mum,
318 245 386 286 vel
414 241 536 284 nobis
564 239 728 297 potius,
774 241 812 282 si
838 242 888 282 tu
915 241 1080 282 emeris·
1137 241 1223 282 Sed
1250 239 1342 282 eius
1369 240 1603 284 dementias

141 310 248 342 eave
292 304 546 342 contemnas.
612 298 745 340 Valde
791 298 856 339 est
889 298 1127 339 venustum.
1196 298 1456 351 Quamquam
1494 301 1602 340 mihi

141 357 225 398 ista
254 358 396 399 omnia
421 357 506 399 iam
523 354 691 398 addicta
708 354 897 397 vastitati
914 353 1125 398 videntur.
1181 353 1395 409 Respondi
1413 357 1604 411 epistolis

142 414 304 455 tribusz
349 414 424 455 sed
461 415 659 467 exspecto
692 412 812 454 alias.
877 410 985 460 Nam
1022 424 1091 465 me
1126 411 1267 463 adhue
1313 415 1413 464 tuae
1450 414 1604 458 literae

141 473 443 525 sustentarunt,
500 471 552 515 D.
581 469 864 513 Liberalibus.

334 620 647 669 EPls'ronA
682 618 887 670 eccm.
933 615 1017 680 (aa
1050 620 1141 671 Aa.
1180 620 1261 670 rx.
1295 621 1403 682 10.)

186 696 269 732 Ser.
293 696 331 734 :n
347 697 545 734 Formiano
567 707 600 734 a.
615 696 652 734 d.
678 697 791 735 X1v.
810 696 896 734 Kal,
912 698 1007 744 Apr.
1032 698 1077 736 A.
1103 697 1151 738 υ.
1178 697 1218 734 c.
1245 698 1325 734 705.
1353 701 1400 744 (a.
1418 699 1461 736 ο.
1484 701 1558 744 49.)

141 764 241 810 Augi
264 775 306 800 se
330 766 482 810 scribit,
509 766 611 810 quod
633 765 858 813 Pompeium
881 776 956 801 non
980 765 1030 802 sit
1053 771 1224 814 secutus3
1253 777 1325 802 nec
1338 772 1460 803 tamen
1475 769 1605 804 incon-

141 811 306 847 siderate
337 812 535 857 quicquam
570 812 715 857 egisse,
756 813 980 858 praesertim
1014 824 1127 858 quum
1161 813 1309 849 Atticus
1347 815 1604 860 compluribus

231 858 425 904 epistolis,
462 869 616 904 quarum
646 859 1035 942 lozzaggfirtt'lfflbilb
1065 866 1107 897 ut
1138 859 1177 896 in
1201 859 1311 897 Italia
1334 868 1513 906 maneret,

628 974 818 1013 CICERO
847 974 1042 1012 ATTICO
1072 973 1114 1011 S.

251 1031 372 1076 Nihil
411 1032 647 1086 habebam,
699 1034 812 1086 quod
854 1034 1099 1078 scriberem.
1166 1032 1315 1086 Neque
1353 1032 1468 1075 enim
1507 1033 1608 1075 novi

138 1087 367 1142 quidquam
404 1091 619 1133 audieram
658 1093 702 1132 et
746 1091 799 1132 ad
828 1092 923 1131 tuas
951 1102 1094 1131 omnes
1122 1091 1423 1143 rescripseram
1451 1091 1605 1144 pridie.

138 1145 247 1198 Sed,
276 1158 405 1198 quum
431 1160 498 1188 me
526 1146 746 1201 aegritudo
774 1158 860 1189 non
881 1148 1015 1188 solum
1045 1158 1190 1188 somno
1218 1148 1433 1203 privaret,
1459 1160 1608 1189 verum

138 1212 194 1242 ne
230 1202 410 1256 vigilare
448 1204 618 1255 quidem
658 1204 750 1245 sine
788 1215 949 1245 summo
986 1204 1133 1245 dolore
1169 1205 1416 1257 pateretur,
1464 1205 1608 1246 tecum

140 1260 188 1299 ut
214 1260 337 1311 quasi
364 1261 586 1313 loquerer,
627 1260 673 1301 in
702 1272 787 1312 quo
815 1272 900 1302 uno
929 1262 1179 1312 acquiesco,
1207 1261 1293 1302 hoe
1319 1260 1464 1302 nescio
1488 1262 1607 1314 quid,

140 1317 261 1357 nullo
291 1320 541 1370 argumento
568 1317 811 1369 proposito,
852 1317 1042 1358 scribere
1070 1316 1250 1358 institui.
1307 1315 1465 1358 Amens
1499 1319 1606 1360 mihi

140 1371 272 1413 fuisse
295 1374 441 1415 videor
469 1389 495 1416 a
517 1373 733 1427 principio
763 1375 805 1414 et
833 1385 901 1414 me
929 1387 1016 1414 una
1038 1374 1145 1414 haec
1173 1386 1244 1415 res
1269 1374 1462 1428 torquet,
1492 1375 1608 1426 quod

141 1441 254 1482 non,
284 1431 477 1472 omnibus
504 1432 550 1473 in
579 1431 706 1472 rebus
735 1430 949 1471 labentem
975 1431 1046 1472 vel
1073 1431 1213 1483 potius
1242 1433 1457 1481 ruentem,
1486 1432 1609 1473 Pom-

141 1486 285 1538 peium
313 1489 516 1539 tanquam
544 1501 654 1528 unus
682 1487 962 1539 manipularis
991 1489 1160 1527 secutus
1188 1487 1282 1528 sim.
1336 1487 1435 1528 Vidi
1474 1488 1609 1530 homi-

141 1556 240 1585 nem
267 1557 354 1587 ΧΠ.
367 1546 465 1588 Kal.
484 1545 611 1587 Febr.
641 1546 817 1598 plenum
844 1543 1093 1587 formidinis.
1149 1544 1233 1586 1110
1261 1545 1355 1598 ipso
1383 1544 1452 1586 die
1478 1545 1608 1594 sensi,

143 1666 279 1702 Cicero
310 1668 376 1703 auf
398 1668 560 1713 Obiges:
598 1668 694 1703 illud
719 1695 727 1706 .
748 1694 756 1703 .
775 1695 783 1704 .
808 1668 966 1703 minoris
995 1671 1170 1714 aestimo,
1206 1682 1315 1715 quam
1346 1671 1612 1707 aestimabatur

142 1714 369 1749 Marcellino
394 1716 540 1750 consule
563 1715 708 1750 wieder
731 1715 884 1750 zuriick.
933 1715 1178 1761 Ueberhaupt
1201 1717 1349 1752 scheint
1373 1719 1509 1754 Cicero
1537 1719 1612 1753 den

142 1760 317 1804 Attikus,
341 1762 411 1796 der
434 1762 529 1797 auch
552 1761 647 1797 Lust
670 1772 753 1796 zum
768 1761 1001 1797 Lanuvinum
1025 1764 1220 1806 geiiussert
1244 1764 1361 1805 hatte,
1386 1776 1452 1800 aus
1467 1765 1613 1801 Scherz

143 1816 193 1841 zu
223 1808 370 1842 necken
401 1808 478 1842 und
511 1807 736 1842 absichtlich
767 1808 834 1842 das
858 1807 1090 1844 Lanuvinum
1119 1810 1188 1844 mit
1219 1810 1302 1845 dem
1328 1810 1532 1846 Troianum
1563 1821 1611 1846 zu

143 1863 393 1897 vermengem
435 1854 603 1888 welches
633 1855 790 1889 letztere
813 1865 856 1889 er
880 1855 996 1889 sehon
1021 1854 1156 1890 einmal
1181 1857 1283 1891 hatte
1306 1856 1445 1892 kaufen
1469 1858 1611 1892 wollen

144 1899 222 1932 und
246 1910 320 1933 nun
347 1910 392 1933 zu
417 1899 554 1934 kaufen
580 1900 772 1943 gedachte.
815 1901 926 1936 Denn
953 1913 1013 1947 ep.
1027 1902 1119 1946 354,
1145 1904 1166 1940 7
1197 1909 1279 1947 sagt
1303 1914 1364 1938 er:
1388 1904 1475 1947 „De
1487 1904 1612 1938 Lanu-

144 1944 253 1990 -vino,
296 1945 438 1981 erravi:
478 1946 683 1980 Troianum
705 1947 945 1982 somniabam.
992 1948 1038 1981 Id
1062 1960 1134 1992 ego
1159 1950 1263 1984 volui
1286 1950 1338 1984 D.
1387 1950 1464 1985 Sed
1488 1949 1613 1995 pluris

146 1996 216 2026 est.
258 1992 363 2026 Istud
389 1998 511 2026 tamen
536 2004 712 2037 cuperem
738 2004 881 2037 emere,
906 1994 939 2027 si
963 1994 1075 2028 ullam
1097 2006 1200 2040 spem
1223 1995 1372 2031 fruendi
1397 1997 1612 2031 haberem.”

144 2037 327 2074 Dadurch
350 2039 449 2073 klart
474 2049 514 2073 es
538 2039 619 2074 sich
642 2039 854 2083 gleichsalls
878 2040 961 2083 auf,
994 2051 1135 2076 warum
1160 2053 1202 2076 er
1225 2042 1310 2076 hier
1332 2042 1423 2076 istos
1444 2042 1612 2078 hortulos

145 2091 257 2129 eagt‚
299 2085 362 2120 die
394 2085 491 2119 doch
523 2095 605 2119 zum
637 2085 796 2130 praedio
820 2086 985 2121 Troiano
1011 2088 1207 2130 gehbrten.
1255 2088 1532 2130 Somniaverat‚
1569 2093 1612 2122 ut

144 2132 230 2176 ipse
255 2132 466 2166 confitetur.
513 2131 721 2167 Vielleicht
752 2133 883 2166 wollte
913 2145 955 2168 er
978 2134 1073 2168 auch
1097 2134 1169 2168 den
1193 2134 1347 2169 Attikus
1372 2146 1443 2169 nur
1465 2135 1612 2170 aussor-

145 2179 271 2214 seben.
303 2196 350 2203 —
397 2178 646 2222 aptissimum,
689 2179 776 2213 sehr
798 2179 970 2223 gelegen.
1003 2198 1048 2205 -
1093 2180 1166 2215 Sed
1190 2207 1198 2215 .
1217 2206 1253 2216 ..
1279 2185 1509 2224 contemnas,
1540 2191 1612 2214 nur

145 2224 324 2259 iibersieh
363 2224 468 2259 nicht
506 2224 569 2260 die
600 2224 827 2259 Narrheiten
862 2225 928 2259 des
959 2226 1142 2261 Phameas
1179 2227 1214 2262 d.
1245 2227 1272 2262 i.
1306 2228 1383 2261 wie
1418 2228 1509 2264 Viel
1543 2227 1613 2262 der

147 2271 246 2305 Narr
276 2271 342 2304 auf
368 2271 692 2315 Verschbnerung
722 2271 846 2305 dieses
869 2272 1112 2307 Landhauses
1138 2274 1424 2309 verschwendet
1446 2274 1510 2307 hat
1532 2273 1613 2317 (ἰη-

148 2327 259 2351 sanos
292 2317 330 2350 in
361 2317 520 2361 praedio
552 2316 771 2352 exornando
803 2325 967 2362 sumptus
997 2319 1043 2352 ab
1068 2330 1113 2353 eo
1138 2320 1289 2363 factos),
1331 2320 1414 2354 eine
1446 2320 1612 2362 Summe,

149 2363 213 2396 die
238 2363 301 2396 Du
325 2363 402 2397 wol
426 2363 531 2397 nicht
554 2364 622 2398 mit
645 2364 683 2398 in
707 2365 898 2409 Ansehlag
922 2363 1079 2409 bringen
1104 2367 1178 2400 und
1209 2367 1390 2401 bezahlen
1414 2366 1609 2399 mochtest.

148 2410 229 2445 Das
249 2408 326 2442 Gut
348 2408 399 2443 ist
422 2410 570 2443 sreilich
588 2410 720 2451 sc116n3
745 2410 857 2444 allein
884 2421 918 2445 u.
943 2422 973 2445 S.
999 2422 1046 2446 w.
1071 2431 1115 2438 -—
1152 2412 1375 2457 Quamquam
1397 2423 1444 2446 =
1466 2410 1613 2456 gleich-

151 2456 248 2495 wol,
274 2455 401 2489 allein.
427 2472 473 2480 ·-
509 2456 656 2491 addicta
675 2457 860 2496 vastitati,
887 2467 952 2491 zur
968 2458 1221 2503 Verheerung
1241 2459 1455 2496 verdammt‚
1479 2467 1611 2501 wegen

150 2502 218 2536 des
242 2501 534 2546 Bu‘rgerkriegs.
560 2522 603 2528 —
650 2503 698 2537 D.
723 2514 770 2538 ε
793 2503 893 2538 dedi.
936 2504 1189 2549 Liberalibus,
1214 2516 1270 2538 am
1297 2505 1407 2539 Feste
1431 2503 1497 2537 des
1516 2504 1612 2537 Bac-

152 2549 243 2583 chus
267 2548 323 2582 als
347 2548 465 2582 Liber
489 2554 615 2593 pater,
639 2559 716 2582 was
739 2561 796 2586 am
820 2552 877 2585 17.
895 2551 1000 2585 ΜὲἱΓΖ
1024 2552 1166 2596 pssegte
1189 2550 1348 2595 geseiert
1372 2561 1419 2585 zu
1443 2549 1611 2584 werden.

243 2596 274 2629 l.
306 2593 428 2636 pridie
459 2595 541 2630 scil.
575 2606 632 2640 ep.
656 2596 735 2631 350.
771 2615 814 2622 —-
871 2597 971 2630 nullo
1005 2607 1090 2640 arg.
1120 2596 1330 2642 proposito,
1372 2596 1470 2632 ohne
1503 2594 1612 2631 einen

153 2639 405 2686 eigentlichen
428 2639 527 2674 Stoff
548 2651 594 2674 zu
620 2641 739 2675 haben
763 2653 809 2677 ε
832 2642 899 2676 Izoc
923 2646 1043 2677 nescio
1068 2645 1165 2688 quid.

242 2687 276 2721 2.
312 2686 477 2719 omnibus
504 2712 512 2721 .
533 2713 540 2720 .
559 2712 568 2720 .
596 2692 779 2731 ruentem,
821 2689 875 2723 als
911 2689 972 2724 ich
997 2690 1060 2723 ibn
1087 2689 1122 2723 in
1148 2690 1246 2723 allen
1273 2689 1505 2734 Massi-egeln
1529 2697 1613 2723 aus-

154 2733 296 2776 gleiten
321 2732 414 2767 oder
438 2732 620 2768 vielmehr
639 2736 790 2771 sturzen
814 2736 890 2771 sah.
916 2753 960 2762 —-·
1008 2735 1115 2772 XIV.
1133 2736 1223 2772 Kal.
1242 2735 1367 2778 Febr„
1399 2747 1456 2770 am
1480 2735 1535 2771 19.
1555 2735 1613 2769 Ia-

1626 1320 1658 1360 [ἦ
