1795 3043
179 101 281 147 390
392 108 395 111 “
450 94 514 141 Μ.
540 94 597 141 Τ.
628 93 972 141 CICERONIS
1006 93 1383 144 EPISTOLAE.

185 208 466 258 Tironemque
488 205 615 256 Curio
645 206 933 257 commendes;
978 204 1023 249 ut
1043 207 1106 256 ei,
1137 209 1185 249 ut
1203 208 1335 261 petii,
1364 207 1400 249 si
1420 207 1522 262 quid
1540 220 1649 262 opus

189 266 271 306 crit
299 265 343 305 in
375 265 612 316 sumptum,
653 266 812 318 eroget.

346 435 659 483 EPISTOLA
694 435 980 482 CCCXXIX.
1031 436 1112 494 (ad
1147 437 1239 483 Att.
1269 436 1400 484 VIII.
1435 440 1508 498 5.)

278 511 361 547 Ser.
385 512 423 546 in
447 512 644 548 Formiano
670 513 763 548 vn.
789 513 873 548 Kal.
899 513 1012 547 Mart.
1037 513 1080 548 A.
1107 513 1154 548 U.
1180 513 1223 549 c.
1250 514 1328 550 705.
1364 516 1412 557 (a.
1439 514 1480 549 c.
1505 513 1581 556 49.)

199 581 371 627 Pompeii
398 581 591 616 literarum
616 581 662 614 ad
688 580 878 615 consulem
903 581 1125 626 scriptarum
1152 583 1362 628 exemplum
1388 581 1516 616 Attico
1541 581 1664 619 mittit.

313 628 430 663 1—2.
479 635 693 673 quartanam
724 627 770 661 ab
787 638 841 708 (ἵέ
859 627 1087 709 ῗέῗξῐεέἰεέθ
1110 628 1267 674 gaudet3
1306 629 1410 664 addit
1436 639 1555 675 pauca

695 741 883 777 CICERO
916 741 1107 776 ATTICO
1132 742 1173 779 S.

315 801 546 854 obsignata
575 800 660 848 iam
691 802 898 852 epistola,
940 813 1065 853 quam
1095 801 1146 841 de
1175 804 1299 844 nocte
1329 802 1506 844 daturus
1536 814 1666 849 eram,

202 858 313 899 sicut
341 859 458 906 dedi,
489 879 548 888 --·
595 871 692 898 uam
723 871 815 898 eam
844 858 1011 909 vesperi
1043 859 1317 911 scripseram,
1349 882 1403 890 —
1448 860 1492 899 C.
1523 860 1668 900 Sosius

206 918 378 968 praetor
391 916 433 955 in
446 915 717 956 Formianum
737 916 853 956 venit
873 915 924 955 ad
937 914 1240 967 M'.Lepidum‚
1262 917 1446 958 vicinum
1464 919 1669 967 nostrum,

207 973 330 1014 cuius
359 975 559 1023 quaestor
584 974 690 1022 fuit3
731 973 925 1025 Pompeii
954 974 1175 1014 literarum
1204 973 1256 1014 ad
1287 975 1503 1014 consulem
1530 985 1670 1014 exem-

208 1032 325 1083 plum
355 1031 515 1072 attulit.

159 1091 186 1130 2
326 1089 502 1127 Literae
529 1089 635 1127 mihi
662 1102 690 1128 α
721 1090 774 1127 L.
806 1089 997 1129 Domitio
1026 1103 1068 1128 α.
1101 1089 1142 1129 d.
1174 1101 1286 1128 ΧῙΠ.
1318 1089 1503 1128 Kalend.
1535 1089 1670 1129 Mart.

211 1147 377 1185 allatae
418 1150 542 1185 sunt:
588 1159 737 1185 earum
777 1148 1008 1196 exemplum
1048 1146 1171 1194 infr-cc
1213 1148 1378 1196 scripsi.
1440 1148 1584 1191 Nunc,
1624 1150 1671 1184 ut

209 1217 287 1255 ego
319 1216 404 1241 non
431 1202 641 1249 scribam,
672 1209 749 1241 tua
779 1209 927 1253 sponte
956 1209 998 1241 te
1027 1205 1266 1255 intelligere
1294 1205 1404 1249 scio,
1436 1204 1588 1254 quanti
1607 1204 1672 1240 rei

206 1259 402 1310 publicae
432 1261 623 1305 intersit,
656 1272 799 1298 omnes
829 1262 974 1310 copias
1004 1262 1047 1297 in
1077 1272 1205 1297 unum
1237 1262 1373 1298 locum
1399 1263 1542 1309 primo
1572 1272 1672 1310 quo-

210 1330 289 1367 que
307 1322 493 1366 tempore
509 1317 747 1354 convenire.
815 1316 889 1361 Tu,
919 1318 958 1355 si
976 1315 1053 1354 tibi
1071 1315 1297 1362 videbitur,
1330 1316 1452 1354 dabis
1484 1329 1670 1366 operam,

211 1386 337 1424 quam
363 1375 550 1423 primum
580 1373 639 1410 ad
667 1385 744 1411 nos
773 1375 934 1412 venias.
994 1372 1213 1411 praesidia·
1242 1373 1432 1424 Capuae,
1467 1379 1673 1424 quantum

213 1432 486 1470 constitueris
515 1442 602 1468 esse
630 1433 764 1479 satis,
803 1432 1035 1481 relinquas.

163 1491 190 1530 3
327 1485 490 1525 Deinde
527 1485 750 1536 supposuit
787 1486 1022 1535 exemplum
1062 1484 1268 1536 epistolae
1308 1484 1509 1536 Domitii,
1563 1483 1673 1535 quod

216 1553 292 1594 ego
322 1542 372 1582 ad
408 1544 448 1581 te
477 1541 616 1593 pridie
645 1542 855 1582 miseram.
912 1542 986 1582 ‘Dii
1015 1543 1295 1592 immortalem,
1326 1542 1398 1593 qui
1422 1554 1488 1581 me
1521 1541 1677 1581 horror

213 1599 418 1650 perfudit!
464 1611 588 1650 quam
618 1611 711 1638 sum
740 1598 969 1646 sollicitus,
1006 1600 1203 1650 quidnam
1234 1599 1422 1638 futurum
1453 1597 1529 1639 sit!
1581 1599 1675 1639 Hoc

215 1658 352 1696 tamen
393 1668 541 1708 spero,
589 1668 786 1708 magnum
826 1668 974 1695 nomen
1022 1656 1286 1707 imperatoris
1323 1657 1436 1704 fore,
1482 1668 1678 1708 magnum

215 1713 259 1752 in
280 1713 461 1753 adventu
483 1716 700 1754 terrorem.
760 1712 893 1765 Spero
924 1712 1067 1765 etiam,
1092 1724 1162 1743 *ο*
1193 1712 1390 1763 quoniam
1413 1713 1550 1753 adhuc
1568 1713 1679 1753 nihil
1737 1701 1753 1710 ”

214 1834 312 1878 apud
350 1834 503 1868 Curium
534 1836 667 1870 Cicero
710 1845 860 1878 aegrum
896 1833 1076 1867 Tironem
1118 1833 1333 1876 reliquerat.
1383 1832 1588 1867 MANUT.
1637 1851 1683 1858 —

216 1881 252 1916 S.
269 1892 327 1924 ep.
340 1881 608 1923 CCLXXXV,
625 1882 657 1915 2.
692 1880 1016 1922 CCLXXXVIII,
1034 1880 1067 1914 2.
1095 1879 1412 1920 CCCLXXXlX,
1442 1881 1470 1913 l.
1498 1879 1680 1921 CCXCll,

214 1929 249 1962 3.
283 1927 490 1970 CCXCHI,
515 1929 548 1962 3.
588 1928 732 1962 CCCX.
763 1946 808 1952 —
856 1928 895 1960 in
919 1930 1117 1970 sumptum,
1161 1936 1208 1959 zu
1234 1925 1363 1959 seiuen
1388 1925 1601 1969 Ausgaben.
1639 1945 1681 1950 —

217 1978 364 2016 eroget,
399 1973 473 2007 ihm
499 1974 805 2008 vorzustrecken.

309 2021 340 2054 1.
376 2020 419 2053 de
444 2025 557 2054 nocte.
594 2020 634 2054 S.
660 2020 807 2054 Ramsh.
833 2021 862 2063 ξ.
881 2020 960 2061 147,
984 2019 1018 2052 2.
1044 2037 1089 2043 -—-
1135 2019 1229 2051 ειέιιί
1253 2017 1348 2050 dedi.
1384 2017 1579 2061 Significat
1603 2018 1683 2062 epi-

218 2066 349 2100 stolam
378 2067 457 2101 328.
493 2086 537 2092 —
586 2067 625 2101 C.
653 2067 804 2109 Sosius,
847 2072 999 2110 praetor
1028 2065 1188 2099 Lentulo
1222 2069 1259 2097 et
1289 2064 1330 2097 C.
1356 2064 1540 2098 Marcello
1575 2064 1680 2099 Coss.

217 2112 304 2147 Fuit
343 2119 521 2156 quaestor
557 2114 619 2147 Μ’.
653 2113 804 2158 Lepidi.
854 2112 942 2148 Vid.
981 2123 1040 2156 ep.
1067 2110 1266 2146 CCCXLI.
1299 2128 1343 2134 -—
1389 2111 1460 2143 M’.
1493 2110 1682 2153 Lepidum.

220 2158 258 2192 S.
291 2170 350 2202 ep.
378 2159 525 2202 CCCV,
558 2160 592 2193 4.
640 2159 695 2192 Er
729 2169 808 2192 war
838 2160 905 2194 688
939 2157 1079 2192 Consul
1112 2167 1299 2200 gewesen.
1326 2173 1368 2179 —
1417 2157 1466 2189 ad
1489 2157 1683 2200 consulem,

220 2216 265 2238 an
289 2205 409 2239 Einen
436 2205 504 2238 der
530 2204 708 2239 Consuln.
746 2205 784 2239 S.
813 2216 872 2250 ep.
890 2204 1135 2245 CCCXXXI,
1160 2203 1193 2237 2.
1220 2221 1264 2227 -—
1310 2202 1434 2235 attulit
1459 2203 1635 2246 Capuam.

311 2252 344 2285 2.
385 2262 418 2283 a.
454 2252 488 2284 d.
521 2252 634 2286 XIII.
660 2251 818 2286 Kalend.
845 2252 986 2293 Mare„
1027 2249 1196 2294 gegeben
1224 2249 1294 2282 den
1320 2250 1375 2281 17.
1394 2248 1505 2282 Febr.
1545 2249 1685 2283 Ponte-

221 2297 311 2330 dera
336 2297 484 2341 Antiqq.
513 2308 549 2341 p.
568 2298 647 2332 322.
674 2298 839 2331 volebat:
873 2299 949 2331 ΙΙΙ.
977 2296 1047 2330 IV.
1075 2295 1134 2329 vel
1166 2295 1208 2329 V.
1222 2295 1277 2328 ld.
1289 2295 1394 2328 Febr.
1429 2314 1459 2319 —
1512 2295 1551 2328 in
1577 2307 1685 2329 unum

222 2344 343 2377 Iocum
368 2368 402 2378 ..
420 2370 428 2379 .
455 2345 659 2378 convenire.
700 2344 866 2378 Freilich
895 2343 997 2377 nicht
1022 2353 1080 2376 um
1106 2341 1187 2374 dem
1214 2340 1403 2374 Domitius
1429 2351 1475 2375 zu
1501 2342 1613 2375 Hulfe
1638 2352 1685 2376 zu

222 2390 416 2431 kommen,
450 2389 521 2423 wie
547 2390 681 2423 Cicero
707 2390 863 2433 memte,
896 2389 1056 2423 sondern
1084 2387 1139 2421 sie
1163 2387 1364 2431 moglichst
1389 2387 1474 2420 bald
1500 2398 1544 2421 zu
1564 2388 1686 2421 Brun-

223 2436 355 2470 disium
382 2436 661 2470 einzuschiffen.
689 2455 732 2463 -
780 2447 887 2480 quam
908 2447 964 2480 pr.
991 2435 1039 2468 ad
1063 2445 1128 2466 nos
1152 2445 1207 2475 v.‚
1239 2434 1365 2468 Lamb.
1395 2432 1430 2466 in
1460 2445 1506 2467 m.
1533 2435 1623 2469 1584
1649 2438 1686 2467 ut

223 2493 546 2562 zxssgzitlfflrzssvgz:
573 2482 681 2562 icriRin.
701 2480 1688 2562 SlzrjgffllanLah.638}lsfinffis13—--130211238“letwelqfflltt-i·ljhl2.cox:¹

224 2576 323 2609 sulto
355 2575 585 2609 sustulerunt
616 2574 712 2608 Edd.
741 2573 951 2608 hexametri
986 2572 1150 2608 exitum}
1196 2584 1305 2616 quem
1338 2571 1436 2618 aflpud
1465 2572 1686 2618 Pompeium

225 2622 289 2656 vix
314 2620 478 2655 damnes.
514 2620 710 2654 ORELLI.

313 2669 348 2702 3.
378 2668 504 2712 pridie
527 2668 721 2707 miseram,
755 2666 915 2699 sortasse
940 2676 1009 2709 per
1033 2665 1217 2699 Pollicem
1242 2675 1402 2699 servum.
1444 2663 1500 2699 Cf.
1527 2676 1585 2710 ep.
1605 2666 1686 2700 328.

223 2713 331 2747 SCH.
360 2733 405 2738 —
454 2724 508 2746 me
538 2715 631 2748 hanc
656 2724 675 2746 e
707 2712 849 2746 istolam
877 2711 1077 2754 legentem.
1114 2729 1161 2738 ·-·
1207 2711 1459 2754 imperatoris,
1498 2711 1685 2755 Pompeii.

224 2778 268 2785 -
299 2760 340 2793 in
364 2760 530 2795 adventu.
589 2761 670 2794 Hau
722 2759 812 2794 satis
839 2765 1012 2803 apparet,
1045 2757 1092 2793 de
1117 2757 1303 2803 Pompeio
1329 2757 1400 2792 hoc
1424 2757 1541 2801 dicat,
1572 2768 1617 2792 an
1641 2758 1689 2793 de
