1795 3043
202 55 305 105 284
470 47 536 96 Μ.
571 48 628 94 Τ.
664 45 1001 94 CICERONIS
1034 48 1405 98 EPISTOLAE.

203 166 300 205 tuae
328 162 480 204 literae
498 160 550 201 de
573 159 811 213 legionibus
832 159 1020 202 Caesaris
1040 160 1264 211 afferrent;
1295 165 1337 204 et
1358 164 1491 217 egisse
1508 167 1662 219 tecum,

203 223 253 262 ut
275 220 454 267 videres,
485 229 539 257 ne
568 217 669 269 quid
699 219 908 266 φιλοτιμία
937 219 1041 271 eius,
1071 231 1194 270 quem
1223 220 1357 267 nosti,
1389 221 1510 262 nobis
1538 236 1664 265 noce-

203 279 297 327 ret,
325 278 367 316 et
395 275 446 315 de
472 287 554 326 quo
582 276 666 314 iam
693 275 856 326 pridem
885 275 938 315 ad
968 277 1009 315 te
1038 276 1302 328 scripseram,
1331 279 1562 320 Turranius
1590 294 1662 321 au-

204 337 291 375 tem
327 345 449 373 secus
484 332 564 372 tibi
594 332 807 372 Brundisii
846 333 1032 373 dixerat:
1090 356 1149 362 --
1187 333 1300 385 quod
1337 346 1388 375 ex
1433 335 1486 375 iis
1521 337 1662 378 literis

204 389 408 444 cognovi,
447 402 550 440 quas
579 402 603 429 a
631 389 825 436 Xenone,
868 389 1027 441 optimo
1056 390 1168 443 viro,
1211 392 1360 443 accepi
1387 412 1446 421 -—·
1475 405 1551 433 cur
1578 395 1663 435 fra-

152 455 183 496 2
206 450 314 489 trem
342 446 589 499 provinciae
617 458 702 486 non
732 448 1046 498 praefecissem,
1088 449 1261 500 exposui
1291 447 1484 490 breviter.
1541 450 1661 491 Haec

203 507 297 547 fere
326 504 423 544 sunt
451 504 496 544 in
524 504 602 544 illa
639 503 834 555 epistola.
906 503 1028 544 Nunc
1059 505 1157 545 audi
1186 506 1362 556 reliqua.
1423 506 1506 546 Per
1532 507 1664 547 sortu-

200 567 303 605 11351
343 572 506 601 0111110111
532 563 651 600 tuum
683 572 888 608 amorem,
920 573 1003 612 quo
1033 573 1099 601 me
1130 574 1172 602 es
1202 563 1440 613 amplexus,
1479 574 1662 604 omnem-

201 631 287 672 que
314 620 429 659 tuam
458 616 746 669 prudentiam,
775 629 901 668 quam
929 618 1170 658 mehercule
1197 619 1241 658 in
1272 620 1389 659 omni
1417 631 1570 672 genere
1599 621 1663 660 iu-

202 676 301 717 dico
341 675 619 727 singularem,
661 673 807 713 confer
842 673 928 714 iam
965 674 1018 714 ad
1057 688 1149 715 eam
1180 688 1348 728 curam,
1389 677 1438 715 ut
1466 676 1518 716 de
1548 677 1662 717 omni

200 734 315 774 statu
343 743 436 772 meo
466 731 634 785 cogites.
694 729 848 770 Videre
886 730 999 771 enim
1035 733 1141 772 mihi
1179 732 1326 773 videor
1354 734 1513 773 tantam
1542 733 1664 774 dimi-

202 790 413 833 cationem
441 809 497 818 --
526 788 611 828 nisi
638 786 749 827 idem
777 787 901 835 deus,
940 788 1013 839 qui
1040 801 1116 828 nos
1145 790 1317 836 melius,
1357 802 1484 840 quam
1513 792 1663 842 optare

202 847 476 897 auderemus,
515 845 716 885 Parthico
744 843 859 884 bello
888 845 1105 893 liberavit,
1145 846 1377 898 respexerit
1406 859 1496 886 rem
1525 847 1663 899 publi·

203 916 300 946 cam
327 927 385 933 ——
413 901 487 942 sed
514 904 688 953 tantam,
718 903 875 953 quanta
903 914 1116 953 nunquam
1144 904 1239 944 fuit.
1278 903 1366 955 Age
1395 903 1476 943 hoc
1505 905 1663 944 malum

202 961 312 1006 mihi
340 971 562 1001 commune
591 961 654 999 est
683 971 777 999 cum
807 959 1013 1000 omnibus.
1069 959 1189 1000 Nihil
1216 960 1296 999 tibi
1325 960 1497 1012 mando,
1533 961 1580 999 ut
1609 960 1662 999 de

202 1031 254 1059 eo
271 1018 442 1071 cogites.
481 1015 593 1056 Illud
621 1028 758 1056 meum
784 1015 1001 1068 proprium
1029 1014 1256 1068 πρόβλημα,
1286 1028 1456 1069 quaese,
1484 1018 1663 1069 suscipe.

200 1075 396 1123 Videsne,
438 1075 484 1113 ut
513 1075 555 1113 te
585 1075 758 1113 auctore
786 1073 863 1112 sim
890 1075 1116 1124 utrumque
1147 1075 1416 1125 complexus?
1473 1072 1538 1114 Ac
1577 1075 1663 1116 vel-

200 1133 289 1174 lem
317 1146 343 1173 a
370 1130 585 1184 principio
614 1132 656 1171 te
686 1129 850 1170 audisse
876 1129 1129 1170 amicissime
1158 1132 1419 1177 monentem,

372 1196 479 1238 Ἀλλ’
509 1197 605 1247 ἐμὸν
632 1195 777 1237 ούποτε
800 1195 938 1245 θυμὸν
967 1199 1028 1236 ἐνί
1055 1195 1276 1248 στήθεσσιν
1304 1199 1478 1251 ἔπειθες,

373 1256 580 1305 Πατρίδος
604 1277 663 1285 —

200 1324 288 1368 Sed
317 1323 548 1378 aliquando
578 1325 716 1364 tamen
745 1323 1015 1376 persuasisti,
1056 1325 1104 1365 ut
1133 1325 1313 1364 alterum
1342 1323 1662 1377 complecterer,

201 1471 296 1506 Ern.
321 1479 424 1514 susp.
448 1469 758 1504 conterruz·sse.—
783 1469 826 1503 de
850 1469 922 1511 leg.
944 1468 1048 1503 caes.
1074 1480 1133 1514 ep.
1152 1469 1219 1503 282
1244 1479 1300 1502 3111
1316 1468 1490 1503 Ende.—-
1521 1470 1594 1514 φιλ
1605 1481 1660 1503 ot.

201 1529 235 1554 s,
261 1528 318 1562 ep.
339 1517 426 1556 282,
449 1515 482 1550 2.
507 1533 551 1540 -
590 1520 622 1548 et
647 1516 690 1549 de
714 1526 795 1559 quo,
835 1515 898 1550 Sic
932 1515 1009 1548 Md.
1037 1522 1106 1549 001.
1153 1515 1285 1548 Totam
1316 1515 1391 1549 loci
1427 1525 1575 1559 pravam
1606 1514 1663 1547 di-

202 1562 442 1599 stinctionem
465 1561 617 1596 correxi
642 1572 724 1595 cum
751 1561 837 1596 sch.
864 1562 901 1595 111
925 1561 995 1594 Ed.
1020 1561 1123 1599 mai,
1150 1560 1214 1604 qui
1238 1560 1334 1594 coni.
1363 1561 1529 1606 scripsit:
1562 1560 1664 1593 deni-

204 1621 271 1655 que
296 1611 339 1645 de
364 1620 443 1654 quO.
471 1608 666 1642 ORELLI.
704 1607 768 1641 Sic
794 1613 830 1641 et
846 1607 996 1640 Liinem.
1012 1626 1055 1631 ---
1092 1618 1192 1640 secus
1215 1619 1261 1640 z
1285 1608 1451 1641 unrecht.
1487 1607 1662 1641 Ceterum

205 1656 307 1700 quod
325 1654 534 1690 Turranius
559 1654 682 1688 Attico
706 1664 808 1687 secus
831 1653 990 1695 dixerat,
1016 1653 1060 1686 ad
1073 1653 1248 1688 Quintum
1272 1653 1422 1686 fratrem
1446 1652 1663 1697 provinciae

203 1713 280 1736 non
305 1702 555 1748 praesectum,
590 1711 663 1733 non
697 1706 817 1733 autem
849 1700 895 1732 ad
924 1699 1168 1733 Philotimum
1202 1699 1412 1743 pertinere,
1446 1698 1662 1742 planissime

204 1749 434 1795 perspicitur
458 1758 506 1780 ex
532 1745 590 1780 his
617 1758 673 1791 ep.
690 1746 768 1780 282.
793 1746 821 1788 §.
838 1747 871 1781 3.
897 1745 1041 1779 verbis:
1068 1745 1239 1778 Intellexi
1264 1751 1332 1778 010.
1352 1763 1396 1769 -—
1426 1755 1469 1777 ea:
1485 1745 1546 1787 iis,
1570 1745 1660 1777 Asc.

205 1798 241 1830 l.
268 1796 369 1830 Crat.
397 1793 498 1830 Vict.
515 1795 547 1826 1.
574 1793 700 1826 Lamb.
727 1803 770 1825 ex
794 1791 860 1826 his.
880 1810 921 1816 —
954 1804 976 1824 α
1001 1791 1160 1825 Xenone.
1194 1791 1277 1824 Non
1303 1797 1357 1824 est
1381 1790 1546 1834 dubium,
1572 1789 1662 1833 quin

204 1841 267 1876 hic
290 1842 389 1875 idem
413 1839 478 1878 sit,
512 1838 576 1882 qui
602 1838 808 1872 nominatur
833 1849 892 1883 ep.
911 1839 990 1881 196,
1007 1838 1039 1871 5.
1069 1844 1105 1870 et
1131 1838 1210 1879 198,
1227 1838 1260 1871 6.
1279 1856 1319 1861 —

296 1888 332 1922 2.
365 1887 437 1921 Per
459 1887 646 1928 fortunas!
682 1885 743 1918 bei
779 1888 936 1918 meinem
972 1894 1113 1927 ganzen
1138 1883 1253 1917 Wohl
1279 1883 1371 1916 oder
1394 1882 1512 1916 Weh!
1537 1899 1581 1905 —
1622 1880 1664 1913 in

206 1934 308 1967 omni
330 1932 569 1977 negotiorum
596 1937 632 1965 et
657 1931 865 1965 officiorum
889 1942 1034 1973 genere.
1070 1929 1173 1964 Ordo
1197 1930 1415 1962 verborum:
1444 1929 1569 1970 confer
1586 1926 1663 1959 iam

205 1990 347 2014 omnem
371 2006 379 2014 .
397 2005 405 2013 .
431 1988 593 2011 amorem
620 2003 628 2011 .
647 2004 654 2012 .
673 2003 682 2011 .
709 1988 914 2021 omnemque
940 2003 948 2011 .
965 2003 972 2011 .
1004 1976 1237 2021 prudentiam
1262 2002 1270 2009 .
1290 2000 1298 2008 .
1316 2001 1323 2009 .
1348 1975 1395 2008 ad
1420 1986 1498 2008 eam
1523 1984 1661 2007 curam.

204 2026 355 2062 Vocab.
382 2025 478 2059 enim
501 2034 662 2057 amorem
686 2035 759 2057 non
784 2024 925 2068 pendet
951 2035 971 2057 e
995 2034 1029 2057 v.
1051 2033 1119 2067 per
1143 2028 1226 2056 ante
1245 2022 1419 2063 fortunas.
1437 2039 1479 2044 —
1516 2019 1664 2060 Videre,

206 2071 258 2106 im
283 2072 433 2107 vorans
458 2070 586 2111 seben,
614 2075 798 2114 entgegen
823 2070 949 2104 sehen.
971 2088 1015 2094 —
1049 2073 1157 2107 statu,
1182 2068 1293 2110 Lage.
1311 2085 1354 2091 —
1398 2066 1541 2108 dimic„
1574 2064 1666 2098 zwi-

207 2118 323 2153 schen
347 2118 462 2151 Casar
487 2128 519 2150 u.
545 2116 813 2160 Pompeius.—
849 2127 1008 2160 respez„
1036 2114 1074 2149 in
1100 2113 1254 2149 Gnaden
1278 2112 1357 2146 sich
1382 2112 1447 2145 des
1463 2111 1665 2145 Freistaats

207 2163 402 2206 annimmt,
429 2162 492 2196 ihn
517 2163 655 2206 gnadig
679 2162 834 2196 ansieht.
855 2181 900 2188 -—
932 2163 994 2196 sed
1018 2162 1109 2195 nach
1133 2160 1199 2194 der
1223 2159 1399 2193 Parenth.
1423 2170 1470 2191 :-
1493 2158 1568 2200 sag'
1593 2156 1666 2189 ich.

209 2208 470 2256 EpanalepsiS.
487 2227 533 2234 ·—
557 2219 645 2251 age,
669 2214 710 2242 ut
735 2220 866 2253 saepe,
893 2208 1131 2242 attentionem
1156 2205 1309 2239 alterius
1337 2204 1475 2237 excitat
1499 2215 1544 2236 =
1569 2201 1665 2235 doch

209 2257 378 2291 wohlan!
419 2254 496 2288 Cfr.
522 2255 629 2288 Hand
658 2256 812 2288 Tursell.
830 2257 861 2289 1.
895 2255 1028 2300 p.208.
1057 2272 1102 2278 -—
1137 2253 1181 2285 de
1205 2262 1266 2293 eo,
1305 2251 1370 2284 auf
1396 2249 1519 2285 Mittel
1553 2248 1667 2292 dage-

209 2314 360 2349 gen.·—
391 2311 506 2335 meum
529 2312 680 2344 ;pr0pr.,
711 2301 880 2345 dagegen
913 2301 993 2335 bitt'
1027 2299 1106 2343 ich,
1138 2297 1342 2331 iibernimm
1374 2296 1435 2330 die
1459 2294 1667 2336 Auflbsung

209 2348 409 2393 t'olgender
423 2347 613 2390 Aufgabe,
640 2346 701 2381 die
726 2348 827 2381 bloss
852 2347 947 2381 mich
973 2347 1092 2381 selbst
1116 2343 1268 2378 betrifft.
1286 2361 1324 2367 ——
1362 2347 1550 2385 utrumque
1574 2341 1666 2375 Cae·

211 2407 332 2430 sarem
359 2400 395 2427 et
408 2393 640 2437 Pompeium.
675 2394 893 2437 complexus,
917 2392 1127 2437 Pompeium
1152 2394 1186 2423 et
1203 2389 1422 2423 Caesarem?
1445 2387 1521 2421 Md.
1540 2387 1665 2420 Oxou.

209 2443 245 2477 2.
272 2441 430 2476 Helmst.
455 2439 559 2473 Rom.
595 2439 691 2472 lens.
728 2442 809 2473 Asc.
833 2442 865 2473 1.
899 2440 999 2473 Crat.
1037 2436 1295 2470 ORELLI.-
1331 2433 1490 2468 amiciss.
1522 2442 1667 2466 monen-

211 2493 295 2522 tem.
333 2488 436 2521 Haec
460 2485 655 2519 referenda
686 2485 732 2518 ad
763 2486 958 2519 Caesarem
991 2490 1142 2517 tantum.
1180 2483 1270 2517 Nam
1297 2481 1431 2516 Cicero
1456 2486 1540 2513 ante
1565 2477 1666 2512 exsi-

211 2535 303 2568 lium
328 2534 518 2576 refugerat
541 2530 737 2564 amicitiam
764 2531 955 2572 Caesaris,
987 2528 1172 2574 Pompeio
1203 2535 1323 2562 autem
1357 2526 1505 2572 penitus
1537 2534 1577 2557 se
1603 2523 1668 2558 de-

211 2581 337 2623 derat,
372 2589 446 2622 quo
481 2577 629 2611 nomine
663 2587 775 2621 saepe
808 2589 889 2611 eum
920 2575 1065 2611 Atticus
1097 2573 1348 2619 reprehendit.
1382 2570 1599 2606 CASAUB.
1624 2587 1666 2594 —-

212 2627 304 2661 ἀλλ’
340 2624 459 2669 ἐμὸν.
506 2623 697 2659 versiculi
730 2624 918 2668 paululum
950 2621 1080 2656 inflexi
1113 2633 1161 2655 ex
1199 2620 1336 2665 Odyss.
1358 2619 1437 2661 IX,
1458 2619 1515 2653 33.
1542 2616 1600 2650 34.
1625 2633 1670 2661 7-

211 2672 449 2718 Πατρίδος
480 2670 526 2711 ὠς
562 2670 664 2705 οὐδὲν
696 2669 844 2713 γλύκιον
877 2671 929 2711 ἡς.
991 2668 1044 2701 Im
1077 2668 1217 2701 Homer
1251 2667 1298 2706 ὥς
1330 2665 1432 2700 οὐδὲν
1457 2661 1605 2708 γλύκιον
1631 2661 1674 2703 ἡς

213 2718 398 2765 πατρίδος.
449 2715 584 2750 Cicero
610 2715 769 2750 stimmte
795 2727 864 2751 nur
889 2715 953 2750 das
981 2715 1063 2749 eine
1090 2714 1314 2759 Hauptwort
1338 2722 1396 2746 an.
1424 2728 1465 2735 -—
1509 2708 1676 2750 alterum,
