1795 3043
478 41 790 90 EPISTOLA
831 42 1076 90 CCXXIII.
1409 52 1504 99 103

53 154 125 202 ῑί5,
154 153 286 195 fuisse
317 154 456 195 nullos
486 155 600 206 puto.
659 153 821 195 Arabes
850 154 922 206 qui
953 156 1146 204 fuerunt,
1185 156 1372 198 admixto
1402 158 1502 199 Par·-

52 213 169 253 thico
213 214 387 263 ornatu,
427 211 627 251 dicuntur
656 223 797 251 omnes
836 213 1073 254 revertisse.
1132 213 1307 254 Hostem
1336 227 1425 255 esse
1453 217 1496 256 in

52 269 173 321 Syria
201 271 355 322 negant
383 269 527 307 ullum.
603 268 665 308 Tu
696 270 823 308 velim
852 269 905 309 ad
933 281 999 308 me
1029 282 1154 321 quam
1183 272 1426 322 saepissime
1455 275 1497 313 et

52 325 103 366 de
139 327 223 365 tuis
260 326 385 366 rebus
413 324 572 365 scribas
603 327 644 364 et
673 325 723 364 de
752 327 854 366 meis
896 326 937 365 et
968 325 1020 365 de
1057 328 1171 366 omni
1201 329 1262 367 rei
1300 329 1497 380 publicae

51 384 187 422 statu:
219 383 271 422 de
300 394 381 434 quo
412 394 500 421 sum
529 382 737 421 sollicitus
769 394 818 421 eo
848 382 992 434 magis,
1022 383 1132 434 quod
1165 396 1215 424 ex
1245 385 1330 425 tuis
1360 386 1496 427 literis

49 439 229 493 cognovi
252 438 508 491 Pompeium
537 441 723 478 nostrum
752 440 797 479 in
827 439 1075 494 Hispaniam
1103 441 1273 481 iturum.

207 587 521 634 EPISTOLA
556 587 806 632 CCXXIII.
876 587 958 644 (ad
991 589 1096 634 Div.
1134 589 1266 635 VIII.
1301 592 1371 650 8.)

183 675 278 719 (Ser.
305 675 444 709 Romae
468 683 594 708 mense
613 674 770 709 Octobri
803 675 848 710 A.
875 674 919 709 U.
946 675 986 710 C.
1014 677 1091 711 703.
1127 677 1173 720 (a.
1202 677 1243 712 c.
1270 677 1343 721 51.)

45 745 105 779 De
131 743 351 789 Sempronio
375 743 473 777 Ruso
500 742 632 777 Tuccii
666 749 881 778 accusatore
911 744 1116 778 calumniae
1142 744 1323 780 damnato.
1351 747 1381 780 1.
1430 746 1490 780 De

45 791 163 826 Marci
194 789 349 825 Servilii
385 800 507 823 causa.
544 789 645 825 2—3.
695 789 852 824 Senatus
879 791 1047 824 consulta
1073 792 1120 825 de
1143 793 1348 836 provinciis
1380 793 1486 827 sacta.

44 839 142 876 4-8.
168 836 340 882 Pompeii
372 836 419 870 de
444 835 613 870 Caesaris
639 837 843 880 provinciis
869 838 1059 871 sententia.
1086 839 1118 872 9.
1153 839 1351 873 Postremo
1377 850 1489 882 quae-

434 882 516 916 dam
541 882 643 916 addit
668 883 714 916 de
739 882 816 917 suis
843 883 1015 926 negotiis.
1042 885 1098 917 10.

372 951 422 986 M.
449 950 666 985 CAELIUS
691 951 742 986 M.
771 951 1014 985 CICERONI
1039 951 1078 987 S.
1104 951 1155 986 D.

159 1020 255 1060 Etsi
271 1020 322 1060 de
342 1033 389 1061 re
409 1020 585 1073 publica
603 1033 710 1072 quae
730 1021 805 1060 tibi
831 1021 1011 1062 scribam
1031 1021 1166 1062 habeo
1183 1037 1193 1062 ε
1211 1022 1348 1062 tamen
1365 1022 1486 1075 nihil,

0 1119 1 1130 2
43 1078 153 1130 quod
182 1079 312 1130 magis
340 1079 580 1130 gavisurum
609 1081 649 1118 te
682 1080 838 1130 putem,
868 1079 1018 1128 habeo,
1049 1091 1176 1130 quam
1204 1079 1298 1120 hoc.
1352 1080 1484 1131 Scito,

45 1135 88 1174 C.
120 1136 410 1186 Sempronium
443 1135 616 1186 Rufum,
657 1135 827 1187 Rufum,
868 1137 952 1175 mel
983 1148 1033 1176 ac
1063 1135 1239 1176 delicias
1268 1138 1381 1188 tuas,
1414 1149 1482 1176 ca-

43 1191 244 1232 lumniam
271 1193 450 1232 maximo
480 1193 630 1243 plausu
661 1193 819 1231 tulisse.
879 1193 1074 1244 Quaeris,
1114 1206 1166 1234 an
1209 1193 1369 1234 cansa?
1426 1192 1483 1233 Μ.

0 1324 1 1352 5
43 1313 128 1348 Ald.
152 1312 278 1347 Lamb.
304 1311 394 1344 ΕΓΗ.
421 1312 644 1356 Mart.-Lag.
679 1311 765 1346 Sch.
798 1312 892 1346 Liin.
929 1313 1116 1347 ORELLI
1137 1332 1179 1338 --
1214 1313 1326 1355 faisse
1350 1314 1485 1356 nullos,

0 1353 1 1394 Ῑ
43 1359 128 1394 dass
161 1359 239 1392 sicli
271 1358 366 1390 noch
398 1368 465 1401 gar
497 1358 607 1391 keine
640 1359 757 1391 haben
784 1359 896 1391 seheri
924 1359 1056 1392 lassen.
1082 1378 1127 1383 —
1158 1363 1302 1392 ornatu.
1351 1359 1393 1393 In
1419 1360 1484 1392 ad-

0 1403 1 1417 *
43 1406 150 1438 misto
177 1416 208 1439 5.,
229 1404 390 1437 admisto
417 1405 571 1436 haereo:
599 1404 671 1438 nisi
697 1404 793 1438 enim
819 1404 907 1437 satis
933 1412 1103 1439 contorte
1120 1405 1312 1449 explicare
1335 1405 1392 1438 vis
1418 1406 1484 1439 ad-

45 1455 183 1494 sumpto
215 1461 258 1483 ex
290 1453 395 1493 parte
428 1449 599 1483 Parthico
632 1454 783 1490 ornatu,
823 1451 1018 1493 legendum
1049 1462 1137 1484 sane
1182 1452 1382 1495 adsumpto.
1417 1452 1483 1485 ad-

45 1502 205 1540 sumptus
235 1496 325 1529 alibi
359 1506 506 1538 quoque
538 1502 751 1539 corruptum
783 1503 837 1529 est
863 1507 896 1528 v.
924 1508 954 1530 c.
991 1497 1026 1529 in
1053 1498 1232 1530 adsuetus.
1259 1497 1480 1541 Mean-Lag.

46 1545 187 1578 Arabes
211 1544 355 1584 fuerunt
379 1548 448 1574 cet.
476 1541 558 1576 Sch.
586 1543 639 1583 (et
651 1542 762 1583 Lun.)
789 1542 932 1575 Arabes
955 1544 1017 1586 qui
1040 1544 1186 1585 fuerunt
1208 1544 1366 1577 immissi
1389 1543 1484 1578 Par-

47 1589 142 1623 thico
167 1593 316 1630 ornatu,
347 1588 437 1620 haec
461 1588 657 1621 adnotans:
692 1587 769 1630 „ita
794 1588 945 1622 correxi
975 1589 1076 1633 vulg.
1126 1589 1184 1623 Ita
1213 1589 1309 1622 enim
1334 1590 1483 1624 Caelius

45 1636 176 1669 scribit
204 1635 304 1668 Fam.
330 1635 365 1676 S,
391 1635 445 1668 10.
478 1634 643 1668 Cassium
673 1633 829 1667 finxisse
859 1634 998 1668 bellum
1031 1642 1068 1669 et
1091 1636 1235 1670 Arabas
1268 1635 1305 1669 in
1331 1636 1484 1680 provin-

48 1681 140 1716 ciam
180 1680 373 1714 immisisse
414 1691 555 1722 eosque
585 1680 744 1713 Parthos
779 1692 860 1714 esse
894 1680 1048 1716 Senatui
1087 1682 1360 1716 renuntiasse.“
1406 1681 1485 1717 Sed

45 1727 220 1772 inspectis
245 1726 364 1760 Caelii
395 1726 516 1759 literis
541 1726 687 1760 videbis
718 1737 847 1760 vanum
874 1738 955 1760 eum
982 1738 1164 1761 rumorem
1190 1728 1327 1761 fuisse:
1361 1728 1484 1761 neuti-

46 1785 153 1816 quam
178 1773 292 1816 igitur
318 1772 450 1806 Cicero
482 1772 609 1806 dicere
634 1778 780 1817 poterat
810 1784 874 1806 eos
899 1773 1081 1807 immissos
1114 1785 1208 1807 esse.
1254 1774 1372 1807 Recte
1407 1785 1485 1807 om-

46 1820 133 1854 nino
160 1831 198 1853 se
223 1819 333 1852 habet
356 1819 518 1861 vulgata,
543 1819 610 1851 hac
634 1819 829 1852 sententie:
857 1819 959 1862 „Qui
985 1820 1133 1853 suerunt
1157 1831 1198 1853 re
1210 1831 1312 1862 vera,
1339 1820 1365 1853 ii
1390 1822 1484 1855 Ara-

47 1866 115 1900 bes
140 1866 306 1907 fuerunt,
334 1872 520 1907 assumpto
555 1875 603 1897 ex
632 1872 740 1908 parte
764 1866 808 1899 P.
836 1872 985 1898 ornatu:
1020 1866 1133 1900 iidem
1158 1872 1277 1899 autem
1309 1866 1484 1899 dicuntur

49 1923 175 1945 omnes
216 1910 465 1944 revertisse—fl
503 1910 698 1944 ORELLI.
753 1912 829 1945 Die
864 1911 1059 1946 Beduinen
1103 1912 1199 1945 beim
1235 1912 1482 1946 Parthischen

47 1959 171 1992 Heere
201 1957 323 1990 hatten
356 1957 435 1990 sich
469 1967 551 1989 zum
576 1957 687 1990 Theil
721 1957 788 1991 mit
810 1957 1054 1991 Parthischer
1077 1958 1269 2001 Kleidung
1300 1959 1483 2002 angethan

49 2004 122 2038 und
162 2003 377 2037 erschienen
421 2002 458 2035 iu
490 2003 746 2037 Parthischem
781 2005 962 2047 Auszuge.
1010 2005 1081 2048 Ep.
1117 2005 1411 2048 CCXXXVHI,
1443 2008 1481 2039 7:

5 2090 7 2095 ,
49 2061 196 2093 magnas
220 2050 442 2083 Parthorum
469 2049 595 2093 copias
621 2055 658 2082 et
679 2050 826 2083 Arabas
849 2056 918 2083 cet.
933 2068 978 2074 --
1002 2062 1088 2093 esse,
1115 2051 1193 2084 sich
1211 2051 1324 2084 sehen
1350 2051 1482 2085 lassen.

50 2115 95 2120 —-
119 2096 211 2139 quod
240 2095 316 2128 Md.
349 2099 385 2127 ut
411 2097 504 2138 quod
535 2097 569 2139 (a
595 2106 666 2128 sec.
702 2107 806 2128 manu
844 2096 954 2129 litera
987 2098 1010 2130 d
1042 2103 1178 2141 puncto
1214 2099 1392 2140 notatur.)
1441 2097 1484 2131 Si

52 2142 140 2185 quid
172 2140 329 2174 abstrusi
363 2141 454 2174 latet
486 2141 522 2174 in
555 2141 741 2185 scriptura
765 2141 854 2181 Md„
881 2142 970 2175 erit:
998 2154 1099 2176 ee...
1124 2144 1266 2185 magis,
1297 2147 1335 2176 ut
1367 2143 1482 2187 qui...

53 2188 252 2229 cognorim.
268 2187 393 2220 Olc—
418 2187 570 2230 inllisp.
591 2188 740 2221 iturum.
768 2188 930 2232 Spanien
955 2189 1054 2222 hatte
1070 2189 1271 2232 Pompeius
1296 2189 1486 2232 legeTre-

53 2233 164 2267 bonia
194 2244 259 2266 zur
293 2232 456 2266 Provinz
490 2234 554 2267 auf
581 2234 664 2266 siins
685 2234 794 2267 Iahre
821 2234 1008 2277 erhalten‚
1040 2234 1128 2268 liess
1160 2235 1214 2268 sie
1247 2235 1337 2268 aber
1367 2235 1486 2268 durch

52 2279 185 2321 Legati
213 2278 373 2321 regiren.
421 2278 534 2312 Seine
559 2279 717 2313 Ansicht
747 2281 849 2313 hatte
875 2279 954 2314 sicli
979 2280 1102 2314 indess
1127 2280 1193 2313 mit
1223 2280 1293 2313 den
1318 2281 1488 2314 Umstiin-

52 2326 122 2359 den
149 2325 345 2368 geiindert3
371 2333 412 2356 50
436 2325 510 2358 viel
536 2336 575 2358 es
601 2326 757 2360 scheint.
807 2326 940 2359 Cicero
972 2327 1139 2371 dagegen
1174 2327 1276 2361 blieb
1301 2328 1398 2361 noch
1421 2327 1489 2360 im-

53 2382 130 2405 mer
154 2372 220 2404 der
244 2369 441 2412 Meinung,
466 2371 538 2404 wie
562 2383 621 2415 ep.
647 2372 857 2415 CXCVIII,
882 2375 916 2408 3.

413 2427 470 2460 M.
498 2427 696 2461 CAELIO.
746 2428 784 2462 S.
815 2439 860 2462 zu
887 2440 944 2471 ep.
972 2429 1124 2463 CXCII.

146 2474 177 2506 1.
223 2471 306 2506 Etsi
329 2472 454 2505 multa.
480 2473 605 2507 Lamb.
628 2493 672 2498 —-
696 2474 801 2517 nihil,
827 2475 930 2518 quod.
979 2475 1041 2509 Sic
1065 2475 1143 2508 Md.
1168 2474 1271 2508 Vict.
1295 2474 1328 2507 2.
1356 2473 1493 2507 Graev.

58 2518 169 2562 Seqq.
194 2529 260 2562 quo
285 2518 401 2561 Neap.
427 2521 512 2551 Asc.
540 2520 638 2553 Crat.
665 2520 766 2555 Vict.
793 2523 823 2554 l.
851 2521 975 2554 Lamb.
1006 2521 1200 2554 ORELLI.
1236 2519 1384 2554 Caelius
1408 2530 1494 2551 ver-

22 2603 29 2606 *
58 2563 186 2598 bindet
217 2564 312 2598 ‘oster
345 2565 416 2597 den
454 2572 610 2598 accusat.
649 2566 714 2599 mit
745 2566 901 2610 gaudeo.
949 2566 987 2601 S.
1013 2567 1163 2602 Ramsh.
1195 2567 1222 2608 §.
1251 2566 1329 2608 132,
1354 2565 1387 2599 5.
1413 2566 1493 2607 144,

58 2611 92 2645 3.
117 2611 203 2645 Not.
228 2612 261 2644 4.
288 2629 332 2634 —
367 2611 407 2643 C.
433 2609 570 2654 Sempr.
598 2612 726 2655 Rufus,
758 2613 825 2647 der
849 2612 942 2646 auch
973 2613 1019 2646 ad
1046 2612 1159 2646 Attio.
1187 2611 1259 2652 vl,
1291 2612 1325 2645 2.
1355 2610 1401 2644 ad
1424 2611 1494 2645 Fa-

62 2655 138 2691 mil.
161 2656 253 2700 XII,
276 2657 332 2691 22.
350 2657 407 2691 25.
432 2667 468 2690 u.
493 2657 587 2691 oster
613 2660 778 2692 erwiihnt
803 2659 910 2693 wird.
936 2676 981 2683 —-
1013 2659 1084 2691 mel
1107 2669 1149 2691 ac
1171 2657 1322 2691 delicias
1347 2661 1428 2690 tuas
1450 2669 1497 2691 τι

67 2703 164 2738 Dein
195 2713 345 2748 grosset
374 2702 561 2748 Liebling.
592 2703 734 2739 Ironie!
768 2723 810 2730 —-
841 2704 1061 2739 calumniam
1093 2715 1138 2737 m.
1162 2704 1213 2747 pl.
1241 2704 1377 2743 masse,
1410 2703 1435 2737 i.
1461 2714 1494 2737 e.
