1795 3043
496 90 810 139 EPISTOLA
854 89 1057 137 chxl.
1416 96 1516 146 227

47 206 348 250 decernendos.
406 205 545 256 Atque
574 205 619 245 in
657 216 707 244 eo
736 203 829 257 ipso
858 215 925 244 me
953 216 1039 244 non
1068 214 1362 257 perseverasse
1387 205 1517 245 testes

47 268 146 306 sunt
174 266 359 306 rationes
388 264 620 314 civitatum,
650 261 694 301 in
725 259 894 313 quibus,
926 262 1130 312 quantum
1152 273 1344 313 quaeque
1362 261 1514 310 voluit,

47 322 197 376 legatis
226 323 311 362 tuis
341 322 483 362 datum
512 319 690 359 induxit.
737 319 796 358 Te
826 319 967 358 autem
999 318 1152 370 quibus
1181 318 1410 360 mendaciis
1438 319 1514 359 ho·
1535 325 1566 367 7

43 382 180 421 mines
210 379 410 420 levissimi
439 376 687 417 onerarunt!
728 387 813 415 non
842 375 965 415 modo
995 375 1180 416 sublatos
1209 379 1411 429 sumptus,
1439 376 1515 417 sed

46 438 174 478 etiam
203 451 228 477 a
258 434 602 489 procuratoribus
632 445 799 480 eorum,
831 432 907 484 qui
935 432 1019 473 iam
1047 433 1229 484 profecti
1260 435 1415 482 essent,
1446 446 1516 474 re-

44 495 202 548 petitos
224 497 263 534 et
286 494 467 534 ablatost
498 503 671 541 eamque
702 502 871 530 causam
900 490 1045 530 multis
1075 490 1243 530 omnino
1272 504 1357 531 non
1382 490 1514 531 eundi

42 552 185 592 fuisse.
249 551 459 598 Quererer
487 550 628 588 tecum
658 549 785 599 atque
817 548 1152 600 expostularem,
1192 548 1258 599 ni,
1300 550 1347 587 ut
1385 561 1514 600 supra

12 652 15 662 ,Ι
45 609 224 661 scripsi,
263 619 443 661 purgare
475 618 539 645 me
568 605 647 645 tibi
677 606 758 644 hoc
788 606 860 644 tuo
891 606 1100 657 tempore,
1142 617 1268 656 quam
1309 617 1514 646 accusare

45 669 89 706 te
118 668 286 707 mallem
318 665 444 715 idque
473 665 665 716 putarem
697 674 788 702 esse
816 662 988 702 rectius.
1045 663 1196 713 Itaque
1233 662 1343 702 nihil
1373 663 1425 702 de
1454 664 1513 713 te,

13 768 15 777 Ι
45 724 159 775 quod
189 722 444 770 credideris3
484 720 754 772 quamobrem
784 732 868 759 non
908 719 1104 760 debueris
1144 719 1337 772 credere,
1373 732 1513 773 pauca

13 781 197 830 2dicam.
255 779 360 820 Nam
397 778 433 818 si
472 790 539 817 me
578 778 717 817 virum
756 777 938 824 bonum,
979 778 1014 817 si
1055 777 1227 829 dignum
1265 777 1320 817 iis
1360 777 1513 818 studiis

13 838 15 854 ²
46 850 178 889 eaque
209 836 415 888 doctrina,
445 836 515 875 cui
545 847 612 874 me
636 849 661 875 a
682 835 866 886 pueritia
884 834 996 882 dedi,
1026 835 1063 875 si
1084 835 1185 874 satis
1204 835 1345 888 magni
1367 835 1512 883 animi,

13 908 127 953 lnon
169 893 332 935 minimi
370 893 537 934 consilii
575 893 619 932 in
658 892 851 932 maximis
889 892 1015 932 rebus
1050 894 1321 944 perspectum
1358 893 1514 934 habes:

13 955 15 993 l
45 951 155 992 nihil
195 951 240 991 in
277 963 342 991 me
380 963 466 990 non
504 950 627 989 modo
664 948 934 1001 perfidiosum
965 951 1006 989 et
1033 949 1281 989 insidiosum
1311 952 1353 989 et
1378 950 1515 990 fallax

13 1000 17 1051 l
46 1009 90 1050 in
120 1009 320 1060 amicitia⁷
349 1008 422 1048 sed
450 1020 504 1047 ne
529 1006 690 1047 humile
715 1006 884 1058 quidem
908 1008 982 1047 aut
1009 1006 1202 1046 ieiunum
1230 1006 1357 1046 debes
1388 1019 1514 1060 agno-

14 1060 18 1111 ἰ
49 1079 182 1107 scere.
243 1066 317 1106 Sin
349 1068 485 1105 autem
515 1076 582 1103 me
612 1065 796 1104 astutum
836 1065 878 1103 et
914 1065 1132 1104 occultum
1171 1063 1292 1103 lubet
1332 1062 1511 1117 fingere:
1535 1070 1564 1112 8

14 1124 18 1180 l
47 1123 146 1175 quid
176 1125 263 1175 est,
293 1122 405 1174 quod
433 1123 572 1162 minus
609 1121 761 1161 cadere
799 1120 844 1160 in
888 1121 1093 1161 eiusmodi
1130 1123 1327 1161 naturam
1366 1121 1514 1173 possit,

10 1180 20 1224 ἰ
47 1193 172 1232 quam
202 1182 275 1221 aut
303 1178 590 1219 florentissimi
618 1178 802 1218 hominis
832 1178 1050 1231 aspernari
1080 1177 1420 1219 benevolentiam
1441 1180 1514 1220 att:

15 1230 21 1291 ᾖ
47 1238 137 1278 eius
165 1238 518 1278 existimationem
548 1248 792 1288 oppugnare
830 1236 875 1275 in
912 1236 1156 1287 provincia,
1196 1236 1316 1276 cuius
1345 1235 1514 1276 laudem

16 1294 18 1335 l
47 1294 159 1335 domi
188 1293 448 1341 del'enderis3
480 1295 552 1332 aut
581 1295 625 1332 in
656 1305 705 1332 ea
734 1304 780 1331 re
811 1293 997 1332 animum
1026 1292 1246 1332 ostendere
1273 1292 1513 1341 inimicum,

11 1368 19 1399 l
48 1351 94 1392 in
134 1364 217 1403 qua
257 1351 366 1390 nihil
405 1350 539 1398 obsis3
582 1350 656 1389 aut
693 1349 736 1388 id
766 1349 924 1401 eligere
954 1348 1007 1389 ad
1036 1347 1290 1401 perfidiam,'
1317 1350 1430 1401 quod
1460 1350 1514 1390 ad

11 1425 19 1454 μ
48 1407 321 1448 indicandum
360 1407 503 1447 odium
539 1406 850 1458 apertissimum
889 1406 964 1453 sit,
1006 1406 1059 1446 ad
1088 1407 1325 1446 nocendum
1353 1407 1517 1448 levissi-

12 1480 20 1505 η
46 1465 192 1506 mum?
240 1464 350 1514 Quid
390 1466 481 1504 erat
521 1466 686 1515 autem,
722 1475 800 1504 cur
836 1475 912 1516 ego
947 1464 993 1503 in
1032 1464 1076 1503 te
1113 1465 1203 1505 tam
1228 1464 1516 1516 implacabilis

18 1564 21 1581 b

18 1621 21 1628 =
47 1614 112 1638 aus
138 1603 208 1636 den
234 1600 455 1635 Kamereien
481 1598 548 1632 der
575 1598 705 1634 Stadte
739 1598 851 1633 sollte
885 1597 1036 1632 bezahlt
1066 1596 1235 1631 werden.
1262 1617 1307 1623 --
1351 1609 1512 1644 pers-ev„

14 1659 21 1684 ³³
46 1650 131 1683 dass
155 1650 215 1683 ich
240 1648 339 1681 nicht
366 1646 498 1680 darauf
518 1646 720 1679 bestanden
747 1645 854 1678 habe.
878 1662 923 1670 —-
955 1649 1050 1688 rat„
1083 1644 1145 1678 die
1163 1644 1419 1689 Rechnungen
1445 1646 1515 1680 der

14 1697 22 1731 »l
48 1695 200 1738 Stadte‚
227 1694 348 1728 worin
374 1693 478 1735 iede,
505 1703 546 1726 so
568 1691 660 1727 Viel
686 1692 746 1725 ihr
771 1691 954 1734 beliebte‚
981 1691 1035 1724 als
1061 1701 1105 1724 an
1130 1690 1213 1724 ihre
1237 1691 1515 1736 Deinetwegen

14 1736 24 1776 J
47 1741 309 1786 abgeschickte
335 1739 547 1774 Gesandten
572 1738 807 1782 ausgezahlt‚
832 1737 870 1771 in
895 1738 1071 1781 Ausgabe
1095 1737 1275 1780 gebracht
1299 1737 1375 1772 hat.

137 1791 170 1822 7.
204 1798 376 1826 ouer-arn,
413 1786 514 1819 Dich
538 1784 695 1818 beladen
729 1784 762 1818 d.
789 1784 812 1817 i.
848 1784 994 1817 welche
1018 1783 1310 1818 Unwahrheiten
1342 1785 1426 1818 hast
1449 1785 1514 1819 Du

46 1833 120 1869 Dir
145 1833 343 1867 aufbinden
370 1833 508 1866 lassen!
527 1850 569 1856 —
593 1831 738 1869 sublcct„
765 1831 848 1864 dass
875 1830 975 1863 nicht
1001 1840 1072 1863 nur
1088 1830 1149 1863 die
1164 1830 1516 1875 Kostenvergiitun-

47 1891 117 1925 gen
146 1885 336 1923 untersagt
361 1878 531 1912 seien.-
567 1876 728 1921 profecti
746 1877 913 1911 Romam.
929 1895 973 1901 -—-
1003 1888 1075 1910 non
1099 1876 1221 1919 eundi,
1245 1886 1292 1910 zu
1316 1877 1442 1911 Hause
1466 1887 1515 1912 zu

47 1927 207 1960 bleiben.
225 1945 269 1950 —-
306 1929 462 1969 ezpost„
494 1923 555 1957 ich
578 1925 710 1957 warde
734 1922 831 1956 mich
855 1923 923 1956 mit
946 1922 1021 1957 Dir
1046 1923 1208 1956 dariiber
1229 1923 1394 1967 zanken,
1429 1923 1516 1958 dass

47 1973 110 2008 Du
136 1973 288 2006 solchen
312 1970 643 2014 Verl'aumdungen
668 1969 797 2003 Geh6r
822 1969 934 2014 gibst.
954 1986 998 1994 -—
1030 1979 1199 2014 purgare
1220 1981 1276 2003 me
1301 1970 1389 2013 tibi,
1414 1970 1515 2005 mich

48 2019 109 2053 bei
129 2019 201 2054 Dir
227 2029 271 2052 zu
299 2017 636 2061 rechtt'ertigen.—
669 2015 735 2049 hoc
759 2019 936 2060 tempore,
963 2027 1036 2059 quo
1063 2022 1255 2049 accusatus
1280 2026 1319 2049 es
1345 2016 1518 2050 nimium-

49 2076 120 2109 que
146 2064 288 2109 negotii
313 2064 446 2105 habes;
481 2069 622 2106 „unter
645 2062 717 2096 den
751 2061 914 2105 ietzigen
938 2062 1202 2096 Umstiinden.’'
1220 2080 1266 2086 —
1301 2063 1396 2106 quod
1420 2062 1519 2098 cred.

49 2113 92 2146 de
121 2122 195 2153 me,
229 2112 312 2144 dass
338 2111 401 2144 Du
425 2112 548 2153 Arges
579 2120 652 2142 von
682 2107 753 2142 mir
787 2109 967 2153 geglaubt
997 2109 1092 2143 hast.
1132 2108 1354 2151 crediderz'85
1388 2110 1431 2143 de
1461 2119 1519 2142 me

50 2158 277 2202 quamobrem
302 2156 536 2200 distinguunt
560 2155 785 2199 Maru-Lag.
813 2154 900 2190 Sch.
924 2156 1016 2190 Liin.
1045 2155 1119 2188 ΟΒ.
1138 2174 1183 2180 -
1225 2155 1278 2188 iis
1300 2156 1394 2189 stud.
1433 2166 1516 2189 cum

49 2203 126 2238 Md.
153 2203 279 2238 Ceteri
309 2202 366 2236 his
396 2207 440 2236 st.
464 2221 508 2227 —
554 2202 659 2245 dedi,
694 2200 824 2235 Lamb.
857 2202 994 2235 dedidi.
1020 2220 1064 2225 -—-
1113 2200 1206 2234 satis
1234 2201 1365 2243 magni
1395 2201 1516 2235 animi

51 2249 191 2293 virum,
215 2260 324 2283 wenn
340 2250 402 2283 Du
426 2248 523 2283 mich
547 2249 601 2282 als
628 2248 735 2282 einen
751 2249 863 2281 Mann
888 2258 961 2281 von
986 2247 1204 2282 ziemlicher
1221 2245 1521 2291 Seelengrosse3

50 2306 122 2329 non
146 2307 193 2328 m.
215 2306 333 2337 cons.‚
358 2306 430 2328 von
457 2296 550 2329 eben
576 2295 680 2328 nicht
704 2305 798 2338 ganz
825 2294 1002 2338 geringer
1021 2293 1345 2328 Lebensweisheit
1365 2294 1426 2328 bei
1441 2293 1517 2328 Ge-

50 2341 288 2385 legenheiten
320 2351 391 2373 von
423 2340 491 2375 der
525 2343 695 2385 grossten
727 2340 978 2384 Wichtigkeit
1008 2339 1091 2375 hast
1123 2340 1272 2374 kennen
1305 2340 1449 2374 lernen.
1470 2357 1517 2364 —-

51 2388 188 2430 fallax,
217 2386 538 2438 gleissnerisches.
559 2407 603 2414 —
644 2388 826 2431 ieiunum,
859 2388 1051 2431 albernes,
1087 2387 1205 2422 fades.
1225 2405 1271 2412 —
1308 2387 1349 2420 in
1372 2396 1428 2419 me
1455 2410 1486 2420 ..
1504 2411 1514 2420 .

52 2445 270 2476 agnoscere,
304 2444 373 2466 mir
397 2439 584 2469 zutrauen.

144 2481 176 2515 8.
210 2480 317 2513 lubet.
345 2478 407 2513 Sic
430 2479 547 2524 Neap.
573 2485 644 2514 cet.
678 2480 776 2515 iubet
804 2480 885 2515 Md.
915 2480 1020 2514 iuvat
1050 2489 1071 2513 e
1101 2478 1219 2514 codd.
1252 2478 1385 2512 Graev.
1420 2476 1513 2511 Ern.

53 2524 276 2570 Mart.-Lag.
304 2525 387 2559 Sch.
415 2526 510 2559 Lim.
531 2545 576 2551 --
615 2528 772 2570 fingere,
803 2527 876 2561 Dir
907 2526 1168 2569 einzubilden,
1206 2524 1402 2558 ffilschlich
1428 2533 1518 2557 vor-

57 2573 250 2620 zustellen.
267 2591 311 2596 —
355 2582 531 2614 oppugn.‚
564 2573 770 2607 ansechten.
789 2592 834 2598 —
871 2574 1029 2615 florent„
1061 2572 1129 2606 der
1153 2571 1218 2605 auf
1240 2570 1308 2604 der
1333 2570 1515 2603 hochsten

58 2617 162 2652 Stuse
188 2619 253 2651 des
279 2619 472 2651 Ans-cneus
498 2629 532 2651 u.
560 2619 699 2653 Glucks
733 2620 854 2663 steht,
888 2619 961 2653 wie
984 2620 1059 2653 Du.
1081 2637 1127 2642 —
1163 2616 1263 2650 domi
1285 2617 1356 2658 def.
1382 2616 1515 2649 dessen

57 2662 176 2697 Ruhni
202 2675 281 2698 man
308 2674 352 2696 zu
377 2665 497 2697 Hause
522 2665 749 2709 vertheidigt
775 2667 848 2700 hat.
898 2666 1033 2700 Cicero
1059 2665 1159 2697 hatte
1184 2663 1262 2696 sich
1288 2662 1352 2696 des
1369 2661 1517 2706 Appius

14 2722 16 2726 ’
60 2709 95 2742 in
120 2710 212 2743 Rom
244 2721 520 2753 angenommen.
560 2710 598 2745 S.
634 2723 692 2756 ep.
727 2711 771 2745 ad
803 2712 915 2746 Attic.
937 2711 1014 2754 lv,
1048 2711 1104 2744 15.
1142 2708 1188 2742 ad
1220 2708 1373 2743 Divers.
1393 2708 1473 2751 111,
1494 2709 1517 2742 8

62 2755 266 2800 (CCXXII,
284 2758 333 2798 6).
349 2774 394 2781 -
434 2756 528 2790 nihil
552 2757 668 2801 obsis,
693 2768 775 2791 man
800 2769 868 2802 gar
894 2758 994 2790 nicht
1019 2755 1183 2790 schaden
1207 2754 1317 2789 kann.
1334 2772 1380 2780 -
1417 2755 1520 2788 id:

1131 2814 1216 2856 15*
