1795 3043
207 88 308 136 530
465 79 532 126 Μ.
570 77 627 124 Τ.
665 76 1011 124 CICERONIS
1044 77 1419 128 EPISTOLAE.

210 195 322 237 nihil
351 205 418 234 me
448 191 600 233 contra
629 189 822 230 Caesaris
855 191 1048 230 rationes
1087 191 1301 244 cogitare3
1339 190 1582 234 meminisse
1611 205 1680 235 me

211 252 357 307 generi
386 250 494 298 mei,
544 248 785 289 meminisse
824 248 1063 302 amicitiae,
1113 248 1323 301 potuisse,
1367 250 1403 289 si
1432 249 1558 291 aliter
1587 263 1680 292 sen-

212 312 359 356 tirem,
394 319 484 347 esse
512 318 611 346 cum
641 305 868 356 Pompei0;
910 318 976 345 me
1006 307 1169 357 autem,
1200 306 1301 357 quia
1329 318 1428 348 cum
1456 307 1681 349 lictoribus

213 367 372 409 invitus
412 376 650 414 cursarem‚
694 362 839 402 abesse
868 363 978 403 velle
1008 375 1088 402 nec
1117 363 1160 403 id
1191 364 1332 416 ipsum
1362 367 1525 406 certum
1553 365 1681 407 etiam

214 436 328 465 nunc
358 421 541 471 habere3
578 420 696 472 vide,
735 432 862 472 quam
889 420 942 461 ad
970 420 1077 461 haec
1106 419 1372 470 παροινικῶςε

166 502 194 543 2
328 490 497 531 „Tuum
527 488 750 529 consilium
778 501 904 540 quam
940 501 1086 530 verum
1116 490 1191 529 est.
1250 487 1359 530 Nam
1389 488 1463 540 qui
1492 501 1537 530 se
1566 501 1683 529 me-ce

215 548 365 590 „dium
395 559 485 587 esse
514 547 629 596 vult,
668 546 713 586 in
737 546 877 599 patria
905 548 1068 586 manet:
1115 546 1188 598 qui
1219 545 1532 598 proficiscitur,
1574 546 1683 587 ali-a

214 626 240 647 υ
252 605 354 658 quid
392 604 444 645 de
483 605 617 644 altera
647 605 744 643 utra
773 605 895 655 parte
931 603 1120 644 iudicare
1150 603 1335 646 videtur.
1394 603 1478 644 Sed
1507 615 1583 656 ego
1612 604 1683 645 iscc

216 674 333 704 „non
375 675 488 714 sum,
532 661 606 712 qui
645 662 828 700 statuere
857 659 1056 710 debeam,
1104 660 1197 701 iure
1228 661 1325 712 quis
1354 659 1683 713 proficiscaturc:

218 732 329 760 „nec
358 731 426 759 ne.
485 718 633 759 Partes
662 717 766 756 mihi
791 716 944 757 Caesar
973 717 1049 757 has
1074 717 1298 771 imposuit,
1327 730 1381 757 ne
1411 730 1536 769 quem
1565 729 1682 759 om-‹‘

217 777 353 817 „uino
382 775 602 816 discedere
633 787 684 814 ex
703 774 829 814 ltalia
856 776 1040 826 paterer.
1101 774 1240 822 Quare
1269 775 1392 827 parvi
1420 775 1555 815 refert
1583 786 1683 815 mecc

217 834 431 887 „probare
461 831 757 886 cogitationem
782 832 918 879 tuam,
950 832 986 871 si
1014 831 1124 872 nihil
1154 833 1294 872 tamen
1321 832 1402 872 tibi
1430 833 1684 873 remittere«

217 903 434 944 „possum
475 890 540 931 Ad
558 890 778 929 Caesarem
797 887 952 936 mittas,
984 900 1151 941 censeo,
1180 892 1224 929 et
1253 889 1305 929 ab
1326 901 1375 929 eo
1405 889 1487 929 hoc
1516 890 1683 940 petas.“

215 948 343 990 „Non
373 947 544 999 dubito,
581 947 684 998 quin
714 946 1016 998 impetraturus
1046 946 1124 998 sis,
1167 958 1298 997 quum
1326 946 1578 998 praesertim
1606 947 1682 986 te«

217 1004 466 1048 „amicitiae
494 1005 663 1045 nostrae
691 1004 897 1044 rationem
924 1002 1173 1044 habiturum
1203 1015 1293 1044 esse
1322 1002 1616 1056 pollicearis«

171 1086 199 1127 3
334 1083 478 1126 Habes
501 1081 707 1132 σκυτάλην
722 1080 979 1132 Λακωνικήν.
1021 1083 1201 1123 Omnino
1224 1082 1434 1134 excipiam
1454 1080 1681 1121 hominem.

216 1143 323 1184 Erat
351 1143 493 1182 autem
519 1154 557 1183 v.
587 1140 696 1182 Non.
725 1142 925 1181 venturus
954 1140 1143 1192 vesperi,
1184 1140 1227 1179 id
1257 1142 1342 1189 est,
1381 1138 1520 1179 hodie.
1582 1138 1684 1178 Cras

215 1201 348 1253 igitur
387 1199 440 1239 ad
477 1209 544 1239 me
582 1199 759 1238 sortasse
795 1198 950 1238 veniet.
1011 1197 1042 1248 ’ὶ-
1073 1197 1287 1249 Tentabo,
1330 1196 1531 1248 audeam,
1569 1195 1684 1236 nihil

215 1268 471 1311 properare3
521 1255 748 1294 missurum
785 1253 838 1293 ad
877 1254 1124 1305 Caesarem,
1178 1253 1391 1303 clamabo,
1433 1266 1525 1301 me;
1585 1264 1683 1293 cum

216 1312 481 1367 paucissimis
510 1309 673 1351 alicubi
700 1308 972 1359 occultabor;
1009 1313 1127 1351 certe
1148 1311 1273 1362 hinc,
1302 1310 1393 1351 istis
1407 1309 1685 1362 invitissimis,

215 1461 267 1495 lia
292 1458 473 1493 arbitratu
499 1468 581 1490 meo
607 1456 716 1490 exire
740 1455 896 1500 possim.
946 1454 1070 1489 Stulte
1094 1454 1213 1500 igitur
1237 1461 1430 1490 cunctatus
1455 1467 1546 1491 sum.
1582 1456 1687 1490 ΜΑ-

215 1506 338 1541 NUT.
364 1524 409 1530 ·-—
439 1503 537 1539 Misi
558 1516 605 1538 Ξ
629 1502 750 1536 mitto.
778 1521 822 1526 --
854 1505 988 1535 contra,
1010 1503 1113 1536 Caes.
1139 1506 1231 1546 rat„
1265 1514 1386 1547 gegen
1404 1504 1538 1537 Ciisars
1563 1502 1687 1538 Inter·

213 1564 312 1587 esse.
351 1571 388 1577 —
436 1550 566 1593 generi
596 1549 688 1591 mei,
725 1548 965 1583 Dolabellae.
1015 1549 1108 1592 vgl.
1138 1560 1196 1593 ep.
1218 1550 1298 1584 374.
1333 1550 1478 1593 Anlage
1502 1550 1546 1584 A.
1573 1550 1604 1582 1.
1638 1567 1685 1574 —

213 1610 296 1634 cum
320 1598 513 1631 lictoribus
538 1622 547 1631 .
567 1622 576 1630 .
594 1618 603 1628 .
630 1605 837 1637 cur-sarem,
864 1594 931 1627 mit
953 1594 1099 1628 melnen
1110 1595 1289 1629 Lictoren
1315 1595 1362 1629 im
1379 1595 1509 1629 Laude
1534 1595 1684 1628 umber-

214 1649 321 1689 zbge.
371 1644 409 1679 S.
445 1654 491 1677 zu
517 1654 575 1687 ep.
594 1641 749 1675 CCCIII
782 1641 903 1674 lictor.
931 1641 1086 1675 lam-eat.
1121 1660 1165 1666 —
1213 1642 1336 1676 abesse
1362 1642 1471 1675 Italia
1497 1641 1520 1676 i.
1546 1652 1578 1675 e.
1607 1641 1683 1675 Ita-

215 1693 303 1726 liam
328 1691 543 1733 relinquere
567 1688 670 1720 velle.
696 1705 739 1711 —
779 1698 885 1731 quam
911 1687 959 1719 ad
982 1686 1071 1720 llaec
1096 1691 1380 1736 παροιιιικῶς
1404 1700 1450 1722 =
1476 1685 1684 1721 insolenter

215 1750 265 1772 ex
290 1736 530 1777 temulentia,
568 1732 837 1768 contumeliose
863 1733 1123 1777 responderit,
1156 1745 1235 1769 was
1261 1734 1321 1768 fur
1346 1733 1430 1767 eine
1456 1734 1682 1777 versoffene,

215 1784 480 1830 impertinente
505 1783 681 1816 Antwort
712 1791 754 1813 er
777 1778 849 1812 mir
872 1779 1006 1812 darauf
1026 1780 1119 1822 gibt.

306 1831 338 1864 2.
375 1841 483 1874 quam
505 1840 552 1863 Ξ
576 1838 665 1862 sane
691 1837 825 1870 quam,
861 1825 898 1860 in
924 1826 992 1859 der
1018 1826 1117 1859 That
1141 1826 1240 1859 sehr.
1291 1826 1384 1869 Vgl.
1411 1825 1457 1859 ad
1482 1825 1598 1860 Attic.
1625 1826 1679 1865 X,

216 1879 277 1911 11:
317 1877 412 1910 mire
445 1885 572 1918 quam3
620 1874 666 1906 ad
705 1872 831 1908 Quint.
866 1872 928 1906 Fr.
960 1872 1018 1913 ΙΙ,
1053 1874 1085 1906 6.
1135 1872 1288 1906 Terent.
1319 1871 1437 1906 Andr.
1464 1872 1504 1914 I,
1539 1874 1586 1916 l,
1613 1874 1681 1907 109

214 1935 323 1967 quam
348 1921 595 1956 familiariter.
629 1919 780 1952 Ramsh.
808 1918 836 1960 §.
855 1918 942 1961 203,
970 1919 1044 1960 IV,
1071 1919 1113 1961 2,
1139 1929 1171 1952 a.
1212 1917 1343 1962 „Dein
1369 1918 1465 1952 Plan
1490 1918 1539 1952 ist
1563 1917 1680 1952 wirk-

213 1971 290 2004 lich
322 1967 623 2003 einleuchtend.⁷'
659 1985 702 1990 —
752 1964 896 2007 aliquid
929 1989 962 1998 ..
982 1992 989 1998 .
1022 1966 1186 2005 videtur,
1232 1965 1300 1998 der
1333 1964 1479 1998 scheint
1512 1964 1680 1998 dadurch

214 2017 299 2050 eine
323 2027 396 2049 von
423 2014 559 2048 beiden
585 2012 760 2050 Parteien
787 2021 834 2044 zu
859 2011 1128 2045 verurtheilen.
1164 2010 1203 2045 S.
1231 2022 1291 2055 ep.
1308 2012 1384 2045 374.
1412 2011 1559 2055 Anlage
1574 2011 1677 2055 B,1:

212 2064 479 2097 condemnasse.
507 2079 550 2084 —
582 2061 615 2092 is
640 2070 709 2092 non
734 2069 832 2099 sam,
859 2058 941 2100 qai,
973 2058 1044 2091 mir
1068 2058 1209 2091 kommt
1235 2068 1274 2090 es
1299 2056 1403 2090 nicht
1427 2067 1471 2091 zu
1487 2083 1499 2101 ,
1525 2067 1571 2091 zu
1596 2063 1679 2092 ent-

211 2109 403 2144 scheiden.
437 2127 480 2132 -
528 2107 680 2149 cogitat.
707 2109 753 2147 t.‚
786 2103 887 2138 Dein
913 2104 1130 2139 Vorhaben.
1166 2122 1212 2128 -—-
1259 2104 1466 2147 remittere,
1499 2104 1678 2148 erlassen,
1757 2127 1760 2147 4

212 2156 452 2200 zugestelien.

302 2203 336 2236 3.
370 2199 601 2243 σκυτάλην
637 2204 768 2239 Λακ.,
819 2195 881 2230 die
921 2195 1158 2230 Lakonische
1193 2194 1498 2230 Cabinetsordre.
1555 2195 1595 2230 S.
1627 2204 1675 2231 zu
1754 2205 1761 2259 j

210 2249 358 2284 Cornel.
385 2249 564 2286 Pansam,
595 2247 630 2280 3.
680 2242 828 2278 Gellius
854 2243 990 2287 XVII,
1015 2244 1049 2278 9.
1085 2243 1278 2286 Thucyd.,
1303 2242 1347 2284 Ι,
1374 2243 1453 2276 131.
1480 2260 1525 2266 —
1557 2243 1674 2286 excip.

210 2294 368 2336 homin„
406 2294 468 2328 ich
499 2292 581 2326 will
613 2292 684 2325 den
716 2290 921 2324 Menschen
952 2300 1041 2332 an-,
1076 2289 1249 2323 ablaufen
1282 2288 1415 2322 lassen.
1463 2287 1537 2321 Ein
1562 2288 1674 2332 Iagd-

209 2340 416 2375 ausdruck!
448 2359 492 2364 -
543 2338 588 2373 V.
612 2338 710 2372 Non.
737 2335 848 2379 Mai.‚
887 2347 943 2370 am
967 2338 1000 2371 3.
1017 2336 1107 2370 Mai.
1140 2353 1186 2360 --
1240 2335 1264 2377 †
1292 2334 1472 2376 Tentalm,
1507 2334 1672 2377 audeam,

211 2387 307 2421 nihil
327 2395 541 2431 properare.
589 2385 690 2418 Haec
715 2388 901 2427 corrupta.
942 2383 1061 2419 Quum
1088 2381 1366 2415 terminationes
1393 2380 1563 2425 inprimis
1588 2392 1673 2415 ver-

211 2434 345 2467 borum
379 2432 595 2478 saepissime
620 2431 846 2474 depravatae
871 2428 944 2463 sint
974 2429 1012 2462 in
1037 2427 1135 2470 Md,
1173 2427 1275 2461 venit
1306 2427 1344 2460 in
1376 2432 1553 2460 mentem:
1594 2431 1671 2460 ten-

209 2481 301 2513 tabit
328 2480 427 2523 (scil.
448 2489 506 2512 me
524 2477 744 2519 Antonius);
775 2475 926 2508 audiam
951 2475 1147 2519 (simulabo
1172 2485 1230 2508 me
1256 2473 1291 2507 ei
1316 2484 1424 2507 aures
1448 2473 1669 2518 praebere),

209 2527 304 2560 nihil
324 2536 548 2570 properare,
581 2524 777 2557 missarum
811 2523 859 2555 ad
885 2522 946 2565 C.,
985 2521 1149 2554 clamabo
1175 2532 1241 2554 me.
1289 2520 1426 2554 Graev.
1458 2530 1559 2563 susp.
1592 2523 1670 2553 ten-

207 2574 289 2606 tabo
315 2584 359 2606 ac
383 2573 504 2606 dicam
528 2582 583 2604 me
606 2569 702 2605 nihil
721 2580 780 2612 pr.
831 2567 918 2602 Sch.
951 2568 1049 2601 coni.
1084 2568 1246 2609 tentabo,
1288 2571 1328 2599 ut
1346 2567 1589 2611 persuadeam
1613 2576 1670 2599 mc

205 2619 301 2653 nihil
326 2631 411 2663 pr„
450 2618 553 2660 quod
579 2628 624 2650 ne
647 2616 821 2650 Latinum
846 2613 997 2657 quidem
1023 2620 1089 2649 est.
1126 2613 1321 2648 ORELLI.
1353 2632 1400 2638 —
1445 2613 1667 2656 occultabor,

204 2665 285 2699 scil.
311 2677 423 2709 quum
447 2664 514 2698 ille
539 2662 723 2698 Antonius
749 2660 976 2694 discesserit.
1009 2679 1053 2685 ——
1101 2665 1208 2695 certe.
1251 2659 1316 2695 Sic
1339 2658 1438 2694 Edd.
1465 2665 1550 2692 ante
1574 2658 1663 2692 Bos.

202 2711 294 2749 Ern.
319 2723 366 2745 =
388 2710 485 2745 carli
509 2711 587 2745 Md.
621 2709 737 2743 cartis
761 2707 820 2741 ed.
847 2707 1006 2741 Crusell.
1034 2706 1191 2743 Decurt.
1224 2707 1301 2740 cati
1323 2705 1504 2740 Tornaes.
1543 2705 1666 2738 carris

199 2758 287 2793 Bos.
319 2757 416 2792 coni.
465 2762 567 2793 caute
599 2756 699 2791 Oliv.
748 2753 845 2789 clam
874 2752 960 2789 Sch.
996 2753 1071 2789 ΟΒ.
1105 2773 1149 2781 -
1195 2753 1280 2787 istis
1313 2751 1466 2789 bezieht
1489 2750 1570 2788 sich
1599 2751 1669 2786 aus
