1795 3043
548 67 866 116 EPISTOLA
901 70 1060 117 cclv.
1471 86 1538 134 51

72 179 343 233 excogitabis.
410 179 576 221 Genere
617 182 779 230 tamen,
811 183 922 234 quod
965 186 1007 224 et
1049 185 1102 226 ad
1139 199 1216 229 nos
1253 189 1467 243 pertineat
1496 193 1537 233 et

71 238 342 277 διδασκαλίαν
369 237 603 290 quandam,
632 240 680 278 ut
708 242 900 281 versetur
928 241 1039 282 iuter
1068 256 1238 295 manus,
1281 247 1451 291 habeat.

285 365 602 411 EPISTOLA
639 365 802 412 CCIV.
873 367 955 425 (ad
989 369 1080 416 Att.
1116 370 1169 416 V.
1211 374 1312 432 14.)

114 438 195 473 Ser.
223 440 415 474 Trallibus
442 440 540 475 circa
567 441 633 477 IV.
661 441 746 476 Kal.
775 441 912 477 sextil.
939 444 986 477 A.
1014 444 1058 479 U.
1088 446 1127 480 C.
1154 448 1233 483 703.
1269 450 1315 491 (a.
1343 450 1382 484 C.
1410 452 1484 494 51.)

67 495 209 530 Scribit
234 497 280 531 de
304 498 440 532 itinere
464 509 531 532 suo
558 499 595 533 in
620 499 870 543 provinciam;
897 498 943 534 de
968 503 1107 536 nuntiis
1133 502 1220 538 inde
1245 505 1387 549 allatis,
1413 514 1463 551 et,
1490 514 1531 542 ut

66 543 214 580 Atticus
239 544 330 588 sibi,
364 556 457 590 quae
484 545 519 580 in
546 557 587 581 re
608 546 765 626 gilrzltica
796 553 996 629 geraptuer,
1033 549 1173 585 scribat
1198 559 1235 587 et
1269 553 1438 588 mandata
1462 566 1529 591 sua

717 619 726 634 ‚
748 599 853 637 pent.
911 613 944 618 -
977 620 985 627 .

559 649 748 684 CICERO
773 650 964 686 ATTICO
992 650 1031 687 S.

176 717 410 770 Antequam
450 719 592 770 aliquo
623 721 718 761 loco
757 721 1010 769 consedere,
1050 734 1187 774 neque
1226 725 1373 778 longas
1403 741 1428 767 a
1457 742 1524 770 me

64 785 200 825 neque
230 787 395 828 semper
423 789 516 816 mea
544 790 668 817 manu
698 778 845 818 literas
877 779 1152 832 exspectabis.
1218 783 1354 830 Quum
1384 786 1522 827 autem

64 832 148 871 erit
186 834 395 885 spatium,
434 836 658 885 utrumque
695 835 930 887 praestabo.
989 835 1111 876 Nunc
1148 837 1230 878 iter
1271 839 1521 883 conficieba-

63 901 154 928 mus
194 891 388 930 aestuosa
424 892 465 930 et
504 892 801 943 pulverulenta
837 893 919 933 via.
979 893 1187 934 Dederam
1227 895 1396 948 Epheso
1435 901 1521 951 pri-

63 945 153 985 die:
197 947 274 986 has
310 947 405 987 dedi
436 948 661 988 Trallibus.
720 949 770 989 In
800 950 1024 1001 provincia
1062 963 1155 991 mea
1183 952 1274 992 fore
1304 967 1370 993 me
1400 958 1519 1006 puta·

61 1001 158 1042 bam
198 1003 294 1045 Kal.
333 1005 577 1046 Sextilibus.
637 1006 703 1046 Ex
735 1018 785 1046 ea
815 1006 902 1057 die,
943 1006 978 1046 si
1008 1020 1073 1047 me
1104 1021 1228 1056 amas,
1261 1008 1518 1060 παράπηγμα

2 1079 4 1106 3
61 1056 265 1098 ἐνιαύσιον
304 1063 577 1102 commoveto.
646 1063 801 1102 Tamen
842 1064 1005 1104 interea
1035 1065 1165 1112 haec,
1208 1078 1317 1117 quae
1346 1070 1514 1118 vellem,

60 1117 163 1158 mihi
193 1115 495 1159 afferebantur:
527 1119 711 1170 primum
730 1121 859 1160 otium
880 1120 1140 1170 Parthicum,
1174 1122 1270 1163 dein
1297 1126 1516 1168 confectae

4 1205 7 1218 ,
59 1175 278 1226 pactiones
319 1176 661 1228 publicanorum,
701 1179 911 1228 postremo
952 1179 1099 1218 seditio
1150 1180 1332 1223 militum
1372 1183 1516 1225 sedata

4 1272 6 1276 ,
60 1231 113 1271 ab
142 1232 281 1285 Appio
311 1233 645 1285 stipendiumque
684 1234 744 1274 eis
774 1246 906 1285 usque
943 1235 994 1275 ad
1025 1236 1122 1275 Idus
1153 1236 1298 1283 Quint.
1328 1242 1516 1291 persolu-

59 1290 161 1330 tum.
216 1289 302 1329 Nos
330 1288 431 1329 Asia
461 1291 627 1342 accepit
654 1291 973 1333 admirabiliter.
1031 1292 1246 1335 Adventus
1274 1299 1416 1336 noster
1444 1310 1514 1338 ne-
1536 1306 1566 1348 2

60 1346 165 1386 mini
206 1358 259 1386 ne
290 1346 461 1386 minimo
501 1347 669 1398 quidem
700 1348 780 1387 suit
808 1349 1005 1400 sumptui.
1066 1350 1197 1401 Spero
1228 1363 1341 1392 meos
1371 1365 1514 1396 omnes

5 1442 6 1448 ,
61 1402 219 1442 servire
257 1402 373 1443 laudi
409 1415 540 1445 meae.
600 1405 758 1444 Tamen
796 1418 944 1457 magno
976 1406 1125 1445 timore
1156 1420 1265 1446 sum:
1303 1409 1375 1449 sed
1405 1410 1513 1453 bene

5 1474 6 1500 1
59 1472 286 1511 speramus,
346 1460 499 1500 Omnes
539 1460 625 1501 iam
652 1461 786 1501 nostri
816 1464 986 1512 praeter
1015 1463 1204 1503 Tullium
1241 1466 1361 1506 tuum
1389 1481 1515 1510 vene-

57 1518 173 1557 runt.
229 1516 335 1557 Erat
373 1517 477 1557 mihi
514 1518 558 1556 in
598 1517 736 1557 animo
773 1519 892 1558 recta
926 1518 1143 1570 proficisci
1173 1520 1225 1559 ad
1264 1525 1513 1579 exercitum,

55 1574 236 1614 aestivos
272 1586 434 1614 menses
473 1575 659 1626 reliquos
696 1575 761 1615 rei
789 1575 963 1616 militari
994 1576 1117 1624 dare,
1150 1577 1349 1620 hibernos
1388 1581 1514 1623 iuris-

6 1642 8 1665 !
55 1644 1513 1664 W

57 1672 257 1705 werden.“
312 1673 406 1706 Also
437 1673 532 1707 iiber
563 1672 719 1708 Bereds.
759 1672 798 1708 S.
833 1673 940 1707 Brut.
979 1686 1009 1707 c.
1047 1675 1112 1718 79,
1147 1676 1175 1718 §.
1213 1677 1289 1713 273.
1334 1679 1513 1717 Quinctil.

56 1718 129 1762 VI,
153 1720 188 1761 3,
213 1719 268 1752 59.
297 1719 484 1764 didam„
521 1719 596 1754 loci
630 1718 788 1754 alicuius
814 1731 862 1754 ex
894 1726 974 1754 arte
1003 1720 1154 1755 dicendi
1189 1730 1250 1758 aut
1274 1725 1516 1773 philosophia

54 1764 353 1810 explicationem.

148 1813 181 1845 1.
231 1812 424 1845 consedero
448 1823 494 1845 Ξ
519 1810 724 1845 constitere
759 1811 796 1845 in
829 1822 887 1857 ep.
925 1812 995 1846 CC.
1029 1823 1084 1846 am
1116 1813 1236 1849 Ende.
1264 1835 1308 1842 —
1339 1819 1512 1864 spatium,

55 1857 183 1898 Raum.
219 1858 298 1891 Auf
310 1858 448 1892 Reisen
475 1857 521 1891 ist
548 1869 629 1891 man
654 1869 700 1891 zu
727 1869 834 1901 enge,
860 1869 905 1891 zu
931 1859 1155 1894 bescl11··.“111kt
1182 1871 1262 1895 zum
1289 1862 1510 1902 Schreiben,

56 1922 102 1929 —
124 1903 275 1947 Epheso.
311 1904 349 1939 S.
378 1916 436 1948 ep.
464 1905 554 1938 CCI.
584 1905 651 1941 Am
677 1905 733 1939 27.
760 1905 832 1938 Iul.
859 1904 941 1938 kam
976 1916 1016 1938 er
1042 1907 1135 1940 nach
1161 1907 1310 1943 Tralles
1345 1913 1389 1953 (s.
1417 1914 1508 1957 folg.

55 1949 203 1992 Brief);
223 1950 300 1984 also
311 1962 408 1984 muss
418 1950 718 1984 dieserBriefam
730 1951 1037 1995 29.geschrieben
1050 1952 1141 1987 sein.
1161 1954 1213 1987 Zu
1225 1955 1396 2000 Ephesus
1407 1959 1510 1994 hatte

57 2007 99 2031 er
122 1996 201 2029 sich
227 1996 308 2030 drei
334 1997 437 2040 Tage
462 1997 710 2041 aufgehalten.
738 2009 796 2042 ep.
818 1998 929 2040 CCV,
949 1998 982 2032 5.
1007 2018 1051 2023 —
1080 2000 1267 2034 Trallibus
1290 2002 1327 2036 in
1354 2005 1511 2050 Karien,

56 2042 188 2077 dessen
213 2043 358 2077 Ruinen
384 2043 475 2077 ietzt
505 2043 575 2077 den
606 2044 747 2078 Namen
771 2043 986 2078 Eskihissar
1011 2045 1251 2089 (Altschloss)
1290 2055 1432 2094 tragen.
1465 2072 1510 2080 -

57 2090 947 2180 ssiss‘ffifflffiff„gss'gazssffgg'nzussffn{5553‘332
964 2101 1188 2173 {xssf'ffi'}
1206 2105 1302 2175 51¹3:ss
1329 2098 1511 2179 ἓῗ-Ῑῗὲὲῗῗέῐ

58 2180 122 2214 das
158 2181 244 2215 Iahr
275 2182 399 2215 seiner
430 2181 791 2225 Statthalterschast‚
832 2183 893 2216 die
928 2195 968 2217 er
1005 2183 1106 2218 nieht
1137 2186 1269 2230 liinger
1304 2192 1510 2225 verwalten

58 2227 199 2261 wollte.
248 2228 398 2262 Attikus
424 2228 536 2261 sollte
561 2228 736 2263 desshalb
769 2228 830 2263 die
855 2230 958 2273 Tage
984 2230 1105 2265 seines
1129 2232 1399 2270 Proconsulats
1425 2249 1509 2271 vom

59 2280 182 2307 ersten
213 2275 360 2317 August
390 2285 434 2307 an
469 2274 548 2308 sich
580 2275 618 2308 in
655 2275 737 2309 dem
767 2276 1058 2309 Tafelkalender
1089 2278 1301 2314 bemerken.
1337 2300 1379 2308 -
1419 2295 1509 2327 quae

58 2320 197 2362 vellem,
222 2321 456 2354 erwiinschte
479 2321 741 2356 Nachrichten.
769 2341 814 2347 —-
839 2322 953 2355 otium
982 2322 1206 2365 Parthicum,
1235 2326 1317 2361 dass
1343 2327 1421 2362 sich
1448 2330 1511 2363 die

58 2366 218 2399 Parther
256 2366 366 2410 ruhig
408 2367 622 2410 verhalten5
660 2380 732 2401 von
766 2369 934 2402 welchen
968 2369 1040 2402 seit
1075 2370 1143 2404 der
1181 2371 1408 2418 Niederlage
1443 2376 1509 2409 des

60 2412 212 2446 Crassus
227 2412 314 2446 Viel
334 2422 377 2446 zu
402 2413 569 2446 surchten
594 2425 684 2449 war.
710 2414 748 2449 S.
775 2426 835 2459 ep.
851 2415 1048 2455 CXCV‚1.
1076 2427 1131 2450 am
1148 2418 1267 2452 Ende.
1296 2421 1510 2464 CXCVIII,

60 2458 93 2492 4.
110 2477 154 2483 -—
171 2459 265 2500 conf.
281 2463 379 2501 pact.
394 2459 527 2501 public.
551 2459 588 2494 S.
607 2472 666 2504 ep.
690 2461 828 2501 CCI‚1.
851 2472 907 2494 am
921 2461 1040 2496 Ende.
1067 2481 1110 2488 —
1133 2464 1190 2498 Id.
1207 2465 1342 2509 Quint„
1364 2468 1416 2501 15.
1436 2468 1508 2502 Iul.

148 2505 181 2538 2.
230 2505 325 2538 Asia
349 2515 395 2538 =
418 2505 558 2538 Asiani.
586 2505 624 2540 S.
652 2507 799 2540 Ramsh.
832 2508 860 2551 §.
887 2507 967 2550 203,
994 2509 1026 2552 1,
1050 2517 1084 2543 a.
1110 2527 1154 2535 —-
1177 2512 1336 2554 sumptui
1359 2513 1441 2555 fuit.
1470 2513 1510 2548 S.

61 2559 120 2592 ep.
156 2551 338 2592 CXCVI,
366 2551 399 2584 2.
433 2569 475 2575 -—
507 2553 646 2586 servire
683 2553 786 2587 laudi
815 2564 938 2596 meae,
982 2555 1056 2589 wie
1089 2566 1147 2600 ep.
1183 2557 1358 2601 CXCVI,
1393 2560 1427 2594 2.
1469 2571 1506 2594 u.

0 2625 1 2635 ,
63 2595 277 2639 CXCVIII,
303 2598 336 2630 5.
363 2616 406 2622 —
430 2608 566 2639 magno
591 2599 731 2633 timore.
758 2600 813 2633 Er
826 2600 1017 2643 besorgte‚
1042 2600 1127 2635 dass
1152 2602 1233 2636 sein
1259 2603 1420 2649 Gefolge
1444 2606 1511 2640 mit

0 2651 21 2701 ;
63 2639 128 2675 der
153 2642 237 2675 Zeit
260 2643 362 2677 nicht
385 2653 426 2676 so
453 2643 593 2677 loblich
613 2646 807 2680 versahren
832 2646 988 2680 mochte.
1015 2665 1062 2673 -
1084 2648 1148 2681 sed
1172 2648 1257 2681 bene
1279 2661 1387 2694 sper„
1414 2651 1511 2686 doch

0 2729 3 2749 ι
21 2738 23 2742 ⁴

0 2775 5 2796 l

64 2685 123 2720 ich
155 2688 235 2721 will
268 2689 332 2723 das
366 2689 479 2722 Beste
514 2691 648 2725 hoffen.
676 2710 718 2717 -
757 2693 918 2726 Tullium
943 2696 1053 2728 tuum.
1079 2692 1118 2729 S.
1146 2706 1205 2739 ep.
1232 2695 1511 2742 CLXXXVII,

21 2758 23 2762 Α
65 2731 98 2767 2.
122 2744 178 2768 am
202 2735 308 2770 Ende
335 2745 370 2769 u.
396 2735 613 2780 CXCVIII,
637 2738 671 2773 4.
698 2757 741 2763 -
766 2743 865 2773 recta
890 2737 960 2774 via.

1144 2800 1211 2852 4*
