1795 3043
436 54 746 104 EPISTOLA
780 53 1106 100 cccxnvln.
1402 57 1508 108 447

51 171 180 213 tiores
208 169 358 223 faciat,
396 168 498 221 quid
526 168 608 209 hac
636 179 684 208 re
711 166 900 207 facturus
929 166 1005 207 sit:
1046 179 1071 206 a
1101 176 1185 216 quo
1209 163 1244 205 si
1273 163 1356 205 erit
1383 165 1503 206 nobis

48 228 334 281 rescriptum,
374 226 536 277 statim,
578 236 685 276 quae
713 223 967 270 sentiemus,
1007 222 1059 263 ad
1088 224 1132 262 te
1159 220 1411 263 scribemus:
1461 225 1503 262 ct

49 285 132 326 tibi
168 284 291 325 fidem
326 283 526 324 faciemus
563 295 638 322 nos
675 293 726 321 ea
761 280 959 331 suadere,
1005 291 1114 330 quae
1150 278 1271 319 nobis
1305 278 1502 319 videntur

46 344 147 382 tuae
176 341 388 394 dignitati,
418 352 502 380 non
535 337 722 379 Caesaris
749 337 928 388 rationi,
958 348 1048 376 esse
1076 335 1319 376 utilissima:
1357 338 1400 376 et
1418 336 1500 376 hoc

48 399 270 439 Caesarem
288 410 365 452 pro
393 409 469 438 sua
498 394 761 449 indulgentia
788 393 835 433 in
865 406 961 434 suos
989 390 1265 445 probaturum
1293 393 1501 446 putamus.

742 564 794 607 Β.

424 639 623 677 BALBUS
659 640 903 677 CICERONI
936 640 1041 676 IMP.
1073 640 1113 676 S.

159 712 203 755 S.
231 712 279 752 V.
307 713 353 753 B.
382 712 434 754 E.
490 712 769 763 Posteaquam
798 712 943 753 literas
972 722 1211 752 communes
1240 722 1336 752 cum
1365 709 1502 764 Oppio

44 768 98 810 ad
125 770 169 809 te
198 769 318 818 dedi,
357 769 411 809 ab
444 768 622 809 Caesare
651 769 871 821 epistolam
901 769 1076 822 accepi,
1114 769 1235 809 cuius
1264 769 1503 820 exemplum

45 826 123 866 tibi
153 825 269 875 misi3
325 836 377 866 ex
406 825 560 877 quibus
588 826 830 879 perspicere
859 826 1040 878 poteris,
1079 837 1202 876 quam
1232 826 1376 878 cupiat
1404 837 1503 865 con-

45 881 231 924 cordiam
261 885 302 922 et
330 882 578 935 Pompeium
607 883 887 923 reconciliare
924 884 965 922 et
994 895 1118 935 quam
1147 884 1334 922 remotus
1359 881 1414 922 sit
1445 881 1498 922 ab

44 939 158 980 omni
188 938 464 981 crudelitate:
495 938 608 990 quod
625 952 719 980 eum
740 940 910 991 sentire,
938 944 985 979 ut
1003 939 1149 991 debeo,
1178 939 1303 980 valde
1323 938 1496 991 gaudeo.

43 995 108 1036 De
145 997 189 1035 te
229 998 272 1035 et
308 997 381 1036 tua
417 995 499 1036 fide
537 998 579 1036 et
614 997 773 1048 pietate
801 996 911 1036 idem
941 997 1205 1045 mehercule,
1244 995 1303 1039 mi
1333 994 1498 1046 Cicero,

43 1052 206 1104 sentio,
245 1053 357 1103 quod
387 1053 450 1093 tu:
498 1065 582 1092 non
611 1065 733 1104 posse
763 1055 878 1092 tuam
904 1054 1060 1093 famam
1089 1054 1131 1091 et
1160 1051 1347 1092 officium
1376 1053 1499 1092 susti·

43 1121 168 1161 nere,
197 1111 244 1148 ut
273 1110 419 1149 contra
450 1121 545 1148 eum
575 1121 691 1150 arma
721 1111 859 1161 seras,
889 1123 913 1149 a.
942 1121 1024 1160 quo
1055 1110 1216 1148 tantum
1246 1107 1496 1148 beneficium

43 1168 86 1206 te
125 1165 340 1218 accepisse
375 1165 606 1217 praedices,
676 1165 895 1207 Caesarem
941 1167 1023 1206 hoc
1068 1165 1178 1205 idem
1219 1165 1495 1218 probaturum
1519 1172 1549 1211 2

44 1223 311 1274 exploratum
354 1235 431 1274 pro
473 1223 679 1274 singulari
722 1223 812 1262 eius
850 1222 1112 1262 humanitate
1157 1222 1316 1270 habeo;
1373 1223 1497 1273 eique

43 1278 372 1320 cumulatissime
410 1279 721 1318 satisfacturum
760 1281 804 1318 te
843 1280 959 1318 certo
1003 1279 1113 1326 scio,
1165 1290 1293 1329 quum
1335 1280 1498 1318 nullam

42 1337 207 1387 partem
235 1334 341 1374 belli
369 1336 516 1375 contra
545 1347 638 1374 eum
667 1334 870 1387 suscipias
899 1347 1036 1386 neque
1066 1333 1205 1375 socius
1234 1334 1323 1375 eius
1353 1335 1499 1375 adver-

44 1393 167 1433 sariis
206 1391 348 1431 fueris.
405 1392 544 1442 Atque
583 1391 665 1432 hoc
705 1403 789 1431 non
829 1392 963 1431 solum
1001 1393 1044 1431 in
1082 1394 1150 1441 te,
1193 1391 1271 1432 tali
1307 1392 1348 1431 et
1378 1394 1496 1432 tanto

44 1449 160 1500 viro,
200 1448 298 1488 satis
328 1447 526 1497 habebit,
562 1448 634 1487 sed
660 1448 786 1488 etiam
817 1449 922 1488 mihi
950 1449 1041 1500 ipse
1070 1462 1144 1489 sua
1184 1449 1393 1489 concessit
1429 1461 1502 1488 vo-

41 1506 228 1557 luntate,
263 1517 316 1544 ne
345 1505 389 1545 in
420 1505 473 1544 iis
503 1505 653 1545 eastris
683 1517 838 1556 essem,
868 1517 977 1556 quae
1001 1507 1150 1546 contra
1169 1505 1395 1545 Lentulum
1425 1507 1500 1545 aut

42 1562 289 1613 Pompeium
326 1562 474 1601 futura
512 1564 670 1609 essent,
720 1574 899 1613 quorum
926 1561 1134 1603 beneficia
1162 1562 1345 1603 maxima.
1372 1561 1500 1603 habe-

42 1683 108 1717 hac
133 1693 183 1718 re.
217 1682 282 1717 Sic
306 1682 384 1717 Md.
408 1683 499 1718 Bos.
527 1683 640 1726 Seqq.
669 1686 705 1716 in
730 1683 798 1717 hac
821 1695 862 1717 re
886 1684 981 1718 Edd.
1006 1696 1110 1719 meae
1134 1690 1219 1719 ante
1241 1685 1354 1728 Bos.,
1387 1685 1498 1719 etiam

41 1729 140 1765 vict.
165 1729 292 1763 Lamb.
322 1729 396 1763 ΟΒ.
422 1748 465 1753 -
503 1741 593 1774 quae
616 1732 822 1765 sentiemus.
855 1731 933 1764 Md.
960 1741 981 1764 a
1004 1742 1061 1775 pr.
1089 1742 1136 1764 m.
1162 1742 1268 1774 quum
1292 1734 1497 1767 sentiemus.

40 1775 193 1810 Fuitne:
226 1775 368 1814 statim,
395 1786 501 1819 quum
524 1777 706 1809 sciemus?
742 1776 814 1810 ΟΒ.
840 1795 885 1801 -
931 1778 1036 1819 fidem
1060 1778 1151 1819 fac„
1190 1777 1264 1810 und
1287 1777 1362 1812 Dir
1385 1788 1499 1812 unsre

39 1822 143 1856 Ehre
172 1821 412 1865 verpsanden.
444 1839 489 1846 —-
535 1822 694 1864 rationi,
726 1823 834 1857 Plan.
885 1821 948 1856 Sic
986 1824 1110 1857 Oxou.
1135 1825 1167 1856 1.
1207 1824 1306 1858 lens.
1345 1825 1431 1858 Asc.
1461 1825 1494 1859 1.

42 1869 143 1902 Crat.
169 1867 269 1901 Man.
294 1866 423 1900 Lamb.
449 1867 539 1901 Ern.
566 1867 654 1902 sch.
680 1867 774 1902 Liin.
812 1869 951 1902 actioni
973 1869 1053 1903 Md.
1081 1870 1206 1904 Oxon.
1223 1870 1257 1904 2.
1285 1870 1377 1905 Cdd.
1399 1870 1496 1914 Reg.

39 1913 139 1948 vict.
165 1914 199 1947 l.
224 1912 256 1946 2.
291 1913 381 1946 Bos.
415 1912 549 1946 Graev.
582 1913 679 1948 Lall.
711 1914 879 1948 Weiske.
913 1916 1022 1959 prob.
1057 1915 1241 1950 Goerenz.
1274 1915 1318 1950 ad
1349 1917 1496 1950 Acadd.

39 1959 80 2002 2,
102 1970 140 2002 p.
167 1959 245 1993 116.
274 1959 345 1992 GR.
372 1976 417 1982 —
463 1959 503 1991 in
524 1969 622 1993 suos.
662 1959 726 1994 Sic
750 1961 826 1995 Md.
853 1961 951 1997 vict.
979 1964 1011 1998 1.
1032 1962 1064 1996 2.
1088 1961 1218 1996 Lamb.
1243 1963 1331 1997 Bos.
1359 1962 1494 1996 Graev.

40 2008 77 2038 in
108 2015 173 2038 nos
218 2004 315 2040 Ball.
357 2005 512 2039 Helmst.
558 2006 681 2039 Oxou.
707 2006 742 2040 2.
781 2007 888 2042 Rom.
933 2008 1020 2042 Asc.
1052 2009 1085 2043 1.
1127 2007 1226 2041 Crat.
1268 2008 1356 2044 Ern.
1405 2007 1495 2046 Sch.

37 2051 132 2086 Lun.
184 2051 257 2084 ΟΒ.

130 2109 161 2141 1.
188 2107 243 2140 lit.
270 2117 419 2149 comm.,
446 2108 517 2142 den
543 2108 832 2152 vorigenBries,
855 2111 999 2154 Anlage
1011 2112 1056 2145 A.
1082 2128 1126 2136 —
1173 2111 1394 2155 exemplum,
1417 2111 1496 2144 An-

38 2152 122 2198 lage
146 2153 188 2187 C.
214 2171 260 2178 ·-·
307 2164 350 2187 ex
374 2155 501 2198 quibus
524 2161 612 2188 statt
636 2165 679 2187 est
704 2166 773 2198 qua
797 2162 834 2189 tu
856 2168 894 2200 p.
936 2158 1022 2191 Asc.
1049 2168 1106 2202 pr.
1151 2156 1189 2191 S.
1215 2157 1367 2191 Ramsh.
1393 2157 1494 2200 §.95‚

37 2199 71 2234 2.
106 2200 185 2242 159,
211 2199 244 2238 2,
270 2210 301 2233 c.
332 2200 411 2240 206,
436 2201 482 2235 A.
509 2220 553 2225 —
589 2202 828 2235 reconciliari
851 2204 937 2237 Asc.
954 2205 985 2236 l.
1013 2222 1054 2228 —
1092 2205 1283 2246 sustinere,
1309 2203 1493 2236 zulassen.

126 2245 161 2279 2.
192 2246 418 2289 exploratum
441 2271 450 2281 .
470 2273 478 2281 .
497 2273 505 2281 .
533 2247 664 2290 habeo,
690 2247 801 2281 daran
827 2249 976 2283 zweifle
1003 2250 1062 2283 ich
1085 2249 1219 2283 keinen
1241 2248 1493 2292 Augenblick.

39 2289 77 2324 S.
104 2291 254 2324 Ramsh.
294 2293 323 2334 §.
344 2294 427 2335 171,
464 2293 524 2335 ΙΙ,
561 2295 615 2336 Α,
648 2295 680 2327 2.
725 2294 870 2328 Grotef.
897 2296 924 2337 §.
947 2295 1026 2330 324.
1064 2315 1105 2320 —
1155 2296 1305 2337 cumul.‚
1339 2294 1406 2328 auf
1427 2293 1493 2327 das

39 2336 350 2381 Vollstiindigste.
383 2357 426 2363 —
483 2338 549 2372 hoc
576 2365 584 2373 .
607 2365 615 2373 .
636 2367 643 2374 .
668 2341 760 2373 satis
791 2340 952 2384 habebit,
997 2341 1109 2375 daran
1141 2341 1239 2375 wird
1276 2351 1318 2374 er
1348 2339 1495 2373 Deiner

38 2381 138 2416 Seits
164 2393 287 2426 genug
312 2384 442 2418 haben.
480 2403 522 2410 —
569 2386 639 2418 tali
665 2412 672 2420 .
694 2411 702 2419 .
728 2411 736 2419 .
760 2387 841 2419 viro
877 2393 922 2422 st.
957 2398 1067 2430 quum
1098 2387 1182 2422 talis
1214 2392 1251 2420 et
1283 2391 1406 2418 tantus
1438 2385 1492 2419 sis

37 2427 106 2462 vir.
138 2447 183 2454 —
229 2439 295 2461 sua
321 2454 329 2462 .
349 2454 357 2462 .
384 2431 478 2470 vol..
517 2441 581 2464 aus
613 2431 765 2474 eigener
795 2432 1028 2477 Bewegung.
1081 2433 1145 2469 Sic
1175 2433 1253 2467 Md.
1286 2442 1306 2464 a
1336 2441 1409 2466 sec.
1440 2442 1489 2465 m.

39 2474 162 2507 Oxou.
188 2474 219 2507 2.
258 2474 350 2510 Cdd.
381 2476 537 2520 Malasp.
572 2483 608 2510 et
640 2477 728 2511 Bos.
762 2479 896 2522 Margo
937 2480 1037 2515 Crat.
1079 2480 1203 2513 Lamb.
1247 2477 1335 2510 Bos.
1373 2476 1489 2519 Seqq.

39 2519 196 2552 bonitate
225 2520 301 2553 Md.
327 2531 348 2553 a
372 2531 428 2564 pr.
455 2532 500 2555 m.
529 2523 650 2557 Oxon.
678 2525 710 2557 1.
743 2525 828 2558 Asc.
856 2526 887 2559 l.
914 2525 1015 2559 Crat.
1050 2526 1149 2560 Vict.
1177 2526 1207 2557 1.
1233 2523 1265 2556 2.
1292 2522 1489 2557 ORELLI.

38 2575 188 2607 quorum
213 2566 323 2607 benef.
348 2577 396 2600 m.
421 2565 498 2599 hab.
531 2568 565 2600 A
581 2568 764 2612 Pompeio
790 2577 869 2604 erat
895 2570 1045 2605 civitate
1070 2571 1245 2610 donatus3
1277 2579 1297 2601 a
1313 2568 1489 2611 Lentulo,

39 2610 111 2645 hui.
138 2611 222 2644 anni
247 2612 419 2653 consule,
465 2618 621 2655 patrono
648 2625 714 2647 suo
741 2626 872 2649 nomen
899 2617 1065 2650 Cornelii
1088 2620 1347 2658 assumpserat.
1379 2613 1488 2648 8011.

39 2655 127 2706 Yid.
155 2657 258 2690 Orat.
284 2668 353 2701 pro
377 2657 482 2691 Balb.
509 2658 620 2702 (inpr.
648 2670 679 2692 c.
695 2661 782 2703 25.)‚
807 2673 879 2704 qua
905 2663 1038 2697 Cicero
1063 2673 1144 2694 eum
1160 2659 1352 2701 defendit,
1377 2670 1488 2703 quum

39 2710 74 2734 ei
92 2701 142 2736 ·de
166 2702 233 2737 hac
259 2703 409 2737 civitate
434 2704 690 2740 controversia
721 2713 819 2741 mota
843 2715 944 2743 esset
972 2720 993 2744 a
1018 2707 1199 2742 Gaditano
1231 2705 1402 2749 quodam.
1443 2722 1487 2730 ‹—
