1795 3043
393 59 711 110 EPISTOLA
756 57 998 107 CCLXXI.
1036 59 1300 108 CCLXXII.
1480 65 1581 118 257

113 176 263 231 rogati.
321 174 404 217 Sed
433 175 512 216 tibi
539 186 701 215 morem
729 172 860 226 gessi:
890 172 1035 215 literas
1065 173 1119 216 ad
1147 186 1242 216 eum
1271 173 1447 228 scripsi,
1476 186 1578 226 quas

115 247 243 287 quum
270 233 510 286 acceperis,
539 232 672 274 facies
701 229 813 283 quod
841 231 969 271 voles.

917 327 996 334 -..-..

241 404 552 453 EPISTOLA
595 403 868 450 CCLXXII.
924 402 1009 463 (ad
1050 404 1157 450 Div.
1191 404 1315 451 VIII.
1352 409 1454 468 13.)

299 493 379 529 Ser.
405 493 546 530 Romae
569 501 696 526 mense
721 492 829 527 Iunio
856 494 903 527 A.
928 492 974 527 U.
1000 492 1041 527 C.
1067 478 1152 527 704}
1177 493 1226 537 (a.
1253 494 1293 527 C.
1321 495 1394 537 50.)

118 563 337 598 Gratulatur
362 560 536 598 Ciceroni
561 560 776 596 affinitatem
800 561 1049 605 Dolabellae,
1081 560 1146 605 qui
1171 561 1335 596 Tulliam
1361 562 1441 597 eius
1466 563 1580 600 filiam

117 611 288 645 duxerat.
316 612 351 644 1.
398 613 523 642 narrat
557 607 603 641 de
628 607 902 642 intercessione
927 608 1100 643 Curionis
1126 614 1164 641 et
1189 608 1235 642 de
1260 608 1466 653 provinciis
1491 611 1580 656 quid

223 663 345 691 actum
370 654 429 690 sit.
478 653 655 697 Denique
679 655 919 689 Hortensium
945 655 1101 689 animam
1125 665 1238 699 agere
1262 655 1416 690 nuntiat.
1442 657 1476 691 2.

564 723 782 759 CAELIUS
816 724 1059 759 CICERONI
1091 722 1131 759 S.

234 794 437 836 Gratulor
474 793 554 834 tibi
584 793 792 836 affinitate
820 795 904 835 viri
934 795 1094 835 medius
1123 793 1246 836 fidius
1276 795 1445 848 optimi:
1483 809 1583 838 nam

119 853 201 895 hoc
231 864 306 904 ego
336 851 386 890 de
415 852 493 891 illo
523 852 729 892 existimo.
789 851 940 893 Cetera
968 864 1118 904 porr0‚
1155 853 1308 903 quibus
1338 854 1475 894 adhuc
1504 854 1582 895 ille

119 910 202 950 sibi
232 921 382 961 parum
410 909 527 949 utilis
557 909 661 957 fuit,
703 911 744 950 et
773 911 910 950 aetate
937 909 1022 949 iam
1052 911 1149 949 sunt
1177 909 1373 958 decussa,
1414 913 1457 951 et
1485 924 1583 952 con-

119 966 341 1008 suetudine
370 968 495 1018 atque
524 967 776 1007 auctoritate
805 968 901 1018 tua,
930 966 1092 1018 pudore
1122 967 1313 1016 Tulliae,
1342 968 1379 1007 si
1408 980 1490 1019 qua
1518 979 1585 1008 re-

120 1023 315 1071 stabunt,
366 1023 530 1064 confido
582 1025 780 1064 celeriter
827 1024 1039 1064 sublatum
1085 1023 1153 1064 iri.
1230 1023 1323 1064 Non
1371 1029 1434 1064 est
1470 1026 1585 1065 enim

120 1094 288 1134 pugnax
316 1080 360 1120 in
390 1081 504 1120 vitiis
532 1092 672 1132 neque
702 1080 832 1121 hebes
861 1080 914 1121 ad
942 1080 1000 1128 id,
1031 1080 1145 1132 quod
1173 1080 1324 1121 melius
1354 1081 1430 1130 sit,
1461 1082 1585 1122 intel-

119 1138 346 1191 ligendum.
390 1137 554 1177 Deinde
583 1137 767 1190 —quod
788 1138 1013 1178 maximum
1032 1139 1096 1178 est
1115 1159 1173 1166 —--
1203 1150 1278 1191 ego
1309 1138 1431 1179 illum
1458 1139 1584 1180 valde

120 1208 226 1236 amc.
284 1195 433 1246 Voles,
476 1194 649 1244 Cicero,
701 1195 928 1236 Curionem
965 1196 1152 1236 nostrum
1188 1196 1349 1237 lautum
1384 1197 1584 1237 interces-
1607 1205 1636 1248 2

120 1253 252 1293 sionis
282 1252 333 1292 de
363 1252 596 1303 provinciis
625 1252 783 1292 exitum
811 1253 1020 1293 habuisse.
1083 1252 1190 1293 Nam
1219 1265 1349 1303 quum
1378 1255 1428 1294 cle
1458 1254 1586 1295 inter-

123 1310 315 1350 cessione
345 1309 594 1360 referretur,
625 1321 732 1358 quae
761 1309 912 1349 relatio
942 1308 1072 1349 fiebat
1100 1321 1152 1350 ex
1181 1312 1350 1350 senatus
1380 1312 1588 1363 consulto,

121 1367 340 1419 primaque
370 1365 427 1405 M.
449 1365 646 1405 Marcelli
675 1366 884 1406 sententia
913 1366 1187 1418 pronuntiata
1216 1369 1338 1419 esset,
1368 1369 1443 1418 qui
1465 1381 1589 1422 agen-

124 1424 222 1464 dum
253 1435 348 1463 cum
377 1422 557 1462 tribunis
586 1422 725 1474 plebis
754 1422 972 1464 censebat:
1002 1423 1200 1476 frequens
1229 1426 1398 1464 senatus
1426 1426 1472 1465 in
1501 1425 1589 1467 alia

127 1569 323 1604 ORELLI.
349 1587 388 1594 -
423 1579 559 1601 morem
582 1555 703 1612 gessi,
728 1567 789 1602 ich
815 1568 879 1602 bin
903 1568 978 1602 Dir
1003 1579 1049 1602 zu
1074 1567 1217 1603 ‘Willen
1243 1581 1429 1613 gewesen.
1455 1590 1500 1597 —
1531 1573 1591 1614 fa-

125 1617 198 1651 cies
222 1627 253 1660 q.
271 1616 382 1657 voles,
409 1624 450 1647 so
475 1614 611 1648 kannst
626 1615 688 1648 Du
706 1615 772 1648 mit
791 1614 862 1649 den
878 1614 1032 1649 Briefen
1049 1615 1217 1659 machen,
1243 1627 1319 1651 was
1336 1617 1409 1651 Dir
1425 1617 1588 1672 *beliebn

427 1671 662 1706 CAELIUS.
714 1671 754 1706 S.
781 1682 827 1706 zu
853 1683 913 1718 ep.
942 1673 1092 1707 CXXII
1122 1672 1170 1707 im
1197 1674 1284 1708 Ans.

215 1719 247 1752 l.
280 1717 478 1760 affinitate,
515 1728 582 1751 zur
606 1718 1075 1763 Familien-Verbindung
1105 1720 1170 1753 mit
1196 1731 1277 1754 u.s.
1291 1730 1340 1754 W.
1374 1721 1591 1764 affinitatem

124 1764 251 1799 Lamb.
278 1764 372 1798 Liin.
402 1764 476 1798 ΟΒ.
495 1783 541 1790 -
582 1765 770 1808 existimo,
805 1776 940 1810 nempe
965 1766 1204 1799 Dolabellam
1229 1766 1349 1800 virum
1382 1778 1465 1801 esse
1491 1768 1591 1813 opti-

126 1822 234 1844 mum.
254 1829 298 1835 —
341 1810 469 1843 Cetera
495 1811 570 1845 sein
598 1822 629 1845 u.
655 1811 844 1845 schonend
869 1818 999 1855 gesagt
1032 1819 1075 1845 st.
1104 1812 1184 1846 eius
1209 1813 1319 1855 vitia,
1351 1812 1593 1849 imbecillita-

127 1864 196 1891 tes,
244 1857 355 1896 Denn
380 1867 421 1889 er
445 1867 524 1890 war
548 1858 788 1901 stadtkundig
814 1858 873 1891 ein
890 1858 1096 1902 Wiistling,
1119 1858 1420 1894 Verschwender
1444 1871 1480 1895 u.
1497 1860 1592 1895 Sau-

126 1902 291 1944 sewind,
326 1902 506 1936 wodurch
533 1915 573 1937 er
598 1903 738 1937 seinem
766 1905 1002 1949 Vermbgen,
1027 1905 1152 1939 seiner
1176 1905 1409 1940 Gesundheit
1434 1918 1469 1941 u.
1490 1907 1593 1942 Ehre

126 1948 330 1993 geschadet
362 1949 473 1982 hatte.
496 1968 542 1974 —
584 1950 755 1993 decussa,
795 1956 976 1993 tamquam
1009 1951 1110 1985 folia.
1158 1950 1222 1985 Sic
1259 1963 1279 1985 e
1311 1952 1406 1987 coni.
1441 1954 1591 1989 Colucii

128 1994 287 2030 Salutati
314 1995 515 2038 eademque
541 1996 570 2029 Ι.
591 1996 632 2029 F.
651 1996 848 2030 Gronovii.
876 1997 979 2032 vict.
995 1997 1025 2031 2.
1047 1998 1188 2031 Bened.
1208 1997 1294 2032 Sch.
1319 2003 1401 2032 sunt
1422 2000 1465 2033 de
1480 2011 1592 2035 causa

126 2042 205 2077 Md.
225 2045 307 2075 sunt
322 2042 475 2075 decursa
500 2042 723 2084 (verlaufen‚
740 2043 973 2084 verbrauset)
1000 2044 1100 2078 Crat.
1119 2044 1222 2079 Vict.
1240 2046 1273 2079 1.
1298 2044 1427 2079 Lamb.
1454 2046 1590 2082 Graev.

126 2088 218 2122 Ern.
243 2088 396 2121 Liinem.
426 2088 499 2121 ΟΒ.
536 2089 762 2123 curriculum
795 2088 969 2123 vitiorum
995 2089 1211 2123 iuvenilium
1236 2090 1431 2126 decursum
1457 2098 1525 2126 est.
1546 2112 1592 2118 —

122 2135 284 2179 pudore,
311 2133 428 2168 durch
453 2134 518 2168 das
535 2135 765 2179 Zartgefiihl.
799 2139 832 2168 et
852 2136 941 2180 pud.
966 2136 1083 2180 Neap.
1110 2136 1246 2171 Graev.
1271 2137 1362 2172 Ern.
1390 2138 1477 2173 Sch.
1493 2139 1589 2174 Liin.

127 2191 174 2205 -’-
205 2191 378 2224 pugnax,
410 2181 641 2225 hartnackig.
667 2200 712 2206 —
745 2193 851 2224 amo,
886 2182 1012 2216 mache
1046 2182 1127 2216 also
1162 2182 1221 2216 ein
1247 2183 1346 2218 Paar
1371 2186 1507 2229 Augen
1531 2185 1591 2220 fur

128 2225 233 2259 seine
258 2227 394 2260 Fehler
418 2237 475 2261 zu.
952 2264 956 2268 ,

220 2272 252 2305 2.
285 2272 488 2306 Curionem.
524 2273 588 2308 Sic
612 2273 687 2309 Md.
715 2274 799 2307 Asc.
820 2274 850 2306 l.
879 2273 1019 2307 Bened.
1053 2273 1182 2308 Cicero
1207 2275 1264 2309 bis
1290 2275 1346 2310 sic
1372 2276 1408 2310 in
1434 2277 1505 2322 Ep.
1526 2278 1591 2320 163

130 2327 199 2351 nec
224 2318 457 2361 cogitandum
484 2320 519 2353 h.
547 2320 572 2354 l.
599 2320 645 2353 de
671 2320 785 2353 stulto
811 2319 892 2354 Md.
919 2331 1022 2353 more
1051 2322 1292 2364 praenomina
1320 2333 1435 2367 prave
1467 2323 1592 2369 expli-

130 2363 251 2397 candi.
281 2364 475 2398 ORELLI.
517 2366 608 2408 „Du
634 2366 743 2400 wirst
769 2377 808 2400 es
834 2377 950 2409 gerne
976 2366 1111 2410 seben,
1136 2367 1222 2401 dass
1247 2378 1287 2402 es
1313 2380 1460 2403 unserm
1477 2369 1591 2404 Curio

129 2409 197 2444 mit
231 2409 370 2444 seinem
394 2410 605 2456 Einspruch
641 2423 760 2456 gegen
798 2412 860 2446 die
884 2413 1108 2446 Beschliisse
1140 2414 1205 2448 des
1230 2413 1361 2449 Senam
1388 2415 1423 2449 in
1446 2416 1598 2450 Betreff

130 2455 199 2490 der
223 2456 437 2490 Provinzen
462 2468 495 2491 u.
522 2457 586 2492 des
613 2459 743 2493 Gasars
769 2469 811 2492 So
837 2459 1016 2503 geglu'ckt
1042 2459 1139 2493 hat.''
1186 2461 1306 2494 Halbe
1334 2461 1475 2495 Ironie!
1512 2462 1592 2496 hal-

130 2502 198 2536 bes
224 2502 497 2536 Aussorschen!
537 2503 574 2538 S.
603 2515 660 2548 ep.
681 2505 893 2548 CCXXIII,
916 2506 937 2538 5
957 2506 995 2539 ff.
1012 2525 1057 2530 —
1095 2506 1138 2539 de
1163 2506 1267 2541 omis,
1295 2507 1371 2541 Md.
1388 2507 1530 2541 Bened.
1547 2527 1592 2533 —

128 2549 273 2593 prima,
299 2549 388 2582 weil
414 2549 467 2585 M.
486 2550 688 2585 Marcellus
711 2553 775 2586 703
801 2551 941 2585 Consul
967 2562 1141 2594 gewesen
1165 2563 1255 2587 war.
1273 2572 1317 2577 —-
1357 2553 1420 2597 qui
1445 2578 1453 2587 .
1473 2579 1480 2587 .
1508 2564 1591 2587 cen-

131 2595 253 2637 sebat,
285 2595 352 2628 der
377 2595 511 2629 darauf
531 2602 675 2641 antrug‚
701 2607 781 2630 man
806 2599 928 2631 musse
953 2598 1018 2630 mit
1043 2597 1114 2631 den
1139 2598 1436 2633 Volkstribunen
1464 2600 1499 2633 in
1513 2600 1591 2633 Un-

132 2640 382 2684 terhandlung
406 2648 538 2675 treten.
562 2661 607 2667 —
646 2644 734 2687 freq.
762 2667 771 2677 .
795 2668 803 2676 .
830 2643 895 2685 iit,
930 2653 971 2677 so
1003 2643 1079 2677 ries
1099 2644 1167 2678 der
1190 2647 1364 2688 gressere
1389 2646 1500 2680 Theil
1527 2646 1593 2680 des

135 2685 282 2721 Senats:
322 2688 433 2721 eher
465 2688 599 2722 Alles
631 2689 823 2722 andere!
873 2689 963 2723 eher
988 2695 1093 2733 trage
1126 2700 1207 2724 man
1239 2689 1303 2723 auf
1324 2692 1429 2725 Alles
1454 2692 1593 2727 andere

129 2742 188 2767 an.
227 2733 283 2767 ire
313 2733 351 2768 in
383 2733 456 2768 alia
489 2734 613 2768 omnia
636 2747 681 2768 z
705 2735 770 2770 das
796 2734 1018 2779 Gegentheil
1044 2735 1200 2771 votiren.
1234 2735 1286 2771 So
1312 2748 1371 2784 ep.
1389 2738 1536 2782 XCIII,
1559 2741 1590 2774 l.

192 2791 260 2821 cic.
282 2793 392 2822 Briefe
414 2803 448 2822 v.
468 2793 606 2821 Billerb.
631 2796 672 2822 Π.
1235 2798 1290 2836 17
