1795 3043
563 72 878 122 EPISTOLA
914 73 1205 122 CCXXXIX.
1521 81 1622 130 155

301 209 615 259 EPISTOLA
651 212 939 258 CCXXXIX.
976 212 1058 271 (ad
1087 213 1192 258 Div.
1228 212 1325 258 XV.
1363 214 1467 274 10.)

323 298 405 336 Ser.
433 299 473 335 in
497 298 632 336 Cilicia
655 311 782 335 meuse
807 300 884 334 Ian.
911 301 960 334 A.
986 299 1030 335 U.
1057 299 1098 334 C.
1123 300 1203 335 704.
1232 303 1278 344 (a.
1308 301 1348 335 C.
1376 302 1450 344 50.)

152 367 308 403 Consuli
332 369 515 405 Marcello
540 380 642 405 suam
667 368 985 449 existimatcilouem
1017 368 1075 449 in2
1090 370 1368 415 supplicatione
1392 370 1628 406 decernenda

683 427 849 450 commen
880 422 927 450 at.
961 418 1038 450 l-
1082 442 1089 450 .

288 486 341 521 M.
367 485 554 522 CICERO
582 485 691 520 lMP.
719 483 758 520 S.
784 485 836 521 D.
863 484 904 520 C.
931 483 1212 519 MARCELLO
1239 486 1279 520 C.
1307 486 1349 520 F.
1378 485 1486 520 COS.

268 557 477 607 Quoniam
505 555 549 596 id
579 555 750 607 accidit,
781 555 892 608 quod
912 555 1017 595 mihi
1038 555 1220 596 maxime
1245 556 1324 596 suit
1345 557 1550 609 optatum,
1578 557 1627 597 ut

154 614 342 654 omnium
362 614 677 661 Marcellorum,
695 613 1044 654 Marcellinorum
1067 614 1194 653 etiam
1214 635 1272 641 -—
1289 613 1492 654 mirificus
1513 613 1627 654 enim

153 672 322 723 generis
360 684 410 712 ac
449 671 631 711 nominis
666 672 797 711 vestri
835 670 918 711 fuit
948 683 1046 722 erga
1084 683 1151 710 me
1182 683 1347 722 semper
1377 671 1541 711 animus
1567 692 1627 700 —-

155 729 353 779 quoniam
392 741 491 781 crgo
530 728 591 768 ita
627 728 810 780 accidit,
850 729 896 767 ut
926 728 1113 768 omnium
1150 730 1333 768 vestrum
1361 728 1497 767 studio
1528 730 1626 769 tuus

159 787 404 826 consulatus
425 786 670 826 satisfacere
689 786 843 838 posset,
873 785 917 825 in
949 797 1074 836 quem
1104 798 1221 825 meae
1251 798 1318 825 res
1347 787 1488 838 gestae
1514 786 1628 825 laus-

154 853 238 893 que
268 844 310 882 et
338 843 472 883 honos
493 855 638 883 earum
659 842 926 896 potissimum
944 843 1171 884 inciderett
1201 844 1300 894 peto
1319 856 1344 882 a
1364 844 1406 882 te
1424 842 1483 893 id,
1514 842 1628 893 quod

154 898 408 941 facillimum
436 901 555 941 factu
587 902 664 947 est,
696 913 779 940 non
811 901 1078 952 aspernante,
1108 901 1155 939 ut
1175 898 1355 951 confido,
1388 900 1551 952 senatu,
1579 900 1628 939 ut

154 969 282 1009 quam
312 957 783 998 honorificentissimum
811 959 982 998 senatus
1001 957 1254 1008 consultum,
1283 957 1421 996 literis
1439 957 1544 997 meis
1563 968 1630 996 re-

156 1014 311 1063 citatis,
343 1014 587 1055 faciundum
618 1027 755 1055 cures.
818 1015 863 1055 Si
892 1014 998 1054 mihi
1026 1014 1169 1054 tecum
1190 1015 1330 1053 minus
1351 1015 1471 1065 esset,
1501 1026 1627 1065 quam
1650 1017 1680 1058 2

156 1073 220 1111 est
251 1084 344 1113 cum
374 1073 458 1112 tuis
486 1071 704 1124 omnibus,
741 1073 970 1125 allegarem
1011 1071 1064 1111 ad
1093 1074 1135 1110 te
1165 1071 1285 1121 illos,
1326 1084 1350 1111 a
1381 1071 1537 1122 quibus
1565 1071 1629 1111 in-

154 1129 311 1182 telligis
341 1141 405 1169 me
435 1129 666 1182 praecipue
695 1128 827 1181 diligi.
886 1129 1026 1169 Patris
1045 1129 1109 1168 tui
1132 1126 1340 1169 beneficia
1361 1129 1406 1168 in
1436 1141 1504 1168 me
1533 1129 1631 1168 sunt

159 1186 437 1238 amplissima:
480 1199 620 1238 neque
651 1186 762 1226 enim
792 1187 921 1226 saluti
950 1198 1070 1226 meae
1100 1198 1239 1237 neque
1271 1186 1422 1226 honori
1452 1185 1631 1226 amicior

158 1243 381 1295 quisquam
410 1243 495 1284 dici
523 1245 672 1296 potest.
718 1244 869 1283 Frater
888 1245 986 1282 tuus
1016 1243 1164 1294 quanti
1193 1255 1259 1282 me
1288 1243 1418 1282 faciat
1448 1255 1631 1295 semper-

159 1312 241 1351 que
271 1301 445 1353 fecerit,
474 1313 566 1339 esse
596 1300 822 1347 hominem,
854 1300 927 1351 qui
955 1300 1143 1352 ignoret,
1186 1300 1373 1339 arbitror
1401 1301 1628 1340 neminem.

161 1357 320 1397 Domus
349 1360 421 1397 tua
452 1357 634 1408 denique
664 1358 752 1396 tota
782 1369 849 1397 me
891 1369 1058 1408 semper
1095 1356 1288 1396 omnibus
1329 1358 1501 1397 summis
1540 1356 1632 1397 offi-

163 1414 244 1454 ciis
271 1415 499 1466 prosecuta
528 1415 605 1456 est.
646 1412 795 1465 Neque
815 1426 916 1455 vero
936 1416 982 1454 tu
1012 1413 1057 1453 in
1089 1425 1156 1453 me
1187 1413 1402 1466 diligendo
1433 1415 1632 1466 cuiquam

446 1558 743 1595 MARCELLO.
793 1558 832 1594 S.
860 1568 906 1592 zu
939 1569 997 1603 ep.
1018 1558 1160 1594 CCXV
1184 1557 1233 1592 im
1257 1558 1343 1593 Ans.

255 1618 288 1652 1.
325 1617 513 1654 Quoniam.
550 1617 588 1652 S.
616 1628 661 1650 zu
689 1628 748 1661 ep.
772 1616 1032 1657 CCXXXVI,
1055 1617 1086 1650 l.
1128 1616 1257 1650 Ueber
1290 1616 1352 1650 die
1382 1615 1634 1661 Epanalepsis

166 1664 344 1700 Quoniam
372 1691 402 1698 ..
431 1665 602 1708 quonlam
632 1674 658 1697 s.
686 1663 835 1698 Ramsh.
868 1663 999 1707 §.206‚
1020 1662 1074 1706 B,
1101 1662 1144 1705 6,
1167 1674 1199 1696 c.
1233 1681 1269 1688 -
1320 1662 1475 1702 accidit,
1503 1666 1554 1697 ul.
1593 1662 1634 1698 S.

163 1711 311 1745 Ramsh.
338 1711 365 1754 §.
386 1711 467 1754 204,
489 1711 521 1745 5.
558 1710 702 1744 Grotef.
730 1710 757 1754 §.
773 1710 852 1744 396.
874 1728 918 1734 —
954 1709 1269 1743 Marcellinorum
1294 1708 1318 1742 i.
1339 1720 1372 1743 e.
1400 1708 1446 1742 ad
1471 1709 1636 1743 Marcel-

162 1759 284 1793 lorum
308 1757 485 1790 familiam
509 1756 792 1802 pertinentium,
819 1766 947 1790 eorum
973 1754 1098 1798 etiam,
1124 1755 1190 1798 qui
1216 1766 1265 1788 ex
1290 1754 1430 1788 familia
1451 1760 1577 1789 vestra
1598 1754 1639 1788 in

163 1804 256 1839 alias
282 1803 485 1848 adoptione
517 1803 757 1838 transierunt.
813 1802 1001 1847 Designat
1026 1800 1187 1835 maxime
1212 1802 1277 1836 Cn.
1295 1801 1514 1835 Cornelium
1536 1802 1638 1835 Len-

164 1851 281 1885 tulum
314 1849 588 1884 Marcellinum.
625 1847 832 1884 MANUT.
857 1867 902 1873 —
933 1859 1039 1893 quon.
1073 1858 1164 1890 ergo
1195 1848 1249 1880 ita
1283 1859 1379 1891 aea,
1411 1851 1451 1880 ut
1476 1848 1639 1881 omnium

164 1897 322 1931 ‘cestram
347 1896 395 1930 ist
410 1896 712 1939 Wiederholung
735 1906 808 1929 von
833 1899 872 1928 ut
897 1906 992 1928 omn.
1007 1894 1147 1934 Marc..
1172 1894 1388 1928 Marcellin.
1404 1894 1516 1927 etiam
1539 1894 1636 1928 nach

165 1944 235 1978 der
260 1943 511 1986 Parenthese3
546 1943 625 1976 also
649 1942 791 1985 Figura
813 1940 1076 1986 Epanalepsis.
1110 1940 1148 1975 S.
1165 1940 1314 1974 Ramsh.
1344 1942 1372 1984 ᾗ.
1387 1940 1469 1984 206,
1485 1940 1530 1983 Β,
1548 1941 1636 1983 6‚*).

165 1990 306 2033 studio,
339 1989 461 2024 favori
492 1999 534 2022 ac
567 1987 853 2022 benevolentiae
884 1999 976 2032 erga
1007 1998 1078 2021 me.
1124 1986 1235 2021 Sinn:
1268 1986 1397 2030 „Weil
1424 1997 1463 2020 es
1489 1986 1570 2021 sich
1595 1997 1642 2021 so

166 2038 297 2080 gefiigt
322 2035 402 2079 hat,
435 2036 519 2069 dass
544 2035 608 2069 Du
640 2036 695 2068 als
721 2035 864 2069 Consul
888 2034 950 2068 die
982 2033 1280 2068 wohlwollende
1307 2032 1545 2078 Gesinnung,
1577 2032 1641 2066 die

166 2084 229 2118 Du
255 2088 382 2116 sammt
407 2082 566 2116 Deinem
599 2092 740 2125 ganzen
769 2079 1019 2115 Geschlechte
1054 2090 1174 2123 gegen
1209 2079 1306 2112 mich
1338 2080 1510 2124 hegtest,
1547 2079 1642 2113 ietzt

166 2129 345 2163 wirklich
370 2128 608 2171 befriedigeu
633 2128 708 2161 und
733 2137 778 2160 an
805 2127 876 2161 den
901 2127 982 2170 Tag
1006 2127 1117 2169 legen
1142 2125 1312 2161 kannst.”
1332 2144 1375 2150 —
1412 2126 1494 2159 laus
1519 2129 1552 2159 et
1577 2124 1642 2159 ho-

166 2186 234 2209 nos
249 2186 393 2218 earam,
418 2175 480 2208 die
506 2175 746 2208 offentlichen
764 2171 1168 2216 Ehrenbezeigungen,
1194 2172 1257 2205 die
1281 2171 1353 2206 mir
1376 2173 1437 2206 fiir
1461 2172 1523 2206 die
1540 2172 1642 2206 Tha-

168 2228 231 2255 ten
256 2222 395 2256 melnes
414 2221 622 2265 Feldzuges
643 2221 835 2264 gebiihren
862 2220 1046 2253 mochteu.
1063 2237 1107 2243 —
1132 2229 1203 2252 non
1228 2229 1304 2263 asp.
1329 2244 1337 2253 .
1352 2243 1360 2253 .
1384 2222 1523 2258 senatu,
1549 2216 1643 2252 weil

170 2268 238 2301 der
263 2267 377 2302 Senat
401 2267 548 2301 meiuen
573 2268 789 2302 Wiinscheu
815 2266 918 2300 nicht
951 2271 1136 2309 entgegen
1163 2264 1244 2299 sein
1270 2264 1379 2299 wird.
1397 2283 1441 2289 —
1480 2264 1643 2306 honorif.

171 2314 246 2347 wie
273 2325 330 2358 ep.
350 2314 495 2357 CCXL,
513 2314 547 2347 2.
569 2333 610 2338 —
645 2314 778 2347 literis.
813 2312 853 2348 S.
880 2313 951 2346 den
977 2313 1022 2347 16
1040 2312 1069 2354 §.
1097 2311 1163 2345 des
1187 2311 1312 2355 vorig.
1332 2311 1471 2346 Briefs.
1489 2328 1535 2336 --
1566 2311 1640 2353 fac.

172 2370 288 2393 cures.
321 2360 469 2394 Ramsh.
496 2360 523 2402 §.
543 2362 623 2403 171,
644 2361 695 2403 ΙΙ,
713 2361 760 2403 Α,
782 2361 816 2395 3.
858 2359 1005 2393 Grotef.
1039 2358 1068 2401 §.
1084 2358 1169 2402 323,
1195 2357 1231 2392 b.
1280 2357 1378 2392 Eine
1413 2355 1642 2402 supplicatio

173 2417 252 2439 war
277 2406 330 2439 ost
355 2405 416 2439 die
442 2406 688 2442 Vorliiuserin
715 2406 819 2441 eines
844 2405 1065 2450 Triumphs!

264 2463 298 2497 2.
331 2461 374 2496 Sc·
397 2462 489 2496 mihi
513 2466 536 2497 t.
561 2475 607 2498 m.
635 2468 743 2503 esset,
770 2463 901 2497 stande
926 2461 986 2496 ich
1011 2459 1181 2506 weniger
1206 2466 1272 2505 gut
1297 2459 1358 2494 bei
1375 2459 1461 2495 Dir.
1478 2478 1520 2485 —
1544 2459 1645 2502 illos,

175 2514 278 2551 tu05‚
303 2515 341 2541 ut
368 2514 487 2542 tecum
512 2516 668 2553 agerent
693 2510 739 2543 de
763 2520 844 2543 mea
877 2508 1006 2550 laude,
1039 2507 1123 2542 dass
1154 2507 1210 2542 sie
1241 2507 1312 2541 mir
1345 2506 1410 2540 das
1434 2506 1548 2540 Wort
1582 2506 1645 2540 bei

174 2555 250 2589 Dir
276 2554 450 2598 redemti,
477 2554 539 2589 eiu
563 2563 670 2600 gutes
695 2556 807 2590 Wort
832 2556 892 2589 fiir
916 2555 1014 2589 mich
1039 2554 1103 2588 bei
1126 2553 1200 2588 Dir
1225 2553 1426 2596 einlegten.
1457 2551 1546 2595 Vgl.
1572 2552 1644 2586 den

176 2602 299 2646 νοτὶς.
326 2602 388 2634 Br.
417 2602 445 2644 §.
465 2603 520 2636 16.
538 2621 582 2626 --
612 2602 725 2636 saluti
749 2601 902 2636 bezieht
927 2601 1007 2635 sich
1031 2601 1097 2634 auf
1118 2600 1285 2634 Cicero’s
1307 2598 1646 2642 Zuriickberufung

175 2658 241 2681 aus
267 2648 350 2680 (lem
376 2647 510 2690 Exsil,
545 2648 606 2682 die
631 2648 747 2682 durch
773 2648 844 2683 deu
869 2648 989 2684 Vater
1014 2647 1139 2681 dieses
1163 2645 1368 2682 Marcellus
1392 2645 1480 2678 sehr
1503 2644 1645 2678 betrie-

177 2694 248 2727 beu
274 2704 365 2727 war.
411 2693 450 2728 S.
485 2694 547 2728 die
576 2694 705 2728 Briefe
738 2694 804 2729 des
836 2699 961 2729 ersten
986 2693 1101 2727 Bdes.
1124 2711 1169 2717 -
1212 2693 1331 2735 frater
1362 2690 1567 2736 patruelis,
1592 2691 1644 2726 M.

177 2740 394 2774 Marcellus.
446 2739 486 2774 S.
521 2751 578 2785 ep.
605 2740 796 2777 CCXVII.
818 2759 862 2766 —
906 2741 1074 2784 ignoret,
1111 2739 1188 2774 Md.
1221 2738 1322 2774 vict.
1343 2739 1373 2772 1.
1409 2737 1575 2780 ignorat.
1600 2755 1646 2762 —
