1795 3043
645 33 959 83 EPISTOLA
993 36 1086 83 CC.
1301 48 1306 51 ⁸
1536 43 1602 91 41

143 151 233 192 Iam
271 147 401 191 iidem
441 148 509 191 1111
558 151 600 190 et
637 147 740 190 boni
778 148 962 190 et·mali
1004 148 1118 190 cives
1159 147 1377 198 videntur,
1416 150 1493 203 qui
1528 163 1602 192 no-

142 208 207 249 bis
245 207 383 249 videri
429 208 576 248 solent.
633 207 723 259 Ego
771 219 902 257 quum
940 204 1120 246 Athenis
1163 206 1312 247 decem
1352 208 1467 261 ipsos
1511 208 1652 249 dies3

142 265 332 314 fuissem,
363 266 628 314 multumque
658 275 824 303 mecum
856 264 1004 304 Gallus
1033 264 1178 304 noster
1209 264 1432 314 Caninius,
1473 265 1601 318 profi-

143 324 336 363 ciscebar
364 322 463 363 inde
499 321 637 373 pridie
673 320 816 361 Nonas
847 320 1078 369 Quintiles,
1120 333 1247 372 quum
1284 322 1368 362 hoc
1397 322 1449 363 ad
1479 326 1521 363 te
1551 322 1602 362 li-

144 382 330 420 terarum
371 379 480 419 dedi.
567 378 663 419 Tibi
710 390 840 428 quum
884 378 1026 418 omnia
1064 389 1157 418 mea
1197 379 1603 420 commendatissima

144 450 238 477 esse
285 437 432 488 cupio,
484 436 573 475 tum
623 434 733 475 nihil
783 435 938 487 magis,
987 447 1114 485 quam
1158 447 1213 474 ne
1263 437 1430 487 tempus
1476 437 1600 477 nobis

141 494 388 548 provinciae
433 495 710 545 prorogetur:
758 491 806 533 in
855 504 904 532 eo
952 491 1058 532 mihi
1105 493 1203 532 sunt
1240 493 1393 533 omnia.
1480 493 1602 541 Quod

141 551 307 603 quaudo
348 551 389 592 et
428 549 634 603 quomodo
673 550 716 589 et
742 560 821 601 per
851 560 956 600 quos
987 548 1196 602 agendum
1238 549 1318 599 sit,
1356 552 1404 592 tu
1443 551 1602 605 optime

142 608 382 650 constitues.

401 777 714 825 EPISTOLA
752 780 847 826 CC.
895 778 976 838 (ad
1010 780 1103 826 Att.
1140 779 1194 826 V.
1233 781 1335 839 12.)

144 867 226 904 Ser.
252 868 290 903 in
317 867 438 902 insula
461 867 562 903 Delo
589 878 620 901 a.
647 866 682 901 d.
709 877 744 902 v.
771 867 827 901 Id.
856 866 1044 903 Quintiles
1068 869 1114 903 A.
1141 866 1187 903 U.
1215 867 1256 903 C.
1286 869 1363 904 703.
1391 869 1438 911 (a.
1466 867 1508 904 O.
1527 868 1603 911 51.)

142 936 282 973 Scribit
308 936 354 971 de
385 935 625 980 navigatione
650 946 716 970 sua
739 947 858 979 usque
882 935 928 970 ad
952 936 1091 971 Delum
1116 936 1283 972 insulam.
1309 938 1342 972 1.
1381 936 1429 970 de
1453 936 1511 971 rei
1534 947 1603 982 pu-

249 982 371 1018 blicae
396 989 495 1018 statu
519 993 559 1018 50
581 982 699 1018 Attici
724 983 854 1016 literas
880 989 1112 1027 exspectare.
1148 984 1181 1018 2.
1216 983 1328 1027 eique
1359 983 1512 1028 negotia

664 1039 731 1063 sua
762 1030 1004 1064 commendat.
1039 1032 1073 1065 3.

631 1097 821 1133 CICERO
845 1097 1040 1135 ATTICO
1066 1097 1106 1134 S.

254 1167 476 1221 Negotium
499 1180 696 1220 magnum
716 1170 777 1209 est
795 1170 1009 1222 navigare,
1033 1172 1159 1221 atque
1179 1169 1223 1210 id
1242 1181 1386 1210 mense
1408 1167 1604 1218 Quintili.

145 1226 272 1266 Sexto
302 1226 369 1266 die
388 1227 540 1266 Delum
565 1226 736 1266 Athenis
765 1227 969 1268 venimus.
1028 1227 1173 1267 Pridie
1202 1226 1345 1269 Nonas
1377 1227 1556 1274 Quintil.
1579 1240 1606 1266 a

144 1283 321 1323 Piraeeo
359 1283 410 1323 ad
442 1284 634 1331 Zostera,
673 1284 799 1323 vento
830 1285 1029 1331 molesto,
1070 1285 1144 1335 qui
1173 1296 1250 1325 nos
1279 1283 1439 1324 ibidem
1470 1283 1604 1324 Nonis

146 1339 293 1379 tenuit.
354 1340 401 1380 A.
443 1339 482 1381 d.
522 1352 622 1381 v111.
663 1339 762 1379 Idus
802 1340 854 1381 ad
894 1340 976 1380 Ceo
1015 1340 1216 1382 iucunde.
1275 1341 1379 1382 Inde
1419 1340 1606 1394 Gyarum

145 1408 268 1437 saevo
298 1398 436 1444 vento,
469 1408 553 1436 11011
583 1396 779 1437 adverso:
811 1397 913 1437 hinc
944 1397 1135 1450 Scyrum,
1166 1397 1265 1438 inde
1293 1398 1462 1450 Delum,
1490 1399 1606 1438 utro-

145 1466 226 1505 que
257 1453 397 1502 citius,
429 1465 553 1505 quam
583 1454 807 1502 vellemus,
840 1465 1009 1494 cursum
1041 1455 1315 1496 confecimus.
1373 1455 1464 1496 Iam
1491 1454 1606 1495 nosti

144 1597 242 1631 hunc
275 1596 578 1642 pessumdarent,
612 1596 811 1631 Santenius
843 1596 888 1631 ad
928 1598 1186 1633 Terentianum
1211 1610 1246 1644 p.
1275 1598 1355 1635 280.
1384 1610 1455 1644 pro
1483 1600 1605 1636 Quare

144 1644 295 1677 volebat
321 1644 577 1682 Quamobrem,
605 1644 787 1677 Graevius
820 1644 924 1678 dedit
949 1646 1206 1689 complectetur
1230 1649 1275 1680 te.
1323 1645 1421 1680 Mihi
1456 1646 1605 1681 videtur

144 1701 274 1725 versus
299 1701 332 1723 V.
360 1701 391 1723 c.
416 1688 569 1725 Lucilii.
606 1690 803 1725 ORELLI.
829 1710 872 1716 —
896 1691 980 1726 Iam
1002 1704 1050 1728 z:
1073 1691 1283 1736 dermalen,
1309 1692 1473 1737 bereits,
1499 1692 1603 1726 ietzt.

143 1736 183 1772 S.
208 1735 356 1772 Ramsh.
384 1737 413 1779 §.
439 1736 589 1780 1733.)

235 1785 268 1818 3.
318 1783 437 1816 decem
461 1783 560 1826 ipsos
585 1782 673 1817 dies.
700 1781 739 1818 S.
767 1793 825 1828 ep.
854 1782 1066 1825 CXCVIII,
1092 1783 1126 1818 4.
1152 1784 1280 1819 Ueber
1303 1784 1404 1829 ipsos
1425 1795 1473 1820 =
1496 1785 1605 1828 eben,

146 1829 273 1873 gmde,
291 1830 391 1861 volle
411 1839 439 1862 s.
453 1830 602 1862 Ramsh.
617 1830 774 1873 §.158,2.
790 1830 826 1863 d.
841 1831 987 1874 Zumpt.
1006 1831 1033 1873 ἕ.
1046 1831 1124 1864 695.
1140 1850 1184 1856 ·-
1202 1831 1331 1865 Gallus
1350 1831 1530 1866 Caninius
1541 1832 1605 1866 od.

149 1877 190 1910 C.
224 1875 401 1909 Caninius
434 1875 583 1917 Gallus,
620 1876 757 1909 amicus
790 1877 844 1911 M.
877 1876 1062 1912 Varronis
1103 1883 1139 1910 et
1175 1877 1393 1922 Ciceronis,
1433 1878 1605 1912 tribunus

145 1922 268 1967 plebis
293 1922 515 1955 Marcellino
542 1928 577 1955 et
590 1922 771 1967 Philippo
798 1923 1022 1956 Consulibus
1047 1923 1173 1967 (698).
1199 1924 1288 1960 Vid.
1316 1935 1374 1969 ep.
1401 1924 1448 1958 ad
1472 1925 1603 1959 Famil.

146 1971 182 2011 l,
207 1970 239 2002 2.
267 1968 362 2009 Vll,
389 1969 420 2001 1.
448 1968 517 2010 IX,
543 1969 564 2002 2
590 1975 626 2002 et
651 1970 683 2004 6.
710 1980 847 2002 mecum
872 1969 954 2003 scil.
989 1969 1143 2013 fuisset,
1178 1981 1256 2004 was
1287 1981 1352 2004 aus
1383 1971 1533 2013 fuissem
1558 1982 1604 2005 zu

146 2015 303 2048 nehmen
330 2014 389 2048 ist.
416 2033 460 2039 —-
481 2015 606 2059 pridie
629 2015 723 2050 Non.
752 2016 887 2058 Quint„
922 2027 978 2050 am
1005 2017 1037 2050 6.
1065 2016 1135 2050 Iul.
1163 2035 1208 2042 —
1241 2016 1309 2051 hoc
1333 2017 1536 2051 literarum.
1563 2017 1605 2061 S,

146 2061 296 2096 Ramslt.
324 2061 352 2103 ξ.
379 2061 457 2099 104,
483 2061 517 2094 2.
542 2061 688 2105 Zumpt.
715 2062 742 2105 ξ).
769 2062 848 2097 432.
877 2061 1022 2096 Grotef.
1049 2062 1077 2104 §.
1103 2063 1182 2097 231.
1210 2081 1254 2088 —
1288 2073 1415 2097 comm.
1444 2074 1519 2098 esse
1543 2075 1606 2098 cu-

143 2109 221 2152 pio.
272 2107 360 2150 vgl.
396 2107 545 2140 Ramsh.
573 2108 600 2150 §.
628 2110 705 2151 171,
733 2108 784 2150 ΙΙ,
809 2110 854 2142 A.
882 2109 915 2142 2.
944 2107 1090 2143 Grotef.
1124 2110 1151 2152 ἕ.
1179 2109 1259 2145 324.
1295 2110 1440 2154 Zumpt.
1468 2111 1496 2153 §.
1524 2111 1603 2145 610.

149 2173 191 2178 -
218 2164 323 2197 quam
347 2164 404 2196 ne,
436 2154 673 2198 Mam-Lag.
709 2153 797 2189 Sch.
836 2155 931 2189 Liin.
965 2159 1006 2188 ut
1030 2165 1073 2187 ne
1103 2162 1221 2190 contr.
1255 2155 1334 2191 Md.
1385 2157 1461 2190 Zur
1485 2155 1606 2191 Sache

148 2200 270 2243 vergi.
304 2210 365 2243 ep.
399 2199 611 2244 CXCVIII,
645 2202 678 2235 5.
714 2211 769 2234 am
794 2200 913 2235 Ende.
941 2220 985 2226 —
1010 2202 1050 2235 in
1082 2211 1122 2235 eo
1152 2209 1246 2245 cet.,
1278 2202 1392 2236 daran
1417 2202 1509 2247 liegt
1534 2203 1606 2238 mir

149 2246 267 2282 Alles.
292 2263 338 2272 —
364 2247 574 2289 constitues,
600 2247 707 2281 xvirst
734 2247 794 2280 Du
820 2258 876 2281 am
899 2248 1039 2281 Besten
1067 2247 1296 2291 bestimmen,
1323 2248 1572 2284 beurtheilen.

243 2293 274 2325 1.
302 2292 437 2333 Negot.
458 2303 596 2335 magn„
615 2294 672 2327 eiu
690 2293 949 2337 langweiliges
969 2294 1158 2338 Geschat't,
1182 2294 1297 2337 Ding.
1315 2314 1361 2321 —-
1376 2296 1516 2339 navz'g.,
1538 2305 1606 2329 zur

151 2337 224 2372 See
250 2338 385 2371 reisen.
409 2356 452 2362 —
478 2343 581 2382 alque
605 2340 646 2375 id
670 2351 716 2374 =
747 2341 903 2373 zumahl.
932 2340 969 2374 S.
997 2341 1146 2374 Ramsh.
1182 2341 1208 2384 §.
1236 2342 1325 2383 158,
1350 2341 1385 2384 2,
1410 2341 1444 2375 h.
1472 2343 1607 2386 Zumpt

150 2385 180 2427 §.
208 2384 287 2418 699.
315 2403 356 2408 —
396 2383 502 2417 Sexto
537 2386 606 2425 die,
643 2396 753 2419 1ιόΖο
779 2386 839 2420 bei
871 2386 1080 2430 giinstigem
1102 2387 1252 2421 Wetter
1283 2398 1352 2421 nur
1378 2387 1475 2421 zwei
1501 2388 1606 2430 Tage

151 2430 282 2473 nothig
306 2440 444 2463 waren.
475 2449 514 2455 ·-
537 2433 637 2475 prid.
663 2432 759 2467 Νοη.
787 2433 908 2467 Quint.
935 2432 973 2467 S.
999 2433 1034 2466 d.
1060 2433 1181 2476 vorig.
1206 2432 1323 2467 Brief.
1351 2434 1379 2476 ξ).
1406 2435 1440 2468 3.
1468 2454 1510 2459 -
1540 2433 1607 2468 Pi-

152 2486 282 2518 raeeo,
317 2476 398 2509 dem
429 2476 549 2510 Hafen
593 2479 748 2513 Athens.
774 2498 818 2502 -—
856 2479 1033 2521 Zostera,
1061 2479 1166 2513 einer
1199 2479 1351 2513 kleinen
1383 2478 1491 2513 stadt
1532 2480 1607 2514 und

152 2523 272 2556 ciuem
298 2522 593 2568 gleichnamigen
608 2526 726 2558 Hasen
753 2524 826 2558 und
844 2526 1085 2570 Vorgebirge
1110 2525 1281 2559 Attika's.
1308 2544 1351 2549 —
1376 2526 1425 2559 A.
1452 2527 1489 2560 d.
1513 2539 1606 2562 vm.

152 2569 253 2610 Idus,
279 2579 334 2601 am
360 2570 391 2602 8.
417 2568 543 2605 Iulius.
570 2590 612 2595 ——
639 2570 723 2613 Ceo,
750 2571 840 2605 ictzt
859 2572 938 2614 Zia,
965 2572 1070 2605 einer
1088 2571 1359 2617 Cycladischen
1385 2572 1498 2616 Insel,
1524 2573 1607 2607 dem

153 2614 382 2649 Vaterlande
422 2614 488 2647 des
529 2615 742 2651 Simonides
782 2617 857 2651 und
895 2617 1158 2663 Bacchylides.
1199 2637 1243 2643 --
1293 2619 1477 2662 Gyarum,
1516 2618 1608 2653 ietzt

153 2660 301 2694 Iourna.
326 2679 371 2685 -—
396 2661 560 2705 Scyrmtz,
588 2663 677 2697 ietzt
703 2663 825 2706 Sciro,
852 2664 918 2698 des
934 2664 1202 2709 Neoptolemus
1229 2664 1449 2708 Vaterland,
1474 2665 1608 2699 Euboa

154 2707 379 2751 gegenuber.
415 2726 457 2732 -—
507 2709 654 2749 Delum,
694 2709 785 2744 ietzt
822 2710 915 2745 Dili.
957 2730 999 2736 —
1038 2711 1120 2744 Iam
1150 2722 1196 2745 ε
1234 2721 1308 2744 nun
1339 2710 1442 2746 aber.
1515 2712 1607 2748 Ueb.
