1795 3043
148 48 279 113 '234
450 57 514 104 M.
551 57 605 102 T.
642 55 976 104 eiCERONIS
1010 56 1380 108 ErisTOLAE.

125 807 158 845 Ν

179 185 263 225 quo
292 184 359 213 me
388 169 550 221 aliquid
579 169 725 209 iuvare
751 182 913 221 posses:
945 170 1126 224 quippe3
1155 183 1224 212 res
1252 171 1364 212 enim
1391 172 1455 212 est
1482 171 1524 212 in
1552 184 1636 214 ma-

177 230 324 272 nibus:
361 231 407 269 tu
438 229 578 268 autem
607 226 706 266 abes
735 227 859 280 longe
887 229 1094 281 gentiunn

453 281 584 322 πολλοὶ
615 280 648 321 δ’
680 285 722 322 ἐν
750 286 973 335 μεταιχμίῳ

295 341 420 384 Νότος
449 343 627 380 κυλίνδει.
657 339 800 389 κύματ’
831 341 988 391 εὐρείης
1017 341 1111 384 ἁλός
1136 365 1194 372 -

176 403 367 453 obrepsit
396 400 499 447 dies,
532 402 580 440 ut
609 398 739 448 vides,
771 422 828 430 ·—-
846 401 951 441 mihi
981 401 1092 441 enim
1121 414 1159 441 a.
1179 400 1219 440 d.
1243 411 1316 441 111.
1336 400 1432 440 Kal.
1451 399 1564 442 Sext.
1584 400 1637 441 de

177 459 402 512 provincia
437 457 723 497 decedendum
763 459 848 510 est,
877 479 934 487 --
962 470 1042 499 nec
1080 457 1339 498 succeditur.
1408 457 1535 505 Quem
1572 470 1638 498 re-

177 519 390 568 linquam,
430 516 504 566 qui
540 515 785 567 provinciae
821 515 1009 567 praesit?
1061 516 1183 555 Ratio
1221 514 1392 566 quidem
1429 516 1464 554 et
1493 515 1637 567 opinio

179 574 393 615 hominum
423 574 608 624 postulat
637 572 834 612 frati-em:
874 573 1078 625 primum,
1111 572 1222 623 quod
1258 571 1425 611 videtur
1447 584 1537 611 esse
1566 572 1640 612 ho-

179 643 281 679 nos;
320 643 440 670 nemo
476 631 607 681 igitur
646 629 805 679 potior:
850 629 1022 678 deinde,
1055 630 1167 681 quod
1197 630 1331 669 solum
1361 628 1491 669 habeo
1519 641 1641 680 prae-

179 688 349 729 torium.
408 688 657 738 Pomptinus
697 686 808 725 6111111
839 699 890 727 ex
921 690 1044 739 paeto
1074 688 1115 726 et
1151 689 1357 727 convento
1385 709 1443 716 —-
1466 699 1562 726 nam
1590 698 1640 727 ea

180 747 274 798 lege
311 746 473 785 exierat
502 766 559 772 -—
596 743 679 782 iam
716 756 741 782 a
769 755 835 782 me
875 743 1139 784 discesserat.
1212 744 1481 792 Quaestorem
1518 755 1642 784 nemo

182 802 353 855 dignum
392 804 526 853 putat.
598 799 768 840 Etenim
808 801 870 840 est
905 802 1032 848 levis,
1075 800 1349 850 libidinosus,
1385 803 1517 853 tagax.
1576 800 1641 841 De

177 860 313 900 fratre
344 861 484 899 autem
514 857 694 910 primum
723 857 830 896 illud
860 860 945 897 est:
975 858 1221 910 persuaderi
1252 858 1291 897 ei
1319 870 1403 897 non
1433 870 1548 911 posse
1578 869 1643 897 ar-

186 916 328 957 bitror.
390 916 488 956 Odit
523 916 634 955 enim
672 915 946 966 provinciam.
1016 916 1073 955 Et
1101 916 1276 954 hercule
1304 915 1415 954 nihil
1437 914 1640 962 odiosius,

179 974 289 1014 nihil
328 973 557 1014 molestius.
625 971 811 1019 Deinde,
854 974 900 1011 ut
935 972 1042 1012 mihi
1082 973 1192 1012 nolit
1222 983 1400 1023 negare3
1446 972 1642 1023 quidnam

178 1032 263 1072 mei
293 1032 349 1071 sit
378 1029 536 1070 officii?
597 1030 731 1077 Quum
759 1028 920 1068 bellum
951 1042 1042 1069 esse
1070 1029 1114 1069 in
1147 1029 1271 1082 Syria
1301 1041 1497 1082 magnum
1525 1030 1643 1081 pute-

179 1090 274 1140 tur,
315 1088 358 1128 id
386 1087 580 1128 videatur
609 1087 654 1126 in
684 1087 795 1126 hanc
825 1086 1089 1138 provinciam
1119 1088 1391 1138 erupturum
1429 1087 1501 1126 hic
1529 1098 1645 1137 prae-

179 1146 279 1186 sidii
309 1146 419 1185 nihil
447 1145 503 1185 sit
514 1159 525 1193 3
558 1145 743 1195 sumptus
775 1156 939 1183 annuus
969 1143 1166 1184 decretus
1196 1144 1267 1183 sit:
1298 1143 1546 1184 videaturne
1576 1144 1644 1183 aut

178 1203 355 1255 pietatis
384 1215 472 1241 esse
501 1214 620 1241 meae
650 1201 826 1240 fratrem
857 1202 1100 1252 relinquere
1140 1204 1212 1240 aut
1251 1201 1493 1252 diligentiae
1522 1213 1645 1253 nuga-

179 1273 275 1300 rum
305 1259 465 1310 aliquid
493 1259 767 1308 relinquere?
826 1258 981 1309 Magna
1009 1258 1162 1309 igitur,
1199 1259 1246 1296 ut
1275 1257 1413 1305 vides,
1444 1258 1645 1297 sollicitu-

181 1317 278 1357 dine
309 1316 497 1362 afficior,
538 1327 686 1367 magna
718 1315 865 1366 inopia
903 1314 1085 1355 consilii.
1145 1313 1255 1361 Quid.
1294 1315 1495 1364 quaeris?
1542 1315 1644 1354 Toto

178 1375 350 1434 negotio
380 1372 503 1413 1101115
533 1384 638 1424 opus
667 1371 878 1413 nonfuit.
938 1371 1103 1419 Quanto
1134 1372 1207 1412 tua
1235 1371 1457 1424 provincia
1478 1372 1646 1414 meliert

1625 1466 1643 1476 τ

179 1519 330 1553 Ram-sb.
358 1518 386 1560 §.
407 1519 482 1552 187.
510 1515 615 1551 omis.
643 1516 737 1549 enim
763 1517 848 1550 Asc.
871 1517 902 1549 1.
939 1515 1038 1549 Crat.
1068 1515 1198 1549 Lamb.
1241 1517 1313 1551 ΟΒ.
1335 1536 1380 1542 --
1421 1527 1481 1550 res
1511 1528 1565 1551 en.
1595 1520 1648 1550 est

179 1567 220 1600 in
244 1577 313 1607 m„
348 1564 381 1597 h.
409 1575 441 1597 6.
476 1574 596 1608 prope
630 1562 741 1596 instat
779 1562 954 1596 decessus
984 1573 1098 1595 mens.
1118 1581 1162 1588 —
1209 1562 1319 1605 longe
1348 1567 1470 1606 gent.,
1502 1562 1648 1597 Lander

181 1624 216 1646 u.
243 1612 374 1645 Mem-e
399 1616 555 1644 trennen
581 1609 683 1643 Dich
708 1620 780 1642 von
805 1608 887 1642 mir.
928 1608 967 1642 S.
994 1608 1142 1643 Ramsh.
1176 1609 1204 1650 §.
1223 1611 1307 1651 115,
1330 1612 1418 1652 111,
1440 1621 1471 1644 6.
1506 1610 1647 1644 Grotes.

180 1660 209 1703 §.
233 1658 314 1692 232.
339 1676 383 1681 —
429 1655 573 1691 πολλοὶ
599 1670 631 1690 κ.
659 1670 686 1689 τ.
716 1658 747 1689 λ.
782 1655 947 1698 „multos
980 1661 1100 1688 autem
1136 1655 1174 1689 in
1205 1655 1329 1689 medio
1366 1657 1504 1690 Auster
1535 1656 1651 1690 volvit

180 1706 316 1739 fluctus
341 1703 407 1736 lati
433 1702 580 1736 maris.'⁷
627 1702 696 1735 Est
728 1701 1001 1735 hemistichium
1035 1712 1114 1734 cum
1149 1701 1297 1735 senario
1332 1701 1480 1746 integro
1515 1702 1650 1736 veteris

182 1750 328 1794 tragici.
346 1749 464 1784 ERN.
492 1748 688 1792 Significat
713 1758 753 1782 se
778 1749 823 1781 ab
850 1747 975 1780 Attico
1004 1753 1060 1780 sat
1084 1759 1216 1791 magno
1242 1749 1303 1782 vel
1328 1749 1439 1782 maris
1467 1748 1648 1782 interiecti

181 1797 383 1832 intervallo
409 1795 596 1829 distineri.
623 1795 792 1829 51311.-
826 1794 996 1837 obrepsit,
1023 1794 1070 1827 ist
1097 1796 1210 1828 heran
1235 1795 1486 1838 geschlichen.
1514 1795 1650 1839 obrepit

183 1844 232 1878 de
257 1844 346 1877 Ern.
374 1853 476 1886 susp.
505 1841 589 1875 sch.
617 1842 708 1875 Lt‘xn.
744 1841 828 1875 Non
861 1839 1036 1873 convenit
1067 1851 1147 1874 cum
1183 1852 1215 1874 v.
1251 1841 1421 1883 angebat.
1450 1841 1524 1875 ΟΒ.
1543 1860 1582 1866 -
1612 1852 1649 1875 αι

182 1892 217 1925 α’.
245 1903 313 1924 111.
341 1889 432 1922 Kal.
459 1888 579 1930 Sext„
616 1898 672 1921 am
703 1889 758 1922 35.
777 1886 906 1920 Iulius.
926 1906 970 1910 —
1008 1897 1070 1920 nec
1102 1888 1262 1930 succed„
1305 1899 1338 1920 u.
1373 1898 1454 1921 man
1488 1888 1551 1921 hat
1576 1887 1648 1921 mir

180 1937 320 1971 keinen
345 1934 576 1977 Naelzfolger
602 1941 768 1968 ernannt.
789 1953 831 1957 —
864 1934 1004 1977 potior,
1032 1933 1100 1967 mir
1125 1934 1251 1967 naher.
1272 1953 1316 1958 —
1355 1935 1450 1978 quod
1474 1960 1482 1968 .
1505 1960 1513 1968 .
1534 1938 1647 1978 praet.

182 1993 228 2018 st.
254 1982 355 2026 quod
390 1981 492 2014 solus
523 1980 736 2024 praetorius
770 1986 844 2022 est,
883 1991 991 2022 quem
1025 1990 1165 2014 mecum
1197 1980 1390 2013 habeo.—-
1440 1980 1649 2024 Pomptinus

181 2025 245 2064 ein
282 2028 440 2062 auderet·
472 2027 592 2070 Legat
625 2027 690 2060 des
729 2026 875 2060 Cicero.
923 2025 960 2060 S.
995 2036 1051 2070 ep.
1074 2027 1244 2068 CCLXL
1265 2029 1298 2061 3.
1321 2045 1364 2050 -—
1411 2031 1445 2060 et
1469 2029 1646 2060 convento.

183 2076 249 2112 Sic
273 2075 401 2109 Lamb.
427 2077 600 2107 conventa
627 2073 722 2108 Cen.
748 2084 828 2106 cum
854 2072 930 2111 Md.
958 2072 1081 2106 Oxou.
1098 2073 1169 2106 1.2.
1195 2072 1286 2106 Cdd.
1311 2072 1431 2106 Bosii.
1457 2073 1645 2106 Fortasse:

182 2134 227 2157 ex
249 2126 356 2166 pacto
383 2124 553 2153 convento
587 2121 781 2162 (vermoge
816 2118 918 2152 eines
950 2119 1138 2152 zwischen
1172 2129 1238 2152 uns
1275 2117 1523 2153 bestehenden
1547 2119 1647 2154 Ver-

183 2170 337 2212 trages).
371 2168 436 2200 cfr.
463 2167 627 2200 Forcen.
663 2166 701 2200 in
734 2167 969 2199 Conventum.
1005 2165 1199 2199 ORELLI.
1227 2183 1272 2189 —-
1313 2175 1354 2198 ecc
1390 2166 1471 2207 Iege
1496 2165 1645 2208 exierat,

182 2221 293 2250 untes
327 2213 394 2247 der
424 2212 650 2256 Bedinguug
683 2223 762 2246 war
795 2223 835 2245 er
867 2211 934 2245 mit
965 2211 1036 2245 mir
1067 2212 1160 2245 nach
1187 2211 1345 2245 Cilicien
1375 2222 1577 2256 gegangen.
1601 2229 1647 2236 —-

185 2263 420 2298 Qaaestorem
445 2259 678 2293 Mescinium.
711 2259 758 2293 cf.
787 2269 845 2303 ep.
867 2259 947 2293 268.
967 2277 1008 2282 ——
1052 2261 1167 2300 tagax
1193 2268 1214 2290 a
1239 2258 1424 2302 tangendo
1459 2263 1509 2302 (v.
1532 2257 1646 2301 Fest.)

182 2320 230 2343 =
253 2306 488 2348 furunculu53
524 2317 565 2339 er
590 2305 737 2349 1111111111,
762 2316 822 2339 wo
849 2316 891 2338 er
915 2305 1026 2338 kann.

275 2365 308 2398 2.
334 2374 461 2408 prov„
487 2362 551 2395 das
570 2362 697 2396 Leben
724 2362 762 2396 in
787 2362 854 2396 der
871 2361 1107 2396 Provinz.—
1139 2365 1176 2394 ut
1192 2367 1410 2405 :gesetzn
1444 2361 1482 2397 S.
1501 2361 1644 2396 Ramsh.

184 2412 213 2455 ᾗ.
232 2412 310 2452 191,
329 2411 362 2445 2.
395 2410 536 2444 Grotef.
565 2409 592 2450 §.
610 2410 688 2443 401.
714 2410 820 2443 Anm.
839 2411 873 2444 3.
889 2427 934 2433 --
972 2411 1100 2451 sumpt.
1127 2419 1212 2441 ann.
1239 2409 1336 2442 decr.
1362 2409 1412 2441 sit
1435 2408 1526 2442 mihi
1544 2419 1565 2441 a
1588 2418 1648 2441 se-

183 2464 273 2492 natu
299 2457 345 2491 ad
368 2466 522 2490 annuam
547 2455 763 2498 provinciae
789 2454 1162 2488 administrationem:
1196 2454 1301 2488 cuius
1334 2454 1420 2488 anni
1445 2465 1548 2498 quum
1573 2452 1648 2487 cir-

185 2510 374 2538 cumactus
400 2503 479 2536 sere
505 2501 608 2535 orbis
634 2501 701 2541 sit,
728 2502 844 2535 frater
867 2501 1019 2546 publico
1047 2507 1194 2545 sumptu
1216 2501 1414 2535 destitutus
1435 2501 1645 2544 quitantum

183 2551 325 2584 bellum
352 2548 574 2583 51151111611ἰῑῗι
598 2548 807 2582 MANUT.
826 2567 863 2572 —
904 2548 1036 2590 dilig„
1062 2547 1130 2580 der
1144 2547 1323 2582 Vorsicht
1347 2549 1556 2591 gemass.-—
1579 2557 1646 2579 nu-

184 2608 323 2639 garum
356 2595 516 2638 aliquid,
565 2595 683 2628 levem
719 2594 926 2637 hominem,
963 2599 1003 2626 ut
1035 2593 1266 2628 Mescinium.
1299 2593 1436 2628 MAN.
1468 2611 1507 2619 —
1553 2592 1648 2628 Quid

185 2644 337 2686 quaein?
373 2643 470 2675 ohne
495 2642 627 2685 Frage.
671 2641 761 2674 Toto
789 2667 819 2675 ..
846 2651 915 2673 non
941 2641 1013 2682 fuit
1045 2639 1110 2674 int.
1143 2640 1361 2685 provinciae
1394 2637 1646 2683 suscipiendae

186 2696 224 2723 et
249 2688 575 2722 administrandae.
610 2688 850 2722 Debebamus
874 2686 1105 2732 provinciam
1131 2697 1204 2720 non
1221 2687 1404 2732 recipere.
1421 2685 1646 2719 ERNESTI.

186 2754 232 2762 --
275 2739 337 2768 tua
365 2746 471 2779 prov.
509 2735 641 2768 Ioeose
671 2734 719 2769 de
751 2732 869 2770 Attici
903 2733 1203 2779 possessionibus
1245 2733 1280 2767 in
1315 2732 1443 2777 Epiro.
1477 2731 1576 2766 SOH.
1604 2749 1647 2756 —

1752 2804 1794 3043 1
