1795 3043
501 56 811 120 EPISTOLA
847 71 1060 118 cccnx.
1418 76 1520 125 485

242 197 553 246 EPls'ronA
599 197 814 245 cchx.
861 196 943 256 (aa
978 199 1070 244 Aa.
1110 197 1187 243 lx.
1226 197 1330 255 19.)

193 286 274 323 Ser.
306 285 442 333 Arpini
472 286 571 332 prid.
596 287 678 322 Kal.
704 288 797 331 Apr.
824 285 868 321 A.
894 285 940 320 U.
967 286 1009 320 C.
1043 285 1120 321 705.
1154 287 1204 329 (a.
1229 285 1271 320 C.
1305 284 1377 327 49.)

54 354 196 391 Scribit
218 366 259 391 se
283 355 364 392 filio
377 354 512 402 Arpini
539 361 662 399 togam
678 365 807 400 puram
832 353 979 388 dedisse
1004 353 1154 397 sibique
1178 353 1249 388 iam
1268 358 1408 389 certum
1430 361 1513 388 esse

462 402 509 435 ad
536 402 756 446 Pompeium
780 411 954 446 pergere.
992 401 1107 434 1—4.

545 469 733 504 CICERO
767 469 953 504 ATTICO
981 468 1019 504 S.

163 529 253 583 Ego
292 541 386 570 meo
423 529 643 577 Ciceroni,
692 529 890 580 quoniam
928 528 1058 568 Roma
1099 537 1312 574 caremus,
1357 524 1511 577 Arpini

47 586 309 639 potissimum
348 589 486 640 togam
523 598 673 639 puram
709 585 829 627 dedi:
886 586 1014 638 idque
1042 583 1326 636 municipibus
1354 582 1509 622 nostris

47 643 133 683 fuit
160 645 339 696 gratum.
397 645 490 684 Etsi
519 655 661 683 omnes
693 644 734 682 et
763 644 860 683 illos
890 644 931 682 et
961 655 1043 694 qua
1071 642 1154 682 iter
1180 642 1288 693 feci,
1326 641 1508 680 maestos

49 700 316 752 afflictosque
353 700 460 741 vidi:
509 701 595 740 tam
633 700 763 740 tristis
800 702 843 739 et
870 702 956 739 tam
985 701 1105 740 atrox
1135 700 1197 739 est
1228 695 1508 744 ἀναθεώρησις

48 756 175 797 huius
212 757 396 810 ingentis
425 757 538 798 mali.
598 757 798 797 Delectus
827 756 1055 798 habentur:
1097 756 1141 796 in
1173 755 1349 795 hiberna
1380 754 1506 794 dedu·

48 815 214 855 cuntur.
272 814 357 862 Ea,
390 826 522 866 quae,
552 814 680 854 etiam
710 825 836 865 quum
867 828 892 854 a
919 814 1043 853 bonis
1071 813 1196 865 viris,
1233 825 1362 864 quum
1392 812 1504 851 iusto

45 871 89 912 in
120 869 256 918 bello,
297 883 426 921 quum
455 871 640 911 modeste
668 870 797 920 fiunt,
845 871 983 911 tamen
1030 870 1123 923 ipsa
1151 882 1229 922 per
1258 882 1302 910 se
1332 870 1506 909 molesta

43 929 162 976 sunt3
211 940 337 979 quam
377 940 522 968 censes
552 927 706 968 acerba
732 940 844 968 nunc
876 940 989 979 esse,
1041 940 1168 979 quum
1199 940 1224 966 a
1252 926 1429 978 perditis
1458 926 1503 964 in

43 983 162 1025 civili
190 985 354 1025 nefario
383 984 496 1024 bello
527 985 860 1036 petulantissime
889 983 1013 1025 fiant!
1073 984 1183 1024 Cave
1213 985 1353 1023 autem
1381 983 1504 1034 putes

42 1053 293 1092 quemquam
325 1041 537 1081 hominem
565 1042 609 1080 in
640 1042 764 1081 Italia
792 1043 957 1092 turpem
989 1052 1103 1091 esse,
1144 1039 1219 1090 qui
1249 1040 1351 1079 hinc
1382 1038 1503 1078 absit.

42 1098 139 1138 Vidi
175 1099 267 1150 ipse
304 1097 488 1139 Formiis
537 1099 777 1139 universos:
833 1109 971 1149 neque
1019 1097 1263 1136 mehercule
1314 1107 1502 1146 unquam

42 1154 236 1195 homines
264 1155 436 1207 putavi3
483 1154 525 1193 et
554 1166 704 1194 noram
733 1166 898 1203 omues;
945 1153 1020 1193 sed
1047 1165 1261 1204 nunquam
1291 1164 1376 1192 uno
1407 1153 1502 1192 loco

39 1211 244 1254 videram.
301 1211 531 1264 Pergamus
569 1211 724 1263 igitur,
771 1223 855 1262 quo
892 1211 1055 1263 placet,
1103 1210 1146 1249 et
1183 1210 1326 1250 nostra
1363 1208 1502 1248 omnia
1523 1212 1551 1252 2

40 1268 343 1320 relinquamus.
400 1266 727 1307 Proficiscamur
755 1267 807 1307 ad
830 1280 944 1315 eum,
976 1267 1048 1306 cui
1078 1266 1238 1319 gratior
1266 1267 1410 1306 noster
1434 1265 1505 1305 ad-

38 1327 189 1366 ventus
219 1325 321 1376 erit,
360 1336 486 1376 quam
513 1323 549 1363 si
578 1336 662 1364 una
688 1323 929 1365 fuissemus.
985 1324 1093 1363 Tum
1122 1323 1234 1363 enim
1263 1335 1428 1363 eramus
1456 1323 1502 1362 in

39 1383 220 1422 maxima
248 1392 348 1433 spe;
387 1392 520 1429 nunc,
550 1393 625 1434 ego
655 1381 847 1432 quidem,
875 1381 917 1420 in
949 1381 1089 1420 nulla:
1126 1393 1206 1421 nec
1236 1382 1406 1433 praeter
1434 1391 1503 1419 me

41 1438 262 1490 quisquam
291 1438 417 1478 Italia
448 1437 595 1485 cessit,
626 1439 706 1477 nisi
736 1438 810 1489 qui
838 1438 953 1478 hunc
981 1437 1203 1477 inimicum
1225 1437 1305 1477 sibi
1321 1438 1502 1489 putaret.

38 1495 129 1537 Nec
173 1496 416 1536 mehercule
452 1495 534 1534 hoc
572 1495 686 1536 facio
725 1495 790 1535 rei
829 1494 1027 1547 publicae
1056 1507 1210 1546 causa,
1254 1507 1380 1545 quam
1409 1495 1502 1534 sun-

30 1553 153 1594 ‘ditus
182 1552 362 1592 deletam
390 1552 513 1603 puto:
551 1550 626 1591 sed
652 1563 706 1591 ne
725 1552 818 1602 quis
846 1563 914 1591 me
935 1552 1055 1602 putet
1082 1551 1293 1604 ingratum
1322 1552 1369 1591 in
1388 1563 1500 1598 eum,

40 1610 114 1662 qui
152 1621 219 1650 me
248 1609 407 1649 levavit
442 1608 498 1648 iis
526 1607 825 1660 incommodis,
871 1607 1026 1659 quibus
1055 1607 1166 1649 idem
1197 1606 1417 1660 affecerat,
1459 1609 1502 1648 et

40 1667 189 1715 simul,
234 1665 346 1717 quod
382 1677 459 1713 ea,
511 1677 618 1717 quae
655 1664 763 1705 fiunt
804 1666 877 1705 aut
911 1677 1022 1717 quae
1061 1667 1178 1705 certe
1216 1667 1359 1706 futura
1389 1667 1501 1714 sunt,

0 1768 1 1774 ¹
39 1724 183 1764 videre
217 1735 301 1763 non
338 1733 521 1775 possum.
578 1722 719 1762 Etiam
747 1721 940 1773 equidem
969 1724 1138 1763 senatus
1168 1723 1363 1763 consulta
1388 1722 1501 1762 sacta,

0 1775 1 1792 ³
40 1780 244 1832 quaedam
282 1779 366 1819 iam
404 1780 507 1830 puto
520 1792 537 1827 ·,
577 1778 751 1827 (utinam
790 1779 835 1819 in
863 1779 1049 1819 Volcatii
1085 1779 1355 1820 sententiam!
1417 1779 1500 1820 Sed

39 1837 141 1890 quid
178 1833 341 1877 refert?
398 1835 476 1876 Est
511 1835 624 1875 enim
663 1848 748 1876 una
785 1836 995 1877 sententia
1036 1837 1236 1877 omnium.
1296 1836 1380 1877 Sed
1420 1836 1502 1876 erit

129 1959 164 2007 l.
199 1958 449 2001 potissimum,
496 1957 618 1991 lieber
661 1969 707 1993 zu
747 1959 952 2004 Arpinum,
988 1961 1055 1997 *als
1094 1960 1307 1995 anderswm
1356 1961 1395 1996 S.
1438 1973 1497 2007 ep.

39 2004 284 2047 CCCLVIII,
309 2004 341 2038 2.
384 2004 647 2048 CCCXLVII,
674 2007 708 2039 l.
728 2023 772 2030 —
818 2007 900 2040 Etsi
921 2017 969 2043 :z
991 2006 1142 2050 indess,
1176 2007 1419 2050 gleichwohl.
1454 2027 1501 2034 ·-

42 2055 74 2084 et
99 2051 185 2084 illos
209 2054 243 2084 et
273 2050 415 2084 incolas
446 2061 534 2094 qua,
575 2052 720 2085 sowohl
753 2051 809 2086 sie
839 2053 894 2087 als
924 2053 1020 2088 auch
1049 2052 1110 2087 die
1140 2053 1372 2088 Einwohner
1405 2054 1501 2089 aller

42 2098 156 2140 orte,
182 2097 358 2149 yoruber
383 2096 504 2130 meine
524 2097 639 2131 Reise
662 2098 765 2141 ging.
791 2116 835 2123 —
866 2098 1210 2146 ἀναθεώρησις,
1236 2101 1501 2145 spectaculum,

42 2148 236 2188 spectatio.
268 2162 311 2167 —
343 2147 460 2188 'quum
483 2145 591 2177 iusto.
634 2145 720 2178 Asc.
740 2145 774 2178 1.
799 2145 899 2179 Crat.
933 2149 1008 2179 tum
1030 2147 1139 2179 iusto.
1189 2145 1265 2180 Sed
1290 2153 1363 2180 turn
1389 2148 1503 2182 debe-

42 2196 101 2224 ret
125 2199 227 2223 esse:
267 2200 376 2233 quum
398 2200 432 2223 α.
458 2190 487 2224 b.
514 2201 548 2224 υ.
574 2194 648 2223 tum
672 2191 699 2224 i.
727 2192 764 2223 in
790 2190 901 2236 bello,
941 2195 1016 2225 tum
1048 2191 1143 2225 mod.
1168 2193 1267 2234 fiunt.
1302 2193 1500 2228 ORELLI.

41 2236 217 2277 modeste,
251 2235 318 2269 mit
342 2234 565 2280 Schonung3
608 2237 659 2270 im
677 2237 838 2280 Gegens.
865 2248 937 2270 von
960 2239 1073 2282 petul.
1107 2256 1151 2262 -—-
1198 2239 1261 2283 qui
1285 2239 1368 2274 hinc
1392 2241 1502 2284 absit,

41 2281 110 2316 der
134 2281 236 2315 nicht
260 2292 305 2316 zu
331 2281 456 2316 dieser
469 2281 597 2317 Partei
624 2283 782 2326 geliore,
816 2283 895 2317 sich
921 2283 1016 2318 dazu
1041 2284 1206 2327 gesesse,
1230 2285 1341 2320 dabei
1365 2286 1431 2321 sei.
1458 2306 1500 2312 —

12 2347 13 2354 κ
41 2331 75 2361 et
100 2333 221 2361 tamen
246 2338 387 2363 noram.
422 2346 466 2354 -
515 2339 586 2361 uno
611 2329 690 2363 loco
714 2341 760 2361 Ξ
784 2329 1002 2373 universos,
1035 2330 1109 2364 alle
1132 2329 1332 2365 beisamen.

131 2373 166 2407 2.
200 2383 268 2417 quo
301 2384 462 2418 pergere
481 2375 626 2418 placet,
671 2375 795 2409 wohin
828 2386 940 2410 unser
968 2376 1084 2410 freier
1108 2377 1227 2411 Wille
1252 2388 1320 2411 uns
1344 2378 1430 2412 rust.
1460 2397 1501 2404 -

42 2430 115 2453 una
130 2419 344 2462 fuissemus,
375 2420 429 2453 als
454 2429 564 2454 wenn
588 2421 658 2455 wir
682 2422 814 2455 immor
838 2422 900 2455 bei
918 2421 992 2456 ihm
1017 2434 1191 2467 gewesen
1211 2425 1348 2458 w'aren.
1382 2425 1505 2467 fugis-

43 2476 161 2499 semus
186 2466 216 2499 Ι.
242 2466 285 2499 F.
313 2466 496 2500 Gronovii
527 2477 628 2511 susp.
678 2467 754 2501 Sed
787 2469 884 2502 haud
915 2468 1023 2503 nimis
1055 2470 1148 2504 bene
1182 2469 1258 2502 coit
1290 2480 1370 2503 cum
1397 2481 1501 2514 seqq.

14 2548 16 2550 ,
43 2517 118 2545 tum
142 2521 286 2545 eramus
310 2511 536 2552 inmzaxima
558 2523 630 2557 spe.
678 2514 720 2547 In
748 2525 792 2548 m.
819 2515 920 2549 1584.
959 2515 1055 2549 coni.
1089 2516 1290 2549 ivissemus.
1323 2536 1367 2541 —
1411 2516 1505 2550 hunc

44 2558 232 2591 inimicum
258 2558 468 2591 Caesarem.
502 2577 544 2583 —
593 2558 659 2593 Icoc
683 2561 799 2602 facio,
844 2572 978 2606 nempe
1001 2562 1110 2596 Italia
1135 2561 1239 2595 cedo.
1271 2580 1316 2587 —-
1363 2564 1426 2606 qni
1450 2574 1504 2596 me

16 2630 18 2653 ἶ
44 2604 178 2638 levavit
203 2604 250 2637 iis
266 2605 432 2637 incomm.
461 2603 484 2637 i.
507 2615 537 2640 e.
563 2605 726 2648 exsilio,
752 2606 819 2640 der
843 2607 914 2641 mir
939 2607 1001 2642 die
1017 2609 1154 2642 Lasten
1175 2607 1315 2641 wieder
1331 2609 1499 2643 abnahm.

17 2664 18 2675 π
45 2668 86 2674 -
113 2651 235 2692 affec„
262 2649 329 2683 mir
353 2650 544 2693 ausgelegt
565 2651 682 2693 hatte3
708 2652 871 2687 insolern
889 2654 1094 2698 Pompeius
1118 2653 1180 2687 ibn
1207 2653 1375 2697 dagegen
1402 2654 1504 2689 nicht

46 2697 241 2740 geschutzt
277 2696 389 2729 hatte.
440 2695 478 2730 S.
512 2697 788 2740 cp.CCCLlV‚
821 2701 854 2734 3.
890 2718 933 2726 -—
982 2701 1125 2741 videre,
1166 2698 1231 2733 mit
1255 2700 1428 2735 ansehen.
1463 2721 1502 2726 —-

47 2742 86 2775 in
114 2742 276 2776 Vulcatii
307 2745 416 2785 sent„
459 2743 551 2776 nach
585 2742 666 2777 dem
691 2744 858 2787 Antrage
889 2745 955 2781 des
980 2744 1196 2781 Volcatius:
1240 2751 1308 2789 „ut
1341 2747 1388 2782 de
1414 2759 1505 2791 pace
