1795 3043
559 39 875 89 EPISTOLA
910 40 1047 88 CCL.
1443 44 1542 96 187

72 173 145 205 vas
173 156 409 214 perveniat.
469 155 800 201 Commemorat,
840 153 941 205 quid
980 154 1083 194 olim
1118 153 1222 194 mali
1253 152 1297 193 C,
1323 152 1456 193 Iulius
1485 155 1544 215 se3

73 218 196 265 cerit,
228 228 358 269 quum
387 213 597 255 dieculam
634 210 821 252 duxerit:
860 223 1076 262 nunquam
1112 211 1176 251 rei
1206 209 1404 263 publicae
1434 212 1542 264 plus.

73 275 157 317 Sed
175 274 228 315 ad
248 286 339 314 rein
357 272 495 313 redeo.
549 269 760 310 Meditare
781 267 980 308 adversus
996 269 1176 309 Brutum
1197 280 1542 318 causamvmcam:

71 333 110 374 si
138 334 244 372 haec
275 343 404 371 causa
433 329 517 380 est,
556 329 705 367 contra
734 337 861 377 quam
890 325 1002 365 nihil
1044 327 1216 366 honeste
1256 326 1341 365 dici
1379 327 1541 378 potest:

72 389 325 444 praesertim
355 398 481 438 quum
509 383 717 436 integram
745 395 836 422 rem
867 383 908 422 et
939 395 1108 423 eausam
1148 383 1410 433 reliquerim,
1465 383 1542 423 Re·
1568 381 1624 420 14.

72 448 193 498 liqua
223 448 319 486 sunt
348 442 588 484 domestica.
648 441 712 481 De
741 437 974 490 ἐνδομύχῳ,
1012 439 1148 491 probo
1179 440 1309 491 idem,
1339 440 1450 492 quod
1480 443 1540 488 tu,

74 505 316 547 Postumiae
338 502 408 548 F„
439 499 635 552 quoniam
664 497 860 537 Pontidia
890 499 1084 550 nugatur.
1147 497 1229 536 Sed
1253 498 1407 537 vellem
1430 498 1545 538 ades-

74 574 154 602 ses.
213 561 250 601 A
281 558 434 609 Quinto
464 557 596 596 fratre
626 555 692 595 his
724 554 937 595 mensibus
967 555 1076 594 nihil
1105 555 1376 605 exspectaris.
1435 555 1544 596 Nam

74 620 242 660 Taurus
264 618 437 670 propter
452 615 572 654 nives
592 615 690 653 ante
706 624 890 652 mensem
907 613 1073 651 Iunium
1089 611 1264 651 transiri
1289 624 1370 651 non
1392 615 1542 664 potest.

74 677 325 721 Thermum,
358 673 405 712 ut
432 683 567 724 rogas,
601 670 873 710 creberrimis
901 670 1040 709 literis
1070 670 1216 710 fulcio.
1264 669 1543 709 P.Valerium

75 734 201 787 negat
242 731 399 773 habere
443 728 671 779 quidquam
709 727 934 767 Deiotarus
975 739 1072 778 rex,
1121 738 1299 776 eumque
1337 727 1396 766 ait
1437 741 1460 767 a
1499 739 1543 766 se

74 788 316 831 sustentari.
375 786 511 834 Quum
541 785 671 834 scies,
702 784 856 824 Romae
884 785 1181 824 intercalatum
1209 784 1262 822 sit
1290 795 1447 836 necne,
1476 797 1545 824 ve-

75 847 150 887 lim
191 846 244 886 ad
285 857 352 885 me
383 844 544 883 scribas
575 845 760 890 certum,
806 853 889 893 quo
930 841 999 881 die
1038 840 1234 894 mysteria
1272 841 1417 882 futura
1445 843 1545 883 sint.

76 904 244 945 Literas
272 905 367 942 tuas
396 901 535 941 minus
563 900 708 952 paullo
739 900 959 952 exspect0,
1005 911 1130 950 quam
1161 898 1196 937 si
1226 898 1384 939 Romae
1415 911 1544 940 essest

75 961 151 1002 sed
178 963 319 1001 tamen
349 959 561 1010 exspecto.

78 1085 171 1120 oder
196 1084 356 1119 Consul?
381 1083 430 1118 ist
454 1083 680 1117 unbekannt.
729 1081 919 1116 Schulden
953 1081 1055 1114 hatte
1088 1092 1131 1114 er
1166 1087 1296 1114 sammt
1320 1081 1448 1115 seinen
1475 1082 1550 1116 Ge-

75 1142 213 1166 nossen
238 1131 276 1164 in
302 1131 451 1174 Menge.
467 1149 512 1156 -
547 1141 654 1174 quum
679 1128 859 1162 dieculam
885 1128 1050 1171 duxerit,
1082 1127 1107 1161 i.
1125 1139 1159 1161 e.
1188 1139 1298 1171 quum
1324 1128 1548 1169 decreverit,

77 1184 120 1212 ut
145 1178 224 1211 dies
249 1177 448 1211 solutionis
475 1176 558 1220 (der
575 1174 915 1220 Zahlungstermin)
943 1186 963 1208 a
984 1174 1220 1208 debitoribus
1247 1175 1393 1209 differri
1418 1175 1549 1219 possit.

76 1224 187 1260 SCH.
209 1243 254 1248 —
283 1224 366 1267 plus
391 1223 474 1257 scil.
500 1223 587 1256 mali
613 1223 747 1255 sactum
773 1232 866 1255 esse.
916 1221 1010 1255 Sunt
1035 1221 1189 1255 Lucceii
1214 1223 1341 1256 verba.
1373 1222 1479 1256 SCH.
1505 1240 1551 1246 —

78 1271 128 1305 ad
153 1281 249 1313 rem,
278 1270 446 1303 Brutum.
463 1288 508 1293 —
544 1270 732 1303 Meditare
756 1275 844 1309 cet„
872 1267 994 1301 denke
1020 1267 1170 1310 darauf,
1204 1267 1278 1301 wie
1304 1269 1367 1302 Du
1392 1269 1489 1302 mich
1515 1279 1550 1302 u.

77 1316 177 1352 mein
204 1316 413 1351 Verfahren
439 1326 560 1359 gegen
586 1315 648 1348 ihn
672 1313 888 1347 verfechten
915 1314 1076 1348 wollest.
1092 1332 1137 1338 —
1175 1314 1380 1358 integram,
1416 1326 1551 1348 unver-

80 1363 234 1405 iindert,
268 1362 342 1395 wie
368 1362 422 1395 sie
448 1372 539 1395 war.
579 1361 617 1395 S.
644 1360 767 1402 νοτίς.
793 1360 821 1401 §.
857 1363 896 1392 ut
922 1370 998 1393 rem
1022 1360 1075 1392 sic
1099 1359 1319 1403 relinquam.

175 1409 228 1443 14.
263 1408 445 1453 ἐκδομύχῳ
475 1408 583 1451 (Vgl.
612 1418 668 1451 ep.
685 1406 820 1447 CCIV,
836 1407 870 1440 3.
898 1417 932 1440 u.
959 1405 1108 1448 CCLII,
1129 1407 1220 1449 m),
1256 1407 1292 1439 in
1313 1407 1463 1441 Betreff
1483 1407 1549 1442 des

80 1453 544 1493 Familiengeheimnisses.
579 1452 676 1487 Sehr
701 1459 779 1486 zart
805 1451 957 1485 bedient
975 1464 1015 1485 er
1033 1452 1110 1485 sich
1129 1453 1231 1486 eines
1251 1453 1402 1488 Griech.
1418 1455 1552 1488 VVorts

82 1501 147 1536 bei
172 1501 237 1534 der
255 1491 732 1543 lieirathsangelegenheit,
758 1498 819 1531 die
842 1509 882 1531 er
899 1498 1093 1531 iiberdiess
1112 1499 1217 1532 mehr
1242 1509 1286 1532 zu
1311 1500 1414 1534 einer
1431 1500 1552 1534 Sache

82 1558 156 1581 von
183 1548 328 1581 Frauen
353 1547 484 1579 macht.
502 1565 545 1570 -—
577 1545 786 1580 Postumiae
809 1545 899 1587 filio.
934 1545 1120 1587 Intelligit
1146 1544 1262 1578 filium
1282 1545 1406 1580 Servii
1424 1547 1553 1592 Sulpi-

85 1594 155 1636 cii,
181 1594 285 1627 cuius
311 1603 407 1626 uxor
431 1598 511 1625 erat
523 1591 725 1626 Postumia.
760 1591 804 1624 cf.
823 1602 883 1635 ep.
898 1590 1112 1625 CLXXXI.
1137 1603 1243 1633 „man
1270 1593 1366 1626 wird
1394 1595 1459 1627 aus
1479 1594 1551 1627 den

86 1640 189 1676 Sohn
215 1640 281 1672 der
305 1639 497 1672 Postumia
523 1638 667 1672 denken
694 1638 874 1673 miissen.'‘
891 1657 936 1662 —
970 1649 1076 1681 quon.
1103 1637 1276 1673 Pontidia
1302 1644 1467 1683 nugatur
1492 1641 1555 1684 (da

86 1697 127 1721 es
150 1686 246 1720 Dem
271 1696 343 1718 von
368 1685 546 1718 Pontidia
571 1683 913 1728 vorgeschlagenen
938 1683 1024 1717 kein
1050 1684 1165 1718 Ernst
1191 1685 1272 1727 ist),
1313 1698 1407 1729 quae
1440 1687 1553 1721 alium

85 1743 262 1777 generum
279 1731 452 1766 Ciceroni
472 1731 802 1764 commendaverat.
838 1730 903 1765 Sie
928 1730 1025 1764 wird
1051 1731 1144 1763 auch
1170 1742 1228 1776 ep.
1248 1732 1395 1775 CCLII,
1412 1735 1466 1768 10.
1494 1745 1555 1768 er-

85 1779 221 1813 xvahnt.
240 1798 282 1803 —
320 1778 462 1811 adesses
486 1778 638 1811 Romae.
657 1797 700 1802 —
749 1779 785 1811 A
808 1777 847 1812 Q.
869 1778 1007 1819 fratre,
1039 1777 1195 1811 Ciliciae
1227 1780 1418 1823 praefecto
1452 1787 1554 1815 trans

86 1825 262 1860 Taurum.
297 1824 387 1859 vid.
413 1824 846 1868 ep.CCXXXVIII,10.
873 1824 1170 1866 CCXXV11L5.
1186 1843 1231 1849 —
1256 1825 1417 1869 Taurus,
1445 1838 1554 1870 quem

86 1870 275 1905 tabellarii
300 1881 348 1903 ex
373 1870 505 1904 Cilicia
528 1870 682 1904 Romam
709 1876 839 1903 euntes
866 1870 1063 1903 transirent
1089 1881 1243 1904 necesse
1268 1880 1357 1907 erat.
1403 1874 1554 1908 Marcus

87 1917 221 1952 Cicero
249 1917 283 1949 in
310 1916 398 1949 Asia
424 1917 476 1950 cis
503 1917 664 1950 Taurum
691 1922 781 1958 erat,
809 1922 847 1950 ut
871 1916 1019 1949 mittere
1044 1917 1264 1951 tabellarios
1287 1919 1441 1954 Romam
1464 1931 1554 1965 pos-

88 1970 155 1998 set.
181 1962 315 1998 MAN.
333 1982 376 1987 -
422 1963 613 1996 Thermum
640 1989 647 1996 .
667 1989 674 1997 .
699 1963 812 2006 fulcio
845 1962 868 1997 i.
893 1974 928 2001 e.
956 1963 1156 1997 Thermum
1189 1974 1473 2009 propraetorem
1500 1967 1554 2010 (in

87 2010 192 2051 Asia)
225 2010 330 2042 firmo
362 2008 398 2042 in
431 2008 692 2043 benevolentia
731 2015 768 2042 et
799 2009 1012 2051 voluntate,
1054 2021 1161 2052 quam
1194 2011 1283 2044 mihi
1317 2013 1480 2048 ostendit
1514 2024 1555 2047 se

89 2055 404 2090 commendatione
442 2067 523 2090 mea
560 2057 699 2090 habere
744 2066 833 2099 erga
870 2061 906 2089 te
940 2062 1111 2098 tuosque.
1147 2057 1380 2093 ERNESTI.
1428 2060 1556 2094 Ueber

91 2102 266 2136 Thermus
296 2112 325 2137 s,
353 2113 411 2147 ep.
429 2103 529 2144 CCI,
552 2103 585 2137 2.
607 2122 648 2126 —
694 2101 898 2136 Valerium.
932 2102 1098 2138 Videtur
1132 2103 1260 2137 Attico
1298 2105 1471 2140 debuisse
1504 2111 1554 2150 et,

90 2148 177 2190 quia
201 2149 237 2181 in
261 2149 434 2182 Deiotari
460 2160 577 2193 regno
605 2154 703 2190 erat,
735 2149 780 2181 ab
807 2160 851 2181 eo
878 2149 1056 2182 auxilium
1084 2149 1251 2193 petiisse.
1277 2152 1385 2187 SCH.
1428 2153 1557 2187 Ueber

89 2194 267 2229 Valerius
293 2195 367 2237 vgl.
401 2195 445 2228 ad
470 2196 585 2230 Attio.
606 2195 721 2235 XVI,
743 2197 774 2228 7.
802 2195 847 2228 ad
872 2195 1000 2229 Famil.
1023 2196 1135 2239 XIV,
1150 2196 1183 2230 2.
1217 2197 1387 2243 Philipp.
1405 2201 1445 2241 l,
1460 2201 1491 2234 3.
1511 2218 1556 2224 —-

91 2241 256 2274 intercal.
281 2241 338 2274 sit.
372 2240 410 2275 S.
437 2252 481 2275 zu
507 2254 565 2287 ep.
583 2241 771 2284 CCXLII,
788 2242 820 2275 5.
846 2242 931 2285 quia
957 2242 1000 2274 de
1022 2242 1273 2277 intercalando
1308 2256 1378 2279 non
1413 2246 1555 2280 obtinu-

91 2290 184 2319 erat.
219 2306 261 2310 —
316 2289 489 2331 mysteria
520 2288 687 2322 Romana
730 2288 795 2330 (ad
827 2287 941 2322 Attic.
971 2288 1049 2331 VI,
1075 2289 1110 2331 1)
1154 2289 1178 2325 i.
1214 2302 1246 2325 e.
1287 2303 1393 2325 sacra
1425 2293 1556 2326 Bonae

92 2332 199 2366 Deae
230 2334 354 2374 satura
384 2334 468 2367 sint.
522 2335 613 2368 Nam
643 2334 876 2368 intercalatio
904 2333 1072 2368 ordinem
1099 2335 1241 2369 dierum
1273 2340 1453 2380 mutabat3
1489 2337 1556 2371 sed

92 2378 253 2419 Atticus,
280 2379 341 2420 qui
367 2379 484 2413 Roma
506 2381 663 2424 propius
689 2381 848 2421 abesset,
877 2380 1171 2416 intercalationis
1197 2383 1277 2417 dies
1304 2392 1340 2418 et
1365 2386 1445 2418 dies
1467 2384 1556 2417 item

94 2424 261 2466 reliquos
294 2425 431 2458 certius
466 2436 575 2460 nosse
599 2433 757 2471 poterat.
789 2427 998 2462 MANUT.
1048 2427 1181 2462 Cicero
1207 2431 1337 2464 wollte
1372 2432 1436 2464 das
1467 2431 1556 2465 wis-

93 2481 179 2512 sen,
204 2469 293 2502 weil
319 2480 360 2503 er
384 2471 579 2516 besorgte‚
615 2473 676 2506 die
701 2473 1020 2518 Einsclialtungen
1047 2474 1119 2507 und
1145 2475 1255 2510 Feste
1280 2478 1450 2510 mochten
1476 2477 1557 2510 sein

94 2515 314 2550 Dienstiahr
345 2516 418 2550 und
458 2517 527 2551 den
560 2519 823 2553 Rathsschluss
868 2520 960 2553 iiber
996 2519 1075 2554 sein
1107 2522 1352 2556 Nachsuchen
1391 2534 1451 2556 um
1495 2523 1558 2556 die

95 2562 196 2596 Ehre
223 2562 326 2596 einer
351 2564 573 2607 supplicatio
599 2568 820 2609 verzogern.
860 2565 1005 2600 Sollten
1031 2573 1141 2601 unter
1165 2570 1337 2612 mysteria
1364 2569 1424 2603 die
1443 2569 1559 2603 Libe-

97 2608 473 2690 raliacztffirstlcgien
490 2610 588 2653 sein3
613 2622 654 2646 so
675 2612 813 2656 ergabe
830 2611 910 2646 sich
926 2612 993 2648 der
1010 2613 1140 2649 Grund
1164 2615 1289 2649 seiner
1304 2616 1470 2661 Ansrage
1495 2627 1560 2651 aus

98 2664 158 2700 ep.
209 2674 212 2677 ,
329 2680 339 2698 ,
415 2682 423 2690 .
