1795 3043
173 55 275 105 294
372 54 375 57 ’
448 51 513 100 Μ.
549 50 603 98 Τ.
640 49 980 100 CICERONIS
1012 51 1387 101 EPISTOLAE.

298 165 615 213 EPISTOLA
650 166 975 214 CCLXXXIX.
1027 165 1109 229 (ad
1142 166 1247 213 Div.
1285 166 1406 212 XVI.
1444 170 1513 228 5.)

324 242 410 275 Dat.
435 241 609 276 Leucade
633 242 721 279 VII.
748 243 804 278 Id.
829 244 926 279 Nov.
958 244 1004 279 A.
1028 243 1074 277 U.
1101 243 1142 278 C.
1168 245 1247 279 704.
1282 243 1330 285 (a.
1358 242 1398 276 C.
1424 243 1500 288 5⁰.)

184 297 326 334 Scribit
362 309 403 333 se
434 300 585 333 crebras
618 310 639 333 a
668 300 809 335 Tirone
842 300 888 335 de
920 300 1001 335 eius
1032 300 1246 334 valetudine
1271 299 1399 334 literas
1424 304 1642 346 exspectare

425 351 483 389 et,
515 350 556 379 ut
579 356 657 379 eam
683 346 884 391 diligenter
908 352 1030 391 curet,
1058 347 1238 381 hortatur.
1266 348 1285 380 1
1305 365 1349 371 —
1367 347 1400 381 2.

186 412 404 448 TULLIUS
429 414 497 448 ΕΤ
523 413 962 497 ΟῙΟΕΒΟΟξξΙῗῘίΟΟὲ
977 415 1158 497 TIlRODNI
1189 412 1545 449 HUMANISSIMO
1575 414 1644 449 ET

300 519 426 572 Vide,
468 520 626 571 quanta
667 520 721 560 sit
756 521 799 560 in
839 521 882 560 te
918 521 1112 562 suavitas.
1171 519 1286 560 Duas
1325 519 1450 559 horas
1487 519 1645 572 Thyrei

187 575 357 616 fuimus.
414 576 676 617 Xenomenes
703 577 855 628 hospes
888 578 974 617 tam
1000 579 1043 618 te
1072 576 1236 630 diligit,
1274 589 1400 627 quam
1428 576 1464 616 si
1491 576 1647 617 vixerit

189 637 343 673 tecum.
415 634 457 674 Is
499 634 641 673 omnia
680 634 902 685 pollicitus
942 636 1028 687 est,
1069 647 1176 686 quae
1216 632 1297 673 tibi
1338 635 1475 673 essent
1517 645 1646 685 opus;

190 691 404 730 facturum
433 691 550 742 puto.
609 689 718 729 Mihi
746 690 964 744 placebat,
1001 692 1037 731 si
1066 691 1226 731 firmior
1256 702 1380 739 esses,
1409 691 1456 730 ut
1485 691 1527 729 te
1543 690 1650 729 Leu-

191 747 339 788 cadem
374 746 638 799 deportaret,
678 748 724 786 ut
762 746 826 786 ibi
867 748 911 786 te
953 748 1078 800 plane
1120 746 1406 788 confirmares.
1465 746 1651 798 Videbis,

192 804 294 855 quid
315 803 455 855 Curio,
485 803 587 854 quid
610 803 779 856 Lysoni,
811 804 913 855 quid
942 804 1103 844 medico
1133 805 1314 857 placeat.
1372 803 1574 844 Volebam
1599 803 1652 844 ad

192 862 235 901 te
263 860 498 900 Marionem
526 860 759 902 remittere:
802 873 949 913 quem,
979 874 1108 913 quum
1136 861 1385 901 meliuscule
1413 861 1493 900 tibi
1531 861 1653 912 esset,

193 917 247 959 ad
275 930 342 957 me
369 917 579 958 mitteres:
610 917 682 957 sed
712 918 894 970 cogitavi
922 931 1028 959 unas
1065 919 1213 958 literas
1240 916 1475 957 Marionem
1503 915 1654 958 afferre

145 985 174 1025 2
196 987 332 1028 posse,
363 987 428 1014 me
457 976 598 1014 autem
619 974 788 1014 crebras
809 977 1066 1027 exspectare.
1095 973 1263 1015 Poteris
1293 973 1423 1027 igitur
1445 975 1487 1013 et
1509 975 1657 1026 facies,

196 1033 233 1073 si
262 1044 329 1072 me
357 1032 514 1084 diligis,
543 1034 590 1071 ut
619 1031 808 1083 quotidie
837 1033 891 1071 sit
918 1033 1095 1073 Acastus
1123 1032 1169 1072 in
1194 1031 1328 1084 portu.
1369 1030 1497 1070 Multi
1521 1032 1658 1083 erunt,

197 1088 351 1141 quibus
380 1090 497 1128 recte
525 1089 670 1128 literas
701 1088 803 1128 dare
831 1090 986 1141 possis,
1032 1088 1105 1140 qui
1135 1088 1187 1128 ad
1216 1099 1282 1127 me
1312 1086 1496 1127 libenter
1523 1087 1660 1140 perfe-

197 1147 304 1187 rant.
344 1145 553 1197 Equidem
570 1146 719 1185 Patras
750 1148 918 1185 euntem
945 1147 1156 1186 neminem
1184 1145 1528 1196 praetermittam.
1568 1145 1658 1197 Ego

197 1215 362 1244 omnem
391 1215 509 1255 spem
538 1203 602 1242 tui
631 1202 856 1254 diligenter
885 1203 1061 1243 curandi
1089 1202 1133 1241 in
1165 1201 1291 1241 Curio
1322 1201 1473 1243 habeo.
1540 1201 1658 1242 Nihil

198 1261 336 1313 potest
363 1260 438 1299 illo
467 1258 560 1299 fieri
590 1260 837 1310 humanius,
879 1259 990 1300 nihil
1018 1258 1155 1298 nostri
1183 1258 1403 1297 amantius.
1460 1259 1514 1298 Ei
1536 1266 1576 1298 te
1599 1260 1660 1298 to-

199 1320 289 1357 tum
317 1316 449 1357 trade.
490 1316 604 1356 Malo
634 1318 676 1356 te
708 1317 852 1368 paullo
882 1317 978 1368 post
1005 1316 1237 1364 valentem,
1267 1326 1393 1365 quam
1422 1315 1565 1355 statim
1587 1315 1661 1354 im-

200 1373 401 1414 becillum
418 1373 577 1416 videre.
626 1373 737 1413 Cura
765 1373 896 1425 igitur
924 1372 1034 1413 nihil
1065 1371 1194 1424 aliud,
1224 1371 1306 1411 nisi
1335 1372 1382 1410 ut
1402 1370 1481 1423 [tu]
1498 1372 1661 1411 valeas:

201 1432 345 1473 cetera
373 1443 449 1484 ego
480 1430 654 1472 curabo.
703 1431 844 1470 Etiam
866 1431 995 1481 atque
1024 1430 1152 1469 etiam
1180 1429 1288 1470 vale.
1345 1428 1539 1469 Leucade
1569 1440 1665 1481 pro-

200 1487 420 1540 ficiscens,
464 1501 541 1529 vn.
569 1487 669 1527 Idus
698 1486 923 1527 Novembr.

293 1589 326 1624 l.
363 1587 508 1632 Tkyrei.
547 1588 749 1633 Thyre0n‚
783 1587 940 1633 Θυρέον,
978 1587 1062 1620 eine
1086 1586 1197 1620 Feste
1230 1586 1269 1619 in
1302 1584 1540 1619 Akarnanien
1574 1584 1667 1619 zwi-

203 1634 316 1669 schen
339 1634 475 1679 Alyzia
500 1644 532 1668 u.
559 1633 720 1667 Leukas.
770 1633 902 1667 Cicero
928 1643 1005 1666 war
1036 1633 1114 1665 also
1139 1642 1210 1665 von
1236 1632 1374 1666 Patrae
1398 1632 1492 1665 nach
1517 1630 1665 1676 Alyzia,

201 1691 275 1715 von
300 1680 347 1714 da
370 1681 464 1714 nach
489 1681 679 1726 Thyreum
705 1679 778 1713 und
803 1689 876 1712 von
900 1679 946 1712 da
982 1679 1074 1712 nach
1100 1677 1249 1711 Leukas
1281 1677 1466 1721 gereiset‚
1498 1688 1571 1710 von
1605 1688 1666 1711 wo

203 1737 269 1761 aus
295 1738 336 1761 er
360 1727 409 1761 im
433 1727 584 1770 Begriff
612 1725 833 1760 abzureisen
866 1724 1009 1759 Diesen
1041 1724 1150 1758 Brief
1182 1723 1342 1758 schrieb.
1391 1723 1444 1757 Zu
1475 1723 1667 1768 Thyreum

204 1773 354 1809 schrieb
381 1784 422 1806 er
446 1773 570 1816 nicht,
596 1772 687 1806 weil
722 1783 763 1805 er
795 1771 876 1806 sich
900 1782 970 1805 nur
994 1770 1091 1805 zwei
1117 1770 1284 1804 Stunden
1310 1770 1475 1803 daselbst
1500 1769 1668 1804 aufhielt.

204 1838 250 1846 -—·
281 1823 314 1853 te
339 1819 479 1865 diligit,
512 1819 567 1853 Er
591 1829 690 1853 muss
717 1818 780 1852 ihn
804 1818 882 1851 also
909 1817 972 1851 auf
1001 1817 1068 1851 der
1092 1816 1268 1850 Hinreise
1300 1816 1392 1849 nach
1417 1814 1574 1850 Cilicien
1605 1825 1672 1859 ge-

206 1865 321 1900 sehen
346 1866 480 1900 haben.
498 1884 540 1890 -
581 1866 798 1908 deportaret.
833 1864 959 1898 Patris
986 1863 1081 1897 enim
1108 1874 1189 1896 eum
1216 1862 1370 1905 reliquit
1395 1861 1541 1896 Cicero.
1560 1880 1602 1885 -
1627 1864 1666 1894 ut

206 1912 279 1954 ibi,
314 1912 391 1945 Md.
419 1915 457 1944 ut
481 1911 556 1945 ubi.
584 1912 657 1945 OR.
676 1930 718 1936 -
753 1910 867 1944 Curio
890 1936 897 1943 .
915 1935 923 1944 .
943 1909 1092 1955 Lysoni.
1120 1908 1159 1943 S.
1189 1909 1221 1943 d.
1248 1908 1368 1952 vorig.
1394 1907 1458 1941 ΒΓ.
1486 1908 1513 1950 §.
1530 1908 1610 1941 1.2.
1627 1925 1669 1931 -

207 1958 346 1992 medico
365 1956 635 2002 Asclaponi.—
660 1956 828 1992 Marion.
856 1955 893 1991 S.
917 1968 974 2001 ep.
991 1955 1256 1998 CCLXXXV,
1271 1957 1302 1989 1.
1330 1954 1621 1993 CCLXXXVI,
1637 1956 1668 1987 1.

209 2022 254 2031 ·-
289 2015 451 2048 quem:
469 2009 509 2037 ut
534 2014 617 2038 eum
644 2030 653 2038 .
669 2031 677 2037 .
693 2029 701 2037 .
727 2004 889 2037 mitteres
913 2014 960 2036 =
978 2002 1200 2036 remitteres.
1219 2020 1263 2026 --
1301 2001 1529 2042 meliuscule,
1555 2005 1671 2033 etwas

149 2092 154 2095 j
209 2050 350 2085 besser.
385 2050 422 2085 S.
449 2050 595 2085 Ramsh.
622 2050 724 2092 §.94‚
751 2049 837 2082 Not.
860 2067 901 2073 —
940 2048 1053 2082 Unas.
1088 2048 1131 2082 In
1156 2046 1297 2092 plurali
1323 2057 1476 2079 numero
1500 2043 1673 2079 adiicitur

209 2096 288 2131 illis
313 2096 545 2140 nominibus,
580 2107 674 2142 quae
698 2094 882 2140 singulari
915 2100 1054 2129 carent.
1087 2094 1126 2129 S.
1152 2093 1302 2128 Ramsh.
1327 2094 1358 2136 §.
1378 2093 1465 2135 15⁷,
1491 2091 1672 2126 Anmerk.

210 2145 231 2177 1
279 2153 311 2176 a.
338 2154 373 2177 u.
401 2142 476 2177 das.
501 2145 523 2178 3
570 2154 599 2177 c.

242 2168 253 2187 ²
299 2189 332 2222 2.
367 2188 512 2223 Poteris
532 2168 618 2223 ’sciL
645 2199 787 2222 curare.
805 2206 846 2212 -—
884 2188 1056 2221 Acastus.
1087 2184 1126 2220 S.
1153 2184 1307 2229 ep.282,
1327 2185 1359 2217 1.
1384 2184 1465 2225 283,
1482 2185 1514 2216 1.
1540 2183 1621 2224 284,
1639 2183 1671 2216 1.

211 2234 347 2271 Cicero
371 2235 472 2269 hatte
497 2235 625 2269 diesen
643 2234 805 2269 Sklaven
824 2233 924 2267 beim
941 2233 1033 2268 Tiro
1052 2231 1376 2274 zuriickgelassen‚
1397 2229 1470 2262 und
1491 2229 1674 2270 wiinscht‚

211 2282 296 2316 dass
323 2281 447 2315 dieser
471 2282 525 2315 ost
541 2281 671 2315 Briefe
696 2291 769 2314 von
794 2280 869 2314 ihm
895 2281 956 2323 (an
982 2278 1135 2320 Cicero)
1161 2277 1253 2310 nach
1278 2276 1360 2310 dem
1382 2275 1501 2310 Hafen
1527 2275 1674 2318 bringe.

211 2347 257 2354 --
287 2328 327 2362 in
348 2331 479 2371 portu,
512 2333 552 2361 ut
577 2327 628 2360 ibi
654 2328 894 2369 observaret,
926 2326 959 2360 si
991 2324 1054 2368 qui
1085 2323 1304 2367 navigarent
1330 2322 1365 2356 in
1393 2322 1549 2356 Italiam.
1588 2320 1675 2356 vid.

213 2386 273 2420 ep.
296 2375 376 2418 290,
395 2376 423 2408 l.
449 2392 494 2399 —
533 2374 650 2408 Multi
686 2373 738 2406 ibi
772 2376 886 2406 erunt.
907 2390 948 2397 -
989 2374 1106 2413 recte,
1137 2369 1273 2403 sicher.
1292 2387 1337 2395 —
1372 2367 1678 2413 praetermittam,

214 2421 373 2456 namlich
407 2420 503 2454 ohne
534 2419 609 2453 ihm
645 2420 753 2454 einen
785 2417 897 2453 Brief
925 2428 970 2451 an
1000 2417 1100 2451 Dich
1135 2415 1384 2459 mitzugeben.
1408 2433 1451 2440 ·-
1502 2413 1678 2448 Nihil:

214 2478 332 2501 nemo.
366 2466 406 2502 S.
432 2467 580 2501 Ramsh.
606 2465 634 2507 ἕ.
651 2467 731 2507 203,
752 2467 783 2507 l,
801 2476 834 2507 a,
855 2464 886 2498 5.
905 2483 948 2489 —
997 2462 1079 2506 fieri
1101 2474 1148 2494 Ξ
1172 2473 1272 2502 esse,
1305 2462 1439 2506 geben.
1461 2477 1505 2485 ·—
1550 2459 1598 2493 Ei
1631 2462 1675 2492 te.

215 2513 292 2548 Ult.
319 2524 351 2547 v.
378 2524 427 2547 ex
452 2512 634 2557 supplem.
650 2513 750 2546 Crat.
769 2510 912 2545 Viam.
939 2509 1052 2553 Seqq.
1069 2519 1139 2542 om.
1167 2512 1199 2541 te
1224 2508 1303 2544 Md.
1330 2507 1429 2543 Vict.
1446 2507 1529 2541 l.—
1551 2505 1678 2549 paullo

215 2563 317 2607 post,
350 2566 466 2593 etwas
497 2560 632 2602 spater.
663 2576 703 2582 —
748 2557 818 2600 [tu]
845 2557 907 2590 Ex
942 2555 1065 2600 suppl.
1098 2554 1196 2588 Crat.
1224 2555 1325 2590 Vict.
1343 2554 1376 2588 2.
1404 2553 1517 2596 Seqq.
1544 2562 1618 2602 om..
1641 2554 1680 2583 tu

221 2606 299 2640 Md.
327 2606 427 2640 Vict.
444 2607 474 2638 l.
503 2604 698 2638 ORELLI.
733 2602 770 2638 S.
789 2603 938 2635 Ramsh.
965 2602 991 2644 §.
1005 2603 1060 2636 93.
1087 2602 1221 2642 u.158,
1240 2603 1325 2635 1.—
1356 2600 1414 2634 El.
1442 2602 1545 2641 atque
1569 2601 1681 2630 eleum

221 2663 266 2687 :z
284 2651 488 2686 vielmahls.
515 2650 552 2685 S.
568 2650 717 2685 Ramsh.
745 2649 862 2692 §.179
881 2648 926 2689 B,
939 2649 1067 2691 a,S.-
1095 2647 1234 2682 vrnld.
1254 2647 1362 2689 Νου.,
1384 2656 1439 2679 am
1465 2647 1484 2679 7
1501 2642 1679 2679 Novemb.
