1795 3043
220 88 321 136 134
483 83 549 129 Μ.
585 81 640 128 Τ.
677 81 1018 129 CICERONIS
1051 42 1424 128 EPISTOLAE.
1776 0 1795 127 1

222 196 327 238 mihi
357 196 499 236 tamen
529 195 663 236 risum
692 206 778 235 non
808 196 1048 238 moverunt.
1117 193 1251 247 Cupio
1281 193 1397 234 enim
1425 193 1615 233 nostrum
1642 191 1694 234 il-

223 256 313 295 lum
341 253 523 293 amicum
550 252 596 293 in
624 251 844 293 tribunatu
874 265 1001 304 quam
1020 252 1253 304 plurimum
1269 251 1428 292 habere
1446 249 1691 303 gravitatis:

224 311 269 352 id
298 323 425 362 quum
454 309 589 362 ipsius
619 322 769 359 causa,
798 332 856 340 -—
884 312 947 350 est
974 310 1094 362 mihi,
1121 311 1171 350 ut
1201 309 1296 356 scis,
1326 308 1371 348 in
1401 306 1619 348 amoribus
1636 330 1696 338 —-

225 369 330 415 tum,
363 368 620 420 mehercule,
649 368 777 408 etiam
806 367 871 407 rei
899 366 1114 420 publicae.
1175 366 1308 415 Quam
1336 365 1520 417 quidem,
1551 377 1697 416 quam-

229 426 291 465 vis
318 425 362 464 in
394 438 459 465 me
489 425 656 477 ingrata
686 426 754 474 sit,
784 438 926 465 amare
955 437 1040 465 non
1059 424 1260 465 desinam.
1290 424 1369 471 Tu,
1399 423 1460 463 mi
1479 422 1694 471 Volumni,

227 483 428 534 quoniam
458 484 501 523 et
531 482 754 523 instituisti
785 483 827 522 et
854 482 960 522 mihi
987 481 1107 524 vides
1137 494 1229 522 esse
1262 482 1443 534 gratum,
1474 479 1615 520 scribe
1642 480 1698 520 ad

228 552 294 580 me
324 551 451 591 quam
478 540 720 592 saepissime
749 539 802 579 de
831 539 957 580 rebus
986 539 1178 592 urbanis,
1217 538 1268 578 de
1308 550 1356 578 re
1384 537 1571 591 publica.
1629 537 1700 577 Iu-

230 597 393 638 cundus
423 599 486 638 est
514 597 621 637 mihi
651 608 788 637 sermo
817 596 1037 638 literarum
1074 599 1252 637 tuarum.
1310 596 1541 636 Praeterea
1571 594 1721 636 Dola-x

229 653 401 702 bellam,
435 667 558 705 quem
589 665 665 706 ego
693 653 907 706 perspicio
937 656 979 694 et
1008 655 1149 695 iudico
1179 652 1496 706 cupidissimum
1519 663 1610 692 esse
1638 653 1700 693 at-

230 723 312 763 que
331 711 663 752 amantissimum
682 711 780 759 mei,
813 712 1041 752 cohortare
1057 713 1101 767 gt
1115 710 1322 751 confirma
1343 712 1386 751 et
1414 709 1544 750 redde
1572 709 1701 762 plane

230 781 378 809 meum.
418 768 511 808 Non
533 769 793 820 mehercule,
823 780 907 819 quo
938 769 1170 820 quidquam
1197 768 1330 809 desit:
1360 767 1433 809 sed
1455 768 1555 820 quia
1575 766 1700 808 valde

231 827 374 879 cupio,
405 838 491 865 non
519 826 667 868 videor
693 825 873 866 nimium
901 825 1110 867 laborare.

392 975 712 1024 EPISTOLA
747 975 967 1024 CCXXX.
1004 974 1085 1039 (ad
1119 976 1225 1022 Div.
1262 974 1396 1022 XIII.
1433 976 1539 1036 53.)

535 1063 618 1099 Ser.
643 1064 683 1099 in
709 1063 844 1099 Cilicia
866 1065 913 1099 Α.
940 1064 986 1099 U.
1014 1064 1055 1100 C.
1077 1066 1154 1101 703.
1183 1067 1230 1109 (a.
1258 1064 1300 1100 C.
1319 1064 1395 1107 51.)

231 1131 395 1168 Thermo
416 1132 530 1167 Asiae
545 1133 788 1180 propraetori
800 1132 989 1169 Genucilii
1006 1133 1120 1168 Curvi
1136 1132 1288 1178 negotia
1304 1131 1548 1168 commendat.
1573 1133 1594 1167 1
1610 1151 1652 1157 -
1664 1132 1700 1167 2.

606 1202 796 1237 CICERO
824 1202 1042 1238 THERMO
1072 1203 1260 1239 PROPR.
1288 1203 1328 1238 S.

346 1271 394 1312 L.
427 1273 655 1315 Genucilio
685 1274 823 1315 Curvo
853 1273 1106 1325 iampridem
1135 1275 1234 1314 utor
1256 1271 1601 1322 familiarissime,
1631 1285 1705 1326 op-
1793 1304 1795 1335 4

231 1328 334 1369 timo
363 1329 454 1370 viro
480 1332 521 1371 et
543 1331 713 1372 homine
733 1330 986 1384 gratissimo.
1032 1332 1143 1371 Eum
1161 1331 1240 1371 tibi
1265 1331 1435 1383 penitus
1456 1331 1704 1371 commendo
1789 1341 1795 1408 1

231 1388 360 1438 atque
391 1388 525 1428 trado.
585 1389 791 1438 Primum,
822 1391 871 1430 ut
890 1388 1085 1430 omnibus
1107 1388 1154 1429 in
1183 1388 1311 1429 rebus
1341 1387 1382 1429 ei
1416 1387 1493 1440 [te]
1524 1400 1703 1429 commo-
1789 1409 1793 1445 5

232 1498 356 1532 notari
380 1505 483 1544 patet
508 1511 529 1534 e
560 1501 816 1545 sequentibus.
866 1500 1094 1538 Volumnius
1128 1501 1189 1535 vel
1224 1500 1384 1535 ridicula
1419 1501 1599 1544 quaedam
1630 1503 1705 1537 Cu·
1726 1532 1732 1539 .,

233 1545 352 1580 rionis
378 1546 476 1580 dicta
502 1555 737 1589 narraverat,
764 1548 825 1582 vel
851 1548 1016 1583 actiones
1042 1548 1218 1591 quasdam
1243 1548 1323 1582 cius
1348 1547 1531 1592 ludicram,
1557 1548 1595 1582 in
1620 1550 1704 1592 qui-

232 1592 302 1625 bus
328 1593 517 1628 levitatem
535 1595 762 1629 ostendisset
786 1594 928 1628 tribuni
946 1595 1069 1639 plebis
1088 1605 1249 1638 persona
1263 1606 1392 1639 parum
1408 1594 1570 1639 dignam.
1595 1595 1704 1633 SCH.

232 1638 360 1673 Ueber
385 1640 500 1674 Curio
527 1652 555 1674 s.
582 1653 639 1686 ep.
663 1640 877 1684 CCXXIII,
899 1643 953 1675 10.
990 1641 1229 1683 CCXXV‚3.
1245 1642 1279 1674 4.
1309 1642 1385 1675 beS.
1407 1641 1640 1678 CCXXVII.
1657 1662 1704 1669 —

232 1686 391 1719 amicum
409 1687 677 1722 Cu1·ionem.—
703 1688 858 1732 plurim.
885 1687 965 1721 Ῐιιιό.
991 1698 1118 1731 grav„
1151 1687 1231 1721 sich
1257 1687 1310 1721 als
1336 1687 1396 1720 ein
1421 1688 1706 1733 achtungswiir-

232 1731 342 1775 diger
367 1733 479 1766 Manu
506 1735 727 1768 benehmen.
745 1753 788 1759 —
820 1734 861 1768 id
884 1734 1014 1768 Lamb.
1039 1734 1146 1778 idque
1171 1734 1244 1767 und
1271 1733 1389 1776 diess,
1415 1735 1488 1767 und
1515 1745 1628 1770 zwar.
1663 1736 1704 1771 S.

232 1778 384 1813 Ramsh.
420 1780 449 1822 ξ.
468 1781 553 1821 158,
572 1781 612 1824 2,
629 1781 664 1815 h.
697 1781 782 1824 204,
800 1781 840 1824 2,
857 1781 903 1815 N.
938 1782 1021 1821 159,
1041 1782 1082 1823 3,
1103 1782 1137 1814 b.
1156 1800 1197 1804 —
1230 1781 1268 1813 in
1294 1791 1430 1824 amor„
1464 1781 1561 1823 denn
1587 1794 1630 1816 er
1655 1783 1704 1817 ist

231 1825 330 1858 mein
355 1825 547 1871 Liebling.
569 1846 614 1852 —
654 1828 837 1870 desinam,
861 1828 983 1871 Marg.
1012 1827 1114 1861 Crat.
1147 1827 1331 1861 desistam.
1353 1844 1396 1851 -
1428 1831 1461 1860 et
1492 1828 1703 1874 instituisti,

232 1871 322 1905 weil
347 1873 411 1906 Du
437 1873 598 1907 einmahl
625 1873 697 1908 den
722 1874 870 1918 Ansang
895 1874 1067 1917 gemacht
1091 1874 1184 1908 hast.
1206 1893 1247 1898 —
1281 1884 1413 1918 sermo,
1440 1874 1615 1920 derTon,
1641 1876 1705 1910 die

233 1916 413 1962 Sprache.
437 1939 479 1944 -
515 1920 657 1964 iudico,
682 1920 757 1955 wie
783 1920 842 1954 ich
877 1931 941 1954 aus
976 1920 1124 1964 einigen
1151 1920 1378 1954 Umstiinden
1410 1920 1599 1956 schliesse.
1649 1923 1704 1957 Es

232 1974 313 1998 war
337 1976 396 1998 um
421 1965 527 2000 diese
553 1967 637 2000 Zeit
663 1967 747 2000 eine
773 1967 930 2001 Heirath
958 1966 1147 2001 zwischen
1171 1967 1296 2000 seiuer
1320 1977 1391 1999 von
1419 1967 1613 2013 Crassipes
1637 1981 1704 2013 ge-

232 2011 459 2046 schiedenen
486 2013 654 2047 Tochter
679 2013 806 2047 Tullia
832 2025 867 2047 u.
895 2013 976 2046 dem
1003 2014 1207 2048 Dolabella
1231 2013 1277 2046 im
1292 2013 1541 2057 Vorschlagc.
1567 2016 1701 2049 Anihn

231 2056 317 2091 siud
341 2059 527 2101 gerichtet
552 2071 611 2104 ep.
630 2061 710 2096 519.
729 2062 806 2095 537.
822 2062 1008 2103 650.700.;
1034 2071 1106 2093 von
1121 2060 1195 2094 ihm
1213 2071 1256 2093 an
1273 2060 1407 2094 Cicero
1425 2060 1492 2093 der
1507 2062 1702 2098 389Brief.

232 2121 277 2128 -
311 2107 506 2149 confirma,
542 2106 717 2140 best'arke
742 2107 806 2140 ihn
830 2107 868 2141 in
895 2107 1020 2140 dieser
1045 2106 1263 2150 Gesinnung
1287 2117 1407 2150 gegen
1430 2106 1540 2141 mich.
1558 2127 1602 2132 —
1635 2120 1704 2153 quo

232 2150 427 2194 quidquam
452 2152 556 2195 (lesit,
582 2153 636 2187 als
663 2154 711 2187 ob
737 2156 808 2188 er’s
834 2164 878 2187 an
895 2153 1023 2187 Etwas
1047 2153 1173 2187 fehlen
1198 2153 1360 2186 lasse.—
1387 2164 1457 2186 non
1471 2154 1599 2188 videor
1613 2162 1703 2199 cet.‚

232 2207 274 2230 so
300 2196 349 2230 ist
374 2198 484 2241 mir's,
511 2200 565 2233 als
591 2199 730 2233 konnte
756 2199 816 2233 ich
842 2200 911 2233 mir
936 2200 1039 2233 nicht
1058 2210 1102 2232 zu
1120 2199 1194 2233 viel
1211 2199 1324 2233 Miibe
1342 2211 1400 2232 um
1419 2199 1523 2233 seine
1536 2201 1703 2235 Freund-

232 2244 351 2277 schast
377 2245 509 2287 geben.
546 2246 737 2279 minimum
762 2246 887 2280 Rostii
913 2257 1012 2291 susp.
1041 2246 1143 2290 Spec.
1162 2247 1192 2279 1.
1215 2257 1253 2289 p.
1275 2247 1328 2280 14.
1371 2245 1447 2280 Sed
1461 2246 1702 2292 noniungen-

232 2289 318 2323 dum
345 2301 425 2323 cum
451 2303 485 2325 v.
513 2292 661 2335 videor,
689 2304 763 2325 non
790 2304 871 2326 cum
896 2304 931 2327 v.
958 2293 1123 2326 nimium.
1162 2292 1359 2325 ORELLI.

326 2336 553 2371 THERMO.
603 2340 647 2374 Q.
673 2339 855 2373 Minutius
882 2339 1066 2373 Thermus
1099 2349 1180 2372 war
1204 2339 1416 2383 Propriitor
1441 2338 1508 2372 der
1533 2339 1702 2374 Provinz

230 2381 359 2420 Asien.
394 2384 469 2418 Die
481 2384 610 2417 Briefe
635 2386 696 2428 (ad
707 2386 880 2429 Divers.)
906 2386 1017 2427 XIII,
1034 2387 1091 2427 53,
1108 2386 1164 2425 56,
1178 2385 1222 2418 55
1249 2385 1332 2418 sind
1360 2396 1390 2418 a.
1410 2386 1456 2419 U.
1476 2388 1558 2427 703;
1583 2386 1640 2429 54,
1655 2388 1700 2421 57

232 2439 266 2463 υ.
294 2429 344 2472 11,
371 2432 414 2466 18
440 2441 473 2464 a.
492 2431 536 2464 U.
554 2432 619 2465 704
651 2442 695 2464 an
722 2432 784 2465 ihn
818 2431 1078 2477 geschrieben.
1134 2432 1317 2465 Erwiihnt
1342 2431 1440 2465 wird
1466 2443 1507 2465 er
1534 2433 1629 2466 noch
1654 2432 1701 2467 ad

230 2476 344 2510 Attic.
367 2476 399 2519 Ι,
418 2478 450 2511 1.
477 2477 545 2520 VI,
561 2479 594 2511 l.
622 2478 673 2520 V,
694 2480 748 2521 13,
765 2479 822 2521 20,
841 2479 895 2512 21.
923 2489 956 2511 u.
982 2478 1018 2511 in
1047 2480 1152 2511 Orat.
1179 2478 1347 2522 Philipp.
1366 2478 1476 2521 XIII,
1496 2480 1529 2513 6.

323 2524 354 2557 l.
380 2523 423 2557 L.
452 2523 662 2558 Genucilius
681 2525 836 2567 Curvus,
863 2524 1109 2558 vermuthlich
1134 2524 1193 2558 ein
1210 2525 1318 2558 Rem.
1336 2524 1474 2565 Ritter,
1500 2525 1567 2558 der
1584 2524 1700 2559 Geld-

230 2569 421 2611 geschiiste
446 2580 502 2603 am
528 2570 752 2615 Hellespont
779 2571 875 2604 trieb
911 2573 985 2606 und
1015 2570 1052 2603 in
1086 2571 1152 2604 dor
1179 2571 1335 2614 Gegend
1361 2582 1433 2603 von
1458 2571 1610 2605 Parium
1638 2572 1724 2612 bes

231 2615 452 2649 trachtliche
479 2617 598 2650 Guter
623 2617 761 2651 besass.
801 2618 835 2650 ei
862 2618 924 2660 [te]
951 2618 1173 2661 commodes,
1205 2618 1306 2651 Dich
1339 2617 1413 2650 ihm
1444 2617 1600 2661 gefallig
1626 2618 1699 2651 und

228 2661 435 2696 sorderlich
469 2673 515 2697 zu
549 2663 747 2697 erweisen.
796 2663 1008 2697 Delendum
1042 2668 1074 2696 te
1100 2664 1145 2697 de
1171 2665 1292 2705 Man„
1323 2664 1432 2698 LFr.
1455 2664 1638 2698 Gronovii
1663 2669 1701 2697 et
1752 2673 1757 2684 ‘

228 2707 379 2742 Ernest.
410 2709 596 2743 sententia
629 2721 720 2745 cum.
760 2709 847 2743 Sch.
882 2710 976 2743 Lim.
1014 2710 1209 2744 ORELLI.
1259 2710 1392 2744 Cicero
1428 2710 1524 2743 enim
1562 2710 1699 2754 ubique

228 2753 363 2789 scribit
388 2755 422 2789 ei
446 2757 717 2791 commodes.—
744 2757 918 2800 alienum,
945 2756 1155 2801 adversum,
1181 2756 1422 2800 contrarium,
1449 2756 1653 2802 indignum.
