1795 3043
95 78 111 93 ³
227 121 234 125 ..
534 81 854 129 EPISTULA
889 80 1158 154 CCvatl.
1491 85 1591 131 245
1646 66 1653 71 ”

123 198 255 239 certe.
312 196 421 237 Nam
448 195 677 237 Marcellus
717 193 779 235 sic
810 193 1028 245 respondit
1057 191 1116 244 ei,
1163 191 1245 243 [se]
1278 204 1393 244 spem
1421 191 1464 231 in
1497 190 1589 231 istis

121 254 510 307 supplicationibus
533 264 619 292 non
648 251 824 292 habere:
866 251 1065 299 Paullus,
1104 262 1150 289 se
1179 250 1351 289 omnino
1387 250 1440 299 inj
1471 248 1586 288 hunc

122 324 279 353 annum
321 324 405 352 non
444 310 695 351 edicturum.
762 308 1065 348 Renuntiatum
1113 307 1235 346 nobis
1274 307 1365 347 erat
1407 305 1584 346 Hirrum
1608 311 1636 350 2

121 368 281 409 diutius
300 368 531 409 dicturum:
559 366 803 419 prendimus
823 377 935 405 eum:
965 377 1050 404 non
1081 363 1205 402 modo
1233 376 1317 403 non
1348 364 1466 410 fecit,
1499 363 1585 414 sed,

120 438 251 477 quum
281 425 332 466 de
369 425 518 466 hostiis
555 426 752 477 ageretur
789 423 831 462 et
870 423 1012 474 posset
1051 432 1142 460 rem
1180 421 1407 472 impedire,
1446 419 1586 469 si,.ut

119 484 435 531 numeraretur,
485 482 740 533 postularet,
782 480 934 521 tacuit.
992 479 1175 519 Tantum
1205 476 1354 517 Catoni
1395 489 1586 517 assensus

121 542 208 588 est,
253 540 325 591 qui
355 539 407 580 de
434 540 476 579 te
503 539 671 578 locutus
702 536 960 589 honorifice,
1002 548 1087 575 non
1118 534 1312 575 decrerat
1342 534 1587 586 supplicati-

120 608 233 637 ones.
294 596 461 638 Tertius
490 595 543 636 ad
572 595 650 635 hos
667 595 880 635 Favonius
910 593 1102 634 accessit.
1163 592 1302 640 Quare
1338 603 1416 642 pro
1441 591 1586 631 *cuius-

119 666 202 706 que
237 656 390 694 natura
427 654 468 694 et
510 652 706 692 instituto
741 652 904 704 gratiae
947 652 1044 691 sunt
1085 648 1291 702 agendae:
1340 648 1431 695 his,
1472 646 1584 699 quod

119 713 282 751 tantum
322 711 580 751 voluntatem
617 710 913 759 ostenderunt3
954 720 1031 761 pro
1061 706 1295 754 sententia,
1342 717 1470 756 quum
1509 704 1584 743 im-

115 768 264 821 pedire
291 768 475 820 possent,
503 779 590 807 non
619 768 883 820 pugnarunt:
917 765 1090 806 Curioni
1119 776 1242 815 vero,
1271 762 1383 814 quod
1413 762 1464 802 de
1493 774 1585 802 sua-

116 903 155 937 in
187 913 320 936 annum
352 901 566 947 proximum
597 900 781 935 dilaturos
817 910 911 934 esse.
944 900 1113 934 SCH.—
1151 898 1322 942 estquod
1343 909 1390 932 =
1415 897 1476 931 Du
1503 896 1586 930 hast

116 949 293 984 Ursache.
311 967 355 973 -—
398 949 465 993 [se]
492 947 598 982 omis.
622 958 661 980 se
697 947 775 981 Md.
802 947 902 981 Crat.
936 946 1040 982 Vict.
1060 947 1093 980 1.
1112 945 1146 979 2.
1176 945 1319 979 Bened.
1336 963 1381 969 —
1415 954 1454 976 se
1485 954 1585 986 spem

120 1022 127 1030 .
145 1021 153 1030 .
180 1007 251 1028 non
276 995 405 1028 habere
439 994 464 1029 i.
488 1006 520 1028 e.
548 1004 588 1028 se
613 993 706 1027 nihil
731 994 777 1027 ab
804 993 885 1027 istis
906 991 1250 1037 supplicationibus
1277 1001 1452 1034 sperare,
1482 988 1584 1032 quod

52 1084 54 1086 Ὺ
115 1040 273 1076 Curioni
298 1041 539 1085 displiceret;
571 1040 698 1082 itaque
724 1051 791 1074 sua
822 1039 918 1072 nihil
951 1040 1155 1079 interesse,
1195 1038 1267 1071 hoc
1300 1037 1384 1081 ipso
1416 1047 1512 1069 anno
1538 1046 1584 1068 an

113 1088 288 1134 proximo
321 1088 571 1121 celebrentur.
595 1086 703 1120 SCH.
728 1105 770 1111 —
807 1096 878 1118 non
903 1085 1108 1119 edicturum
1139 1086 1196 1128 (er
1230 1083 1345 1118 xvolle
1371 1082 1474 1116 nicht
1499 1092 1583 1116 aus-

117 1134 223 1168 rusen
249 1134 385 1175 lassen)
411 1133 502 1167 istas
527 1131 835 1178 supplicationes.

204 1181 236 1214 2.
278 1180 446 1214 Hirrum.
478 1179 567 1214 Wie
592 1179 761 1214 schlecht
786 1177 911 1211 dieser
935 1177 977 1212 C.
992 1176 1128 1210 Hirrus
1153 1175 1338 1210 Lucceius
1364 1174 1431 1208 mit
1447 1174 1584 1209 Cicero

114 1227 234 1269 stand,
261 1226 399 1260 wissen
424 1226 497 1260 wir
522 1226 637 1260 sehon
664 1235 728 1259 aus
755 1225 907 1258 mehren
932 1223 1099 1257 Briefen.
1135 1222 1174 1257 S.
1195 1234 1253 1267 ep.
1279 1222 1321 1255 ad
1341 1221 1581 1263 Famil.1‚10.

114 1272 232 1316 vlu,
250 1272 342 1315 2,9.
369 1272 415 1305 ad
443 1272 484 1307 Ο.
502 1273 621 1306 Fratr.
643 1272 723 1313 111,
740 1272 775 1305 8.
802 1270 848 1304 ad
872 1270 988 1303 Attic.
1006 1269 1125 1312 XIII,
1140 1270 1196 1302 11.
1212 1288 1255 1293 —
1296 1268 1436 1302 <liutius
1465 1268 1584 1301 diccu-

115 1331 210 1362 rum,
237 1318 371 1352 Hirrus
396 1318 513 1351 wolle
537 1318 595 1351 bis
621 1318 715 1351 nach
734 1316 1099 1359 Sonnenuntergang
1123 1314 1251 1349 reden.
1291 1314 1365 1348 Ein
1389 1315 1492 1347 nicht
1518 1324 1584 1346 un-

115 1365 400 1409 gewohnliches
419 1364 564 1406 mutel,
590 1363 774 1397 wodurch
801 1362 860 1397 ein
877 1361 1038 1396 Senator
1063 1361 1125 1394 die
1149 1361 1362 1405 Absassung
1386 1360 1488 1394 eines
1506 1361 1585 1394 De·-

116 1418 213 1446 crets
240 1410 465 1444 verhindern
495 1410 646 1445 konnte.
700 1409 812 1442 Denn
841 1409 935 1441 nach
960 1407 1323 1451 Sonnenuntergang
1353 1414 1492 1440 musste
1521 1406 1584 1439 die

115 1457 275 1501 Sitzung
313 1456 548 1500 aufgehoben
583 1454 814 1489 werden.-
857 1455 1092 1497 prendimuS,
1128 1454 1201 1487 wir
1232 1454 1353 1497 gaben
1386 1453 1462 1486 ihm
1494 1459 1583 1496 gute

115 1505 269 1545 Vv'ortffi
296 1502 462 1546 rogando
489 1503 534 1535 ab
560 1501 633 1535 isto
659 1501 820 1535 consilio
847 1501 945 1533 diem
971 1501 1086 1544 longa
1110 1499 1282 1533 oratione
1308 1499 1509 1542 eximendi,
1536 1510 1583 1532 ne

115 1550 204 1593 quid
230 1550 385 1583 vdecerni
410 1554 553 1593 posset,
580 1547 868 1581 abduximus.-—
894 1545 1035 1580 hostiis.
1063 1545 1128 1580 Sic
1146 1546 1358 1591 Md.Neap.
1386 1546 1581 1581 Viet.1.‘.’.

115 1598 158 1630 de
193 1595 355 1629 hostibus
387 1595 471 1628 Asc.
499 1597 531 1628 l.
575 1594 673 1628 Crat.
711 1593 840 1627 Lamb.
874 1592 1010 1627 Graev.
1053 1592 1143 1626 Ern.
1179 1592 1321 1627 Bened.
1358 1591 1447 1626 Sch.
1484 1592 1582 1625 Luu.

117 1642 312 1677 ORELLI.
339 1642 382 1675 de
406 1640 494 1674 host.
523 1640 641 1674 eaesis
670 1658 715 1665 —
751 1643 789 1672 ut
814 1642 1071 1672 numeraretur
1101 1638 1183 1673 scil.
1211 1645 1372 1673 senatus.
1412 1638 1477 1673 Sic
1501 1638 1581 1673 Md.

114 1688 323 1723 vict..1.2.
365 1687 499 1721 Graev.
534 1685 676 1720 Bened.
708 1689 989 1720 numerarentur
1022 1685 1150 1719 Lamb.
1193 1686 1328 1719 Graev.
1364 1684 1451 1718 Sch.
1486 1685 1582 1719 Lun.

114 1735 322 1777 Utrumque
347 1733 435 1767 satis
460 1744 656 1777 perverse:
683 1732 870 1777 quomodo
897 1731 994 1765 enim
1020 1737 1106 1765 tunc
1132 1731 1312 1776 temporis
1337 1730 1475 1774 hostes,
1498 1731 1581 1766 scil.

115 1780 215 1824 quod
241 1780 429 1824 supplent,
463 1779 648 1822 ‚‚occisi,⁷’
678 1786 853 1825 poterant
877 1778 1085 1812 numerari}
1117 1778 1236 1812 Recte
1260 1788 1370 1820 vero,
1398 1789 1510 1821 quum
1535 1777 1583 1811 de

116 1837 268 1861 numero
294 1826 500 1860 hostiarum
531 1825 840 1859 immolandarum
865 1831 1060 1868 ageretur,
1099 1830 1248 1869 poterat
1280 1835 1357 1857 rem
1382 1824 1582 1869 impedire,

116 1874 168 1916 si,
203 1881 242 1906 ut
266 1878 523 1906 numeraretur
548 1874 774 1914 ‚,senatus‚'⁷
809 1871 967 1905 forsitan
991 1881 1064 1904 non
1090 1870 1200 1905 nimis
1225 1871 1420 1915 frequens,
1455 1876 1585 1915 postu-

117 1920 242 1954 lasset.
281 1918 479 1952 ORELLI.
530 1918 584 1951 Zu
622 1917 743 1951 einem
775 1917 982 1962 Triumphe
1016 1917 1122 1951 ward
1154 1917 1363 1960 erfordert‚
1398 1917 1482 1951 dass
1516 1917 1585 1950 der

118 1967 326 2010 Imperator
349 1964 576 2008 wenigstens
601 1965 704 2008 5,000
722 1963 865 1999 Feinde
889 1964 1061 2008 getodtet
1093 1964 1212 2006 hatte3
1238 1974 1284 1997 zu
1311 1963 1416 1997 einer
1440 1964 1586 2008 suppli-

118 2012 235 2055 catio,
261 2011 460 2045 hochstens
484 2011 600 2051 2000.
642 2011 714 2045 Bet
737 2011 805 2044 der
829 2010 1057 2055 supplicatio
1077 2010 1226 2045 sowohl
1251 2010 1305 2043 als
1332 2009 1428 2043 beim
1453 2010 1586 2043 trium-

147 2059 212 2092 hus
237 2064 400 2091 mussten
435 2057 520 2091 eine
552 2058 716 2101 gewisse
740 2057 885 2091 Anzahl
910 2056 1213 2101 Schlacfflopfer,
1254 2056 1418 2099 hostiae,
1451 2056 1586 2099 darge-

118 2070 249 2140 Eracht
274 2104 448 2147 werden3
487 2103 562 2137 und
595 2114 677 2137 wer
709 2103 793 2137 eine
825 2104 953 2137 solche
978 2103 1082 2137 Ehre
1116 2103 1319 2146 begehrte,
1352 2108 1492 2136 musste
1523 2102 1586 2136 die

120 2151 212 2185 zahl
244 2151 310 2185 der
343 2161 417 2183 von
450 2149 526 2183 ihm
560 2150 778 2193 getodteten
808 2149 951 2183 Feinde
976 2150 1145 2193 angeben
1172 2148 1414 2192 (renuntiare,
1440 2149 1585 2191 edere).

120 2196 160 2232 S.
186 2197 295 2241 epist.
323 2197 419 2230 CLI.
437 2214 481 2220 —
526 2198 661 2239 tacuit,
688 2198 866 2230 hactenus
893 2194 1068 2230 Ciceroni
1094 2196 1269 2238 indulsit,
1302 2202 1340 2229 ut
1365 2196 1432 2229 hac
1458 2202 1588 2240 postu·

122 2243 263 2277 latione
294 2243 513 2278 abstineret.
534 2261 579 2267 -—-
619 2243 681 2288 qui
714 2244 756 2277 de
789 2246 821 2275 te
851 2242 1002 2276 locutus.
1042 2242 1107 2276 Sic
1133 2243 1267 2276 Graev.
1293 2242 1487 2276 Fortasse:
1526 2241 1589 2285 qui

122 2289 192 2322 etsi
219 2289 368 2322 locutus.
403 2287 488 2322 Seu.
514 2289 609 2323 Liin.
645 2290 707 2333 qui
731 2289 799 2322 etsi
823 2289 865 2322 de
891 2293 922 2321 te
948 2289 1099 2322 locutus.
1134 2289 1212 2323 Md.
1244 2290 1343 2323 Crat.
1380 2288 1480 2324 Vict.
1501 2290 1533 2321 1.
1550 2288 1583 2320 2.

122 2334 264 2369 Bened.
291 2335 351 2378 qui
376 2337 408 2366 et
433 2334 585 2369 locutus.
624 2335 820 2370 ORELLI.
871 2336 946 2369 Zur
971 2335 1092 2370 Sache
1118 2336 1190 2378 vgl.
1218 2335 1253 2369 d.
1280 2334 1399 2378 νοτὶς.
1426 2334 1489 2368 Br.
1519 2334 1546 2375 ξ.
1568 2335 1586 2367 Ι

123 2392 180 2415 am
205 2381 312 2414 Ende
337 2380 537 2430 laudarem.
556 2399 599 2405 —
639 2383 776 2416 decrer.
802 2381 990 2425 gestimmt
1013 2382 1115 2415 hatte
1138 2383 1209 2415 fur.
1230 2400 1275 2406 -—-
1312 2382 1363 2416 M.
1389 2381 1587 2421 Fal-onius,

123 2427 273 2462 Catonis
299 2426 440 2460 simius.
476 2426 514 2461 S.
542 2427 588 2461 ad
611 2428 743 2463 Famil.
764 2428 871 2471 VIII,
884 2429 918 2464 9.
945 2427 989 2461 ad
1009 2427 1123 2461 AttiC.
1141 2428 1193 2468 ΙΙ,
1213 2430 1244 2462 1.
1272 2428 1302 2470 Ι,
1322 2429 1376 2461 14.
1405 2427 1516 2468 1231.
1534 2428 1590 2460 16.

124 2473 219 2514 XV,
242 2474 295 2506 ll.
324 2470 374 2524 ’ad-
401 2472 443 2507 Q.
467 2473 586 2508 Fratr.
606 2474 667 2517 ΙΙ,
689 2477 721 2510 3.
752 2476 804 2509 11.
843 2486 913 2519 pro
946 2474 1078 2509 Milon.
1105 2475 1138 2508 9.
1173 2474 1332 2509 Sueton.
1360 2474 1395 2506 in
1421 2474 1514 2515 Aug.
1534 2474 1589 2506 13.

125 2520 275 2562 gratiae
304 2520 375 2552 tibi
406 2522 488 2551 sunl
519 2529 601 2561 ag„
634 2521 762 2555 darum
787 2527 904 2556 musst
929 2521 989 2556 Du
1015 2521 1077 2554 bei
1102 2520 1229 2554 ledem
1254 2521 1347 2553 nach
1372 2519 1497 2553 seiner
1524 2520 1592 2552 Art

129 2577 164 2600 u.
188 2565 321 2599 VVeise
349 2563 448 2599 Dicn
483 2565 690 2600 bedanken.
711 2585 755 2592 -—-
796 2571 947 2601 tantum.
978 2568 1078 2601 Crat.
1108 2567 1244 2601 G1·aev.
1271 2566 1362 2600 Ern.
1389 2565 1483 2598 Liin.
1510 2569 1592 2598 tan-

130 2616 214 2646 tam.
248 2612 455 2653 Perverse3
481 2618 554 2645 est:
590 2613 682 2656 „qui
706 2614 933 2647 voluntatem
958 2614 1150 2647 dumtaxat
1176 2623 1245 2645 non
1272 2611 1500 2645 decernendi
1525 2611 1595 2645 tibi

130 2658 426 2702 supplicationes
452 2657 706 2700 ostenderunt,
733 2662 825 2694 cet.”
852 2660 1049 2694 ORELLI.
1075 2670 1145 2704 pro
1171 2658 1356 2693 sententia
1377 2663 1498 2691 autem
1516 2669 1596 2700 sua,

132 2715 207 2747 qua
232 2703 526 2750 supplicationes
552 2704 621 2738 tibi
647 2715 720 2737 non
745 2705 999 2741 decernenda-3
1024 2717 1106 2739 esse
1133 2711 1381 2747 censuerunt,
1409 2715 1481 2737 non
1507 2715 1603 2749 pug-

137 2760 292 2794 narunt,
327 2761 548 2795 quamquam
580 2750 764 2797 impedire
795 2763 876 2796 eas,
911 2753 942 2787 si
973 2752 1203 2791 voluissent,
1240 2750 1350 2785 tacite
1383 2750 1604 2796 potuissent.
