1795 3043
476 46 787 96 EPISTOLA
822 47 1124 95 CCCXLVII.
1429 57 1528 103 439

79 161 256 201 sortasse
283 160 328 200 in
358 171 408 200 co
435 159 526 211 ipso
556 158 814 208 offendetur,
845 173 922 200 cur
951 173 1033 201 nou
1066 160 1220 201 Romae
1249 159 1400 211 potius.
1445 161 1527 203 Sed

78 220 236 266 tamen,
266 217 302 257 si
333 218 395 257 est
423 216 757 264 conveniendus,
789 217 860 256 hic
890 218 1166 269 potissimum.
1225 218 1330 258 'rum
1361 216 1525 268 reliqua

76 274 330 322 videbimus,
360 273 403 313 id
433 274 513 322 est,
545 277 587 313 et
615 285 697 325 quo
728 274 771 314 et
797 285 879 325 qua
909 275 951 313 et
980 274 1158 324 quando.
1215 273 1445 320 DomitiuS,
1476 276 1524 313 ut
1546 271 1574 310 2

11 340 21 347 ‘
75 331 223 378 audio,
262 329 307 370 in
338 329 519 381 Cosano,
558 331 600 369 et
629 330 820 381 quidem,
866 332 913 370 ut
943 331 1084 380 aiunt,
1130 332 1301 382 paratus
1331 329 1382 370 ad
1411 329 1525 370 navi-

74 387 277 439 gandum:
339 387 376 427 si
421 386 464 426 in
503 385 771 439 Hispaniam,
818 399 902 426 non
940 386 1094 437 probo:
1155 387 1191 426 si
1237 387 1285 426 ad
1326 387 1524 434 Gnaeum,

73 444 221 484 laudo:
268 443 418 495 quovis
445 443 584 495 potius
615 445 730 484 certe
758 455 881 494 quam
910 444 957 483 ut
986 442 1177 483 Curtium
1205 443 1366 490 videat,
1398 455 1524 494 quem

73 512 149 553 ego
185 501 384 551 patronus
426 499 646 551 adspicere
682 511 766 539 nou
811 511 996 551 possum.
1068 498 1178 546 Quid
1223 498 1356 540 alios?
1423 496 1521 547 Sed,

72 557 246 608 opinor,
287 557 574 608 quiescamus,
613 568 666 596 ne
695 556 878 597 nostram
907 557 1074 608 culpam
1104 566 1400 607 coarguamus,
1430 556 1521 606 qui,

70 613 167 654 dum
197 613 364 665 urbem,
406 613 448 654 id
477 614 539 653 est
566 613 767 665 patriam,
803 626 987 654 amamus
1016 612 1196 663 dumque
1225 623 1313 651 rem
1343 624 1521 652 conven-

69 672 206 710 turam
234 671 449 722 putamus:
478 670 538 710 ita.
560 682 636 709 nos
664 671 886 723 gessimus,
919 671 967 709 ut
996 671 1122 721 plane
1152 669 1372 708 interclusi
1392 669 1521 720 capti-

68 739 153 778 que
181 727 321 769 simus.
379 727 549 778 Scripta
577 727 660 766 iam
689 723 892 779 epistoia'‚
923 727 1064 778 Capua
1083 727 1234 766 literae
1252 727 1348 765 sunt
1365 726 1518 767 allatae
1542 719 1568 759 3

66 784 148 823 hoc
178 785 383 835 exemplo:
423 784 684 835 „Pompeius
718 796 832 823 mare
869 783 1037 823 transiit
1065 795 1161 823 cum
1189 782 1382 822 omnibus
1410 782 1518 821 mili·

65 840 199 891 tibus,
235 852 340 891 quos
367 852 509 880 secum
536 840 698 881 habuit.
755 841 838 880 Hic
868 853 1065 880 numerus
1095 841 1156 879 est
1185 839 1398 878 hominnm
1426 839 1516 878 mil-

65 897 124 936 iia
152 909 246 937 xxx.
277 899 319 936 et
350 898 543 936 consules
573 900 614 936 et
643 896 725 936 duo
754 897 913 942 tribuni
943 897 1078 949 plebis
1107 898 1148 935 et
1179 898 1412 945 senatores,
1441 895 1515 946 qui

62 953 235 993 fuerunt
265 965 360 993 cum
392 965 464 1000 eo,
506 966 648 993 omnes
676 966 769 994 cum
800 954 1001 994 uxoribus
1030 956 1070 992 et
1089 953 1248 992 liberis.
1307 952 1515 992 Conscen-

63 1009 172 1049 disse
201 1010 358 1049 dicitur
386 1024 422 1051 a.
442 1010 480 1049 d.
506 1024 564 1051 lv.
582 1011 723 1050 Nonas
740 1010 866 1052 Mart.
923 1011 989 1050 Ex
1019 1022 1068 1050 ea
1098 1009 1164 1048 die
1192 1009 1312 1047 fuere
1339 1009 1515 1059 septem·

63 1066 221 1106 triones
241 1066 367 1106 venti.
421 1066 580 1118 Naves‚
612 1066 763 1118 quibus
792 1079 891 1106 usus
916 1079 1001 1106 non
1020 1067 1101 1116 est,
1133 1077 1275 1103 omnes
1306 1067 1377 1103 aut
1394 1076 1515 1116 prae-

0 1114 1 1118 *
63 1123 216 1163 cidisse
255 1124 326 1162 aut
363 1122 598 1162 incendisse
635 1122 823 1163 dicunt.”
879 1122 943 1162 De
973 1123 1054 1163 hac
1081 1134 1128 1161 re
1155 1121 1304 1160 literae
1347 1120 1393 1160 L.
1425 1119 1514 1159 Me-

61 1180 164 1220 tello
193 1178 365 1219 tribuno
386 1180 444 1230 pl.
469 1179 653 1231 Capuam
682 1180 836 1219 allatae
859 1180 956 1219 sunt
986 1178 1038 1219 ab
1063 1177 1208 1218 Clodia
1225 1189 1370 1229 socru,
1401 1188 1511 1229 quae

61 1236 153 1287 ipsa
190 1236 374 1277 transiit.
431 1235 541 1276 Ante
576 1235 785 1276 sollicitus
821 1247 937 1275 eram
976 1237 1019 1275 et
1057 1235 1257 1287 angebar,
1303 1234 1414 1274 sicut
1442 1234 1559 1273 res4

59 1292 225 1332 scilicet
253 1293 345 1343 ipsa
362 1292 562 1344 cogebat,
591 1304 719 1342 quum
742 1292 920 1331 consilio
940 1290 1153 1343 explicare
1181 1290 1291 1330 nihil
1320 1302 1506 1341 possem:

60 1361 174 1389 nunc
202 1351 364 1400 autem,
391 1350 611 1400 postquam
626 1348 851 1399 Pompeius
882 1348 924 1387 et
943 1348 1136 1388 consules
1165 1358 1217 1388 ex
1246 1346 1373 1387 ltalia
1401 1346 1513 1388 exie-

59 1407 178 1452 runt,
218 1417 303 1445 non
334 1417 486 1458 angor,
527 1405 599 1444 sed
629 1405 755 1459 ardeo
784 1405 949 1444 dolore:

91 1474 95 1479 ’
501 1458 602 1498 Οὐδὲ
630 1475 699 1509 μοι
728 1460 826 1508 ἦτορ

166 1515 384 1567 Ἐμπεὸον,
425 1514 510 1555 ἀλλ’
540 1515 820 1565 ἀλαλύκτημαι
849 1538 906 1547 --

58 1574 149 1614 Non
181 1587 290 1626 sum,
335 1575 527 1625 inquam,
578 1575 684 1614 mihi
713 1573 859 1622 crede,
908 1572 1062 1613 mentis
1100 1583 1294 1624 compos:
1347 1571 1510 1612 tantum

57 1631 162 1671 mihi
190 1631 406 1672 dedecoris
423 1630 638 1671 admisisse
654 1631 810 1670 videor.
867 1629 939 1670 Me
968 1641 1050 1669 non
1070 1630 1254 1681 primum
1279 1640 1374 1668 cum
1393 1627 1512 1668 Pom-

55 1731 156 1765 nicht
186 1743 302 1775 gerne
335 1731 550 1776 personlich
579 1730 923 1765 zusammentreffen
948 1728 1106 1762 mochte.
1140 1746 1183 1752 —
1232 1728 1369 1760 Romae
1387 1728 1511 1771 potius

53 1777 134 1811 filio
166 1788 247 1811 meo
280 1785 404 1821 togam
435 1788 564 1821 puram
596 1778 685 1810 dare
709 1775 912 1810 statuerim.
947 1794 992 1799 --
1039 1773 1116 1814 Ῑιῖε,
1148 1772 1323 1808 Formiis,
1349 1792 1393 1798 —
1441 1783 1510 1817 quo

53 1827 87 1856 et
110 1834 180 1867 qua
211 1823 234 1857 i.
261 1835 294 1858 e.
320 1834 393 1867 quo
419 1822 539 1856 iturus
564 1822 632 1856 sim
659 1829 695 1856 et
720 1833 792 1865 qua
816 1822 887 1855 via.
919 1820 1026 1855 SCH.

143 1870 177 1903 2.
211 1871 249 1903 in
280 1870 442 1910 Cosano,
477 1869 539 1902 auf
562 1868 700 1903 seinem
725 1869 822 1903 Gute
847 1867 908 1901 bei
934 1867 1052 1908 Cosa,
1079 1864 1184 1899 einer
1207 1863 1315 1899 stadt
1340 1864 1377 1897 in
1395 1863 1510 1897 Etru-

55 1913 134 1947 rien
166 1916 231 1948 auf
258 1915 324 1948 der
348 1914 573 1954 Landspitze
607 1925 662 1948 am
695 1915 752 1948 Pl.
777 1913 929 1948 Albinia
960 1911 1067 1956 (ietzt
1089 1911 1297 1954 Albegna)‚
1338 1909 1405 1943 der
1428 1909 1509 1944 sich

54 1959 137 1994 hier
159 1960 226 1994 in's
252 1960 533 2006 Tyrrhenische
557 1961 650 1994 oder
675 1967 804 1993 umere
829 1961 936 1994 Meer
960 1958 1134 2001 ergiesst.
1169 1975 1214 1982 —
1260 1959 1300 1988 ut
1326 1956 1506 1989 Curtium.

52 2005 93 2040 S.
119 2017 177 2051 ep.
198 2006 446 2049 CCCXLIII,
472 2009 506 2042 3.
533 2017 568 2038 u.
594 2006 833 2046 CCCXLVI‚
861 2008 879 2039 1
905 2015 960 2038 am
986 2004 1104 2038 Ende.
1129 2021 1175 2028 —-
1211 2005 1388 2044 patronus
1412 2001 1507 2034 kurz

53 2051 76 2086 ί.
103 2052 269 2095 quamvis
295 2053 376 2086 eius
400 2059 577 2096 patronus
602 2051 684 2086 sim.
710 2071 755 2077 -
804 2051 898 2087 Quid
922 2050 1018 2085 alios
1051 2049 1097 2082 de
1123 2047 1252 2082 Curtio
1279 2046 1508 2080 iudicaturos

53 2097 194 2132 dicam?
224 2118 269 2124 -—
326 2109 593 2140 coarguamus,
632 2098 735 2131 bloss
768 2098 915 2131 stenen.
948 2115 992 2121 —-
1046 2094 1107 2138 qui
1136 2105 1183 2127 =
1218 2092 1429 2143 quod-nos.
1461 2110 1505 2116 ·—

52 2144 203 2187 dumque
227 2171 234 2178 .
251 2170 259 2178 .
276 2169 284 2177 .
304 2148 493 2188 putamus,
526 2144 601 2177 und
633 2143 669 2177 in
695 2144 903 2188 Hoffnung,
940 2142 1026 2175 dass
1060 2140 1122 2174 die
1159 2139 1279 2173 Sache
1304 2139 1384 2173 Slch
1410 2137 1505 2171 noch

50 2190 197 2233 giitlich
220 2191 353 2224 warde
378 2191 551 2234 beilegen
576 2191 709 2225 lassen.

140 2238 176 2271 3.
206 2235 272 2270 hoc
296 2238 474 2280 exemplo,
512 2237 578 2270 der
602 2235 799 2279 folgender
822 2236 971 2271 Massen
996 2232 1125 2266 lautet.
1159 2248 1204 2256 -
1251 2230 1300 2263 ad
1323 2228 1507 2263 hominum

0 2299 1 2303 =
54 2291 100 2313 m.
130 2282 256 2315 Lamb.
290 2299 334 2307 —
381 2283 450 2316 duo
485 2284 568 2316 trib.
599 2283 652 2326 pl.
697 2282 822 2316 Multo
855 2286 975 2314 autem
1006 2278 1138 2322 plures
1172 2274 1310 2310 tribuni
1340 2275 1390 2326 pl..
1424 2284 1504 2307 cum

0 2337 1 2340 ¹
54 2325 213 2361 Caesare
239 2333 353 2362 erant.
379 2329 485 2363 SCH.
511 2347 555 2353 -—
603 2327 884 2369 Οοηεεεηάἰεεε,
910 2336 953 2359 er
974 2325 1069 2358 habe
1095 2322 1174 2357 sich
1200 2320 1446 2364 eingeschifft.
1462 2336 1508 2343 --

54 2371 122 2407 IV.
148 2372 243 2406 Non.
269 2374 408 2414 Mart„
445 2386 499 2408 am
524 2375 558 2408 4.
582 2375 698 2409 M'arZ.
752 2374 836 2408 Non
866 2382 964 2405 vere.
1012 2370 1103 2404 Nam
1134 2366 1353 2401 conscendit
1377 2364 1506 2415 Idibus

53 2416 162 2454 Mart.
194 2418 399 2454 MANUT.
443 2420 533 2456 Vid.
566 2432 623 2465 ep.
649 2423 728 2456 360.
757 2438 799 2444 —-
847 2416 1080 2462 praecidisse,
1104 2414 1186 2448 scil.
1213 2418 1334 2447 rostra
1359 2420 1506 2443 navium

0 2471 2 2474 ·
53 2463 281 2508 defregisse‚
307 2475 353 2497 ne
379 2477 480 2499 usum
507 2466 702 2501 militarem
728 2466 917 2499 haberent.
953 2461 1040 2497 Vid.
1067 2460 1280 2496 Schefferus
1304 2457 1352 2507 de
1376 2467 1418 2489 re
1443 2465 1507 2488 na-

45 2510 129 2544 vali
154 2521 188 2553 p.
206 2511 283 2544 125.
311 2511 542 2546 ERNESTI.
572 2530 612 2538 -
659 2512 703 2546 L.
730 2510 895 2547 Caecilio
907 2509 1058 2543 Metello
1083 2505 1381 2544 iussuCaesau-1s‚
1405 2512 1477 2545 quo

0 2592 3 2600 ,Ἴ
55 2555 90 2590 ei
115 2556 284 2590 tribunus
308 2556 360 2601 pl.
386 2569 498 2601 saepe
524 2557 795 2597 intercederet,
828 2566 946 2601 paene
970 2553 1093 2588 occiso
1119 2562 1177 2595 ep.
1193 2550 1280 2592 366,
1310 2550 1344 2583 3·
1369 2565 1416 2573 -
1459 2546 1504 2579 01>

55 2602 204 2645 [Lamb.
229 2603 273 2645 a]
297 2613 427 2643 socru,
465 2614 534 2635 von
561 2604 683 2637 seiner
708 2602 1067 2645 Schwiegermutter
1091 2595 1232 2631 Clodia.

145 2649 178 2682 4.
214 2649 324 2684 Οὐὸὲ
344 2663 424 2700 ,μοι
447 2664 479 2684 γ..
505 2663 534 2682 τ.
563 2652 591 2683 λ.
610 2675 619 2692 ,
652 2661 772 2693 neque
797 2648 886 2682 mihi
912 2652 1042 2691 pectus
1067 2644 1233 2681 firmum,
1259 2639 1325 2673 sed
1352 2643 1503 2672 conste-

59 2700 162 2729 natus
189 2705 267 2728 sum
293 2705 426 2729 animo.
462 2695 611 2729 Homer.
637 2697 680 2730 ΙΙ.
708 2696 769 2737 X,
798 2697 855 2730 93.
880 2694 935 2728 94.
964 2711 1007 2717 —
1054 2688 1263 2729 admiSt'SSe,
1301 2683 1369 2718 mir
1394 2695 1506 2727 zugc·
