1795 3043
542 10 859 57 EPISTOLA
895 11 1136 58 CCXLIV.
1468 19 1566 68 167

102 135 188 165 ero.
245 123 366 164 Haec
394 122 545 175 scripsi
575 123 737 175 subito,
768 136 898 175 quum
927 125 1051 164 Bruti
1080 125 1202 178 pueri
1233 123 1468 165 Laodiceae
1498 138 1563 166 mo

100 181 394 222 convenissent
439 182 481 220 et
528 193 571 220 se
619 181 794 221 Romam
840 193 1073 232 properare
1124 181 1335 222 dixissent.
1414 182 1562 233 Itaque

98 238 242 278 nullas
276 238 350 287 iis,
391 238 685 290 praeterquam
720 237 772 278 ad
811 239 853 277 te
883 240 925 277 et
954 239 1006 279 ad
1035 239 1236 289 Brutum,
1275 239 1370 279 dedi
1399 239 1558 278 literas.

99 294 247 346 Legati
267 294 452 347 Appiani
481 295 585 334 mihi
614 297 808 336 volumen
839 309 864 335 a
891 296 934 334 te
962 296 1133 346 plenum
1155 298 1353 347 querelae
1382 295 1558 347 iniquis-
1579 299 1606 338 2

98 351 228 391 simae
258 352 548 401 reddiderunt,
591 352 701 402 quod
740 364 885 392 eorum
926 350 1261 392 aedificationem
1291 353 1427 393 literis
1455 353 1560 392 meis

97 408 379 459 impedissem.
435 408 592 448 Eadem
631 410 769 448 autem
810 409 987 460 epistola
1024 409 1221 460 petebas,
1263 412 1308 450 ut
1337 423 1406 450 eos
1436 422 1561 461 quam

97 466 298 518 primum,
327 478 381 506 ne
410 466 454 506 in
484 466 666 506 hiemem
688 466 942 517 inciderent,
972 465 1024 506 ad
1043 467 1288 506 facultatem
1308 466 1559 507 aedificandi

98 523 349 563 liberarem:
393 524 436 562 et
475 523 597 562 simul
627 524 830 575 peracute
859 523 1115 574 querebare,
1157 524 1267 573 quod
1297 536 1367 563 eos
1396 523 1558 563 tributa

99 581 268 633 exigere
297 580 482 621 vetarem
512 580 651 631 prius,
683 593 809 631 quam
839 593 938 632 ego,
967 593 1014 620 re
1043 580 1226 632 cognita,
1253 581 1556 633 permisissem:

98 650 230 689 genus
253 637 361 676 enim
380 636 586 688 quoddam
603 637 732 677 fnisse
751 637 1023 689 impediendi,
1053 650 1182 688 quum
1205 649 1280 690 ego
1301 649 1555 690 cognoscere

99 707 184 733 non
209 708 395 746 possem,
432 694 515 733 nisi
556 706 682 745 quum
721 694 774 735 ad
803 695 985 734 hiemem
1014 707 1079 734 me
1110 707 1161 734 ex
1193 695 1345 735 Cilicia
1373 695 1557 745 recepis-

96 763 196 790 sem.
256 749 322 790 Ad
351 751 490 791 omnia
521 751 690 802 accipe:
730 753 772 791 et
802 763 1006 804 cognosce
1037 752 1291 802 aequitatem
1320 753 1554 804 expostula·
1578 753 1604 792 3

94 807 221 847 tionis
251 809 362 849 tuae.
420 807 624 855 Primum,
655 821 785 859 quum
816 808 868 848 ad
896 821 961 848 me
988 808 1148 848 aditum
1171 810 1280 848 esset
1310 808 1452 860 abiis,
1483 807 1555 859 qui

94 863 286 905 dicerent
315 878 340 904 a
369 876 414 904 se
442 865 731 906 intolerabilia
758 864 919 905 tributa
949 865 1079 918 exigit
1109 865 1210 916 quid
1238 865 1385 905 habuit
1403 866 1557 917 iniqui-

93 922 193 961 tatis
221 934 287 961 me
317 922 516 974 scribere,
546 934 600 962 ne
627 923 818 963 facerent
848 924 967 970 ante,
1001 934 1127 973 quam
1159 935 1234 975 ego
1256 935 1346 963 rem
1373 935 1557 963 causam-

92 1015 126 1046 1.
155 1023 187 1046 u.
214 1023 271 1056 ep.
289 1013 542 1055 CCXXVIII,
560 1012 581 1046 5
597 1023 631 1046 u.
648 1013 682 1047 9.
710 1013 815 1056 CCL,
834 1014 853 1047 7
870 1031 910 1037 —
929 1013 984 1046 10.
1011 1011 1145 1046 Cicero
1171 1010 1365 1046 verweilte
1391 1010 1557 1045 daselbst

93 1070 176 1093 vom
204 1060 257 1091 11.
276 1059 445 1091 Februar
470 1059 528 1092 bis
553 1069 635 1091 zum
661 1061 692 1093 7.
710 1059 786 1092 Mai
812 1059 905 1092 nach
931 1070 989 1103 ep.
1009 1058 1176 1093 CCLVI.

184 1104 301 1138 1—2.
327 1105 466 1147 subito,
487 1105 524 1138 in
550 1104 654 1147 Eile3
680 1104 754 1138 wie
781 1104 829 1138 im
854 1106 937 1139 Ans.
965 1105 1030 1138 des
1060 1104 1182 1147 vorig.
1203 1104 1268 1137 ΒΓ.
1287 1121 1331 1127 -—
1375 1102 1554 1147 Appiani,

95 1161 159 1185 aus
185 1151 327 1194 Appia,
365 1151 470 1184 einer
500 1151 653 1184 kleinen
687 1150 796 1185 stadt
826 1151 862 1185 in
890 1151 1214 1196 Grossphrygien,
1251 1149 1396 1183 welche
1428 1149 1556 1182 diesen

94 1198 232 1232 Namen
264 1207 309 1229 zu
335 1197 463 1230 Eliren
496 1197 563 1230 (161·
587 1196 804 1241 Appischen
836 1197 993 1231 Familie
1028 1198 1172 1240 11111116,
1206 1196 1242 1229 in
1275 1196 1389 1229 deren
1416 1195 1555 1230 Schutz

94 1243 151 1277 sie
185 1243 302 1276 stand.
339 1243 458 1286 Marg.
490 1244 589 1276 Crat.
620 1244 746 1276 Lamb.
780 1243 1030 1287 Appameccni,
1075 1254 1140 1277 aus
1183 1243 1359 1287 Apamea.
1426 1242 1552 1274 Allein

94 1289 194 1323 Plin.
222 1289 268 1322 H.
295 1289 340 1322 N.
362 1289 439 1330 IX,
457 1289 501 1322 29
532 1295 646 1322 neunt
677 1289 737 1321 die
763 1290 956 1333 Appianer
987 1290 1041 1322 als
1072 1300 1152 1323 zum
1179 1295 1382 1322 conventus
1408 1287 1554 1333 Synna-

95 1335 239 1377 densis,
267 1334 575 1368 Gericlitsbezirk
599 1344 671 1366 von
697 1334 889 1379 Synnada,
917 1335 1086 1378 gehorig.
1136 1334 1211 1368 Die
1231 1334 1442 1368 Gesandten
1468 1333 1554 1367 der-

95 1381 225 1415 sclben
258 1381 461 1423 begehrten
493 1379 554 1413 die
585 1380 823 1423 Erlaubniss,
862 1381 945 1413 dem
978 1381 1122 1425 Appius
1155 1380 1213 1414 ein
1246 1381 1462 1414 monument
1488 1389 1555 1413 zur

94 1426 357 1470 Verewigung
389 1426 511 1459 seine‘s
535 1426 803 1460 Proconsulats
836 1427 1023 1460 errichten
1056 1437 1101 1459 zu
1135 1427 1285 1468 durfen3
1318 1436 1393 1460 was
1419 1425 1554 1459 Cicero

96 1473 209 1507 ilmen
233 1473 422 1515 abschlng.
471 1471 659 1505 Hiernber
684 1472 918 1505 beschwerte
956 1473 1035 1506 sich
1060 1473 1205 1516 Appius
1232 1483 1351 1515 gegen
1377 1472 1460 1514 ihn,
1487 1472 1556 1504 der

96 1519 246 1553 hieraus
266 1524 472 1552 antwortet.
504 1517 654 1550 Andere
675 1517 862 1550 Gesandte
886 1529 1011 1551 waren
1037 1518 1100 1551 die
1117 1519 1301 1551 CCXXH
1326 1519 1554 1551 erwahnten.

98 1585 141 1590 —
173 1566 356 1607 volumen,
390 1564 536 1606 longam
561 1563 777 1606 epistolam,
812 1563 928 1596 instar
952 1564 1161 1598 voluminis.
1180 1584 1223 1588 —
1259 1565 1368 1606 (cedis.
1397 1564 1553 1597 forsitan

95 1611 236 1655 templi.
281 1611 317 1645 S.
345 1621 403 1654 ep.
422 1610 559 1651 XXX,
578 1610 634 1643 26.
652 1628 695 1633 —
729 1610 849 1642 literis
879 1611 987 1653 meis,
1020 1610 1137 1644 durch
1171 1610 1269 1644 mein
1298 1610 1488 1654 Rescript.
1509 1629 1554 1634 —-

97 1669 139 1690 ne
163 1658 201 1690 in
226 1656 259 1690 Ιι.
287 1657 419 1698 incid„
453 1655 567 1689 damit
592 1655 648 1689 sie
673 1656 744 1689 den
763 1655 842 1689 Bau
868 1657 964 1689 noch
988 1668 1056 1690 vor
1082 1656 1163 1690 dem
1180 1657 1328 1692 Winter
1353 1656 1554 1691 vollenden

95 1703 272 1737 honnten.
295 1722 336 1726 —
374 1702 421 1736 ad
443 1713 490 1735 :z
514 1701 550 1735 in
566 1702 728 1745 Rem-eff,
753 1701 938 1736 Hinsicht.
985 1702 1023 1737 S.
1050 1703 1198 1737 Ramsh.
1223 1705 1252 1747 §.
1272 1705 1352 1745 137,
1368 1705 1399 1736 1.
1426 1704 1505 1743 203,
1521 1705 1555 1743 1,

95 1751 132 1784 b.
152 1760 183 1783 a.
203 1766 247 1773 ——
289 1749 482 1782 liberm-em
520 1749 627 1781 niiml.
661 1759 733 1781 von
772 1748 930 1782 mcinem
962 1748 1145 1784 Verbote.
1168 1768 1212 1773 —
1249 1753 1432 1793 peracute,
1466 1749 1555 1782 sehr

95 1795 238 1836 scharf,
263 1794 391 1828 bitter.
433 1798 619 1838 qam-astute.
639 1795 775 1836 factum
799 1806 900 1839 quer.
937 1795 1163 1839 Mart.-Lag.
1189 1795 1274 1830 Sch.
1302 1796 1397 1828 Lim.
1425 1801 1556 1828 contra

95 1842 172 1876 Md.
193 1842 264 1875 OR.
290 1840 472 1875 Astatiam
499 1840 679 1883 quandam
704 1841 749 1874 ab
766 1841 893 1884 Appio
904 1841 1080 1875 Ciceroni
1100 1843 1363 1886 exprobratam
1385 1852 1441 1884 ea,
1460 1852 1555 1884 quae

96 1894 322 1931 sequuntur,
348 1886 435 1920 satis
469 1887 732 1921 demonstrant.
763 1886 870 1922 SCH.
897 1906 940 1912 —
978 1888 1126 1921 tributa.
1162 1888 1253 1923 Scil.
1287 1888 1510 1931 exigebatur
1535 1898 1557 1921 a

96 1934 253 1977 singulis
277 1933 433 1978 pecunia
459 1933 646 1966 collaticia
671 1933 1022 1976 (ausgeschriebene
1040 1934 1195 1976 Steuer)
1219 1935 1265 1968 ad
1283 1940 1557 1967 monumentum

95 1981 223 2025 Appio
258 1979 538 2013 aedificandum.
563 1998 607 2003 —
647 1990 686 2012 re
720 1981 891 2023 cognita,
929 1981 1023 2014 nach
1058 1981 1319 2014 untersuchter
1352 1980 1486 2014 Sache.
1514 1999 1557 2004 -

97 2037 314 2069 cognoscere
339 2037 437 2068 rem,
474 2025 536 2059 die
562 2024 681 2059 Sache
707 2027 964 2060 untersuchen.
987 2046 1029 2051 --
1060 2038 1203 2071 possem
1235 2038 1284 2060 ex
1313 2026 1466 2069 antiqno
1501 2031 1559 2059 est

98 2073 222 2117 suppl.
248 2073 368 2106 Abest
383 2083 403 2105 a
420 2071 497 2106 Md.
525 2077 560 2104 et
584 2071 777 2116 plerisque
789 2072 906 2106 Codd.
921 2073 1047 2107 OR.-
1071 2075 1119 2107 ad
1142 2073 1306 2116 hiemem,
1333 2084 1400 2106 zur
1414 2072 1559 2105 1161161·-

99 2119 319 2163 winterung.
340 2137 382 2142 —-
408 2128 451 2151 ezr
471 2118 619 2159 Cilicia,
645 2118 747 2152 nicht
770 2129 813 2152 ex
827 2119 921 2153 Asia
947 2120 1012 2153 Cd.
1032 2120 1185 2153 corion.
1210 2119 1448 2154 Sanissimam
1475 2128 1558 2152 esse

99 2165 282 2208 vulgatam
306 2169 408 2209 patet
440 2164 500 2198 vel
526 2175 574 2197 ex
598 2165 763 2198 Fabricii
787 2165 884 2199 Hz'st.
913 2166 990 2200 Cz'c.
1016 2166 1085 2201 Ed.
1111 2166 1290 2209 Heusing.
1317 2177 1354 2209 p.
1371 2167 1435 2199 167
1464 2175 1496 2198 u.
1525 2176 1557 2198 6.

101 2212 178 2246 703.
218 2211 361 2254 „Nonis
387 2210 570 2244 Ianuariis
596 2210 731 2244 Cicero
756 2211 875 2245 Tarso
900 2213 1091 2256 profectus
1115 2211 1185 2245 suit
1209 2213 1247 2246 in
1264 2213 1413 2253 Asiam,
1441 2216 1480 2243 ut
1506 2210 1559 2243 ibi

100 2268 247 2291 suarum
272 2256 498 2290 dioecesium
525 2257 734 2292 hominibus
759 2257 816 2291 ius
841 2257 1001 2292 diceret:
1039 2259 1107 2303 Ep.
1134 2259 1198 2293 ult.
1225 2259 1308 2293 Lib.
1323 2259 1356 2293 5.
1384 2258 1431 2291 ccd
1447 2256 1557 2291 Attio.

103 2303 228 2346 (CCL,
245 2305 264 2337 7
278 2321 322 2327 —
337 2304 408 2344 10.)
443 2303 639 2337 ORELLI.

191 2351 226 2384 3.
261 2349 323 2382 Ad
347 2349 468 2382 omnia
492 2350 630 2393 accipe,
657 2349 749 2383 hore
774 2348 993 2383 nunmeine
1017 2350 1193 2384 Antwort
1224 2350 1290 2383 auf
1309 2350 1429 2385 AlleS.
1451 2368 1492 2373 ——
1528 2351 1562 2380 et

104 2405 210 2436 cogn.
238 2405 314 2438 aeq.
341 2405 420 2438 exp.
446 2398 548 2434 tuae,
572 2407 607 2429 u.
635 2395 760 2429 ersieh
785 2396 936 2437 daraus,
960 2395 1033 2430 wie
1058 2395 1169 2440 billig
1195 2396 1374 2440 (Ironiet)
1406 2396 1469 2428 Du
1494 2393 1562 2426 mit

104 2442 175 2476 mir
210 2441 371 2474 haderst.
411 2439 449 2475 S.
480 2441 627 2475 Ramsh.
660 2443 691 2485 ξ.
707 2442 793 2486 203,
810 2444 851 2485 l,
869 2442 958 2486 7‚2,
975 2442 1039 2484 b.).
1062 2461 1105 2467 --
1144 2444 1192 2476 cad
1222 2454 1277 2476 me
1308 2443 1447 2476 aditum
1472 2444 1561 2474 esset

106 2487 229 2521 literis
261 2485 428 2531 scriptis,
464 2487 510 2519 da
534 2488 666 2522 Mehre
698 2488 760 2522 bei
790 2487 861 2522 mir
890 2488 1098 2522 schriftlich
1129 2489 1195 2522 mit
1220 2490 1286 2522 der
1308 2486 1562 2522 Beschwerde

108 2533 391 2577 eingekommen
416 2544 559 2575 waren,
600 2534 645 2567 da
676 2534 736 2568 ich
767 2545 839 2568 von
864 2535 1020 2568 Mehren
1053 2546 1292 2579 angegangen
1318 2533 1468 2576 wurde,
1502 2533 1564 2567 die

109 2581 190 2614 sich
215 2580 437 2623 beklagten,
469 2580 529 2623 qni
554 2580 727 2614 dicerent.
743 2599 787 2604 —-
825 2581 984 2624 tributa,
1012 2581 1212 2615 Beistener
1237 2591 1281 2614 zu
1308 2579 1449 2614 diesem
1471 2579 1565 2614 Bau.

110 2645 154 2651 --
185 2626 225 2661 τὸ
248 2636 304 2659 me
328 2626 506 2668 scribere,
530 2625 613 2658 dass
637 2625 698 2661 ich
724 2627 835 2660 ilinen
861 2628 931 2661 den
956 2627 1213 2661 schristlichen
1224 2625 1410 2660 Besclieid
1429 2626 1568 2669 gab.—

111 2682 154 2706 ηε
177 2673 272 2716 fac„
299 2673 355 2708 sie
381 2673 520 2708 sollten
544 2671 676 2707 Nichts
700 2673 893 2717 verfi‘igen.
941 2673 1146 2710 'Vielleicht
1182 2673 1231 2707 ist
1255 2683 1343 2717 opus
1367 2682 1413 2706 zu
1439 2673 1572 2716 ergan-
