1795 3043
537 1 848 50 EPISTOLA
885 2 1062 49 CCXX.
1462 5 1527 53 89

79 116 184 158 retis
213 128 265 158 ex
293 116 362 170 iis,
392 128 499 169 quae
528 128 663 168 paene
693 114 954 162 aeciderunt,
985 126 1058 155 vos
1088 114 1220 156 multo
1251 115 1362 166 ante,
1390 126 1445 154 ne
1479 127 1531 155 ea

79 174 334 227 acciderent,
363 173 618 227 providisse:
660 184 792 223 eoque
833 184 907 213 vos
938 171 1162 212 studiosius
1201 173 1284 212 feci
1313 173 1529 225 certiores,

79 232 191 283 quod
227 233 270 272 in
311 244 409 283 rege
437 229 725 271 Ariobarzane
767 241 816 267 ea
854 228 961 267 mihi
999 229 1115 281 signa
1163 228 1310 269 videor
1344 230 1529 281 virtutis,

79 289 254 341 ingenii,
285 287 384 328 fidei
414 287 811 336 benevolentiaeque
835 297 932 337 erga
961 297 1034 324 vos
1063 286 1341 337 perspexisse,
1370 288 1417 326 ut
1443 299 1530 326 non

80 347 170 385 sine.
201 358 326 385 causa
367 346 524 384 tantam
554 356 696 383 curam
725 343 770 383 in
801 342 891 382 eius
921 354 995 383 vos
1034 338 1212 383 salutem
1245 343 1527 396 diligentiam-

82 414 163 453 que
193 401 415 443 videamini
445 401 685 441 contulisse.

297 526 605 574 EPISTOLA
644 527 822 572 CCXX.
877 525 959 584 (ad
992 525 1083 571 Att.
1120 525 1172 570 V.
1212 528 1314 587 19.)

152 614 231 650 Ser.
258 613 297 649 in
323 613 456 649 Cilicia
479 619 565 658 post
588 613 658 648 XI.
684 612 768 647 Kal.
797 613 880 648 Oct.
915 614 961 647 A.
990 612 1034 647 U.
1064 613 1103 648 C.
1131 614 1209 648 703.
1246 615 1292 657 (a.
1320 614 1360 649 C.
1388 615 1462 657 51.)

83 683 300 728 Respondet
324 682 440 717 Attici
465 682 586 716 literis
611 683 656 715 ab
670 681 785 726 Appii
811 681 1008 715 tabellario
1034 681 1107 715 sibi
1131 681 1272 725 allatis;
1300 682 1346 716 de
1364 682 1531 717 Atiliano

83 730 242 765 nomine.
264 731 295 763 l.
321 729 367 765 de
391 729 538 764 itineris
564 728 621 764 sui
646 729 756 770 sama;
784 727 831 761 de
855 728 971 762 Attici
997 728 1116 763 filiola
1139 728 1287 774 parenti
1312 729 1483 764 iucunda.
1498 730 1532 763 2.

595 775 642 809 de
667 774 772 809 Hirri
797 775 959 819 repulsa.
984 776 1018 810 3.

571 843 760 878 CICERO
784 843 976 878 ATTICO
1003 842 1042 879 S.

198 914 473 968 Obsignaram
507 914 592 955 iam
631 913 850 966 epistolam
891 926 1003 962 eam,
1048 926 1171 966 quam
1198 916 1300 966 puto
1340 916 1383 955 te
1411 915 1535 956 modo

86 972 327 1024 perlegisse,
358 972 556 1023 scriptam
583 983 675 1010 mea
705 984 854 1018 manu,
883 971 929 1011 in
962 984 1046 1024 qua
1075 971 1216 1011 omnia
1246 972 1533 1020 continentur,

75 1041 217 1080 ⁴quum
245 1029 380 1068 subito
410 1028 537 1079 Appii
567 1028 812 1067 tabellarius
841 1041 878 1068 a.
899 1027 937 1067 d.
958 1042 1017 1070 xl.
1032 1028 1128 1068 Kal.
1151 1028 1321 1069 Octobr.
1353 1030 1532 1082 septimo

81 1085 402 1138 ,quadragesimo
443 1085 510 1124 die
550 1084 680 1124 Roma
723 1085 921 1124 celeriter
962 1106 1015 1114 —
1050 1086 1127 1125 hui
1164 1087 1249 1125 tam
1284 1087 1426 1140 longe!
1475 1109 1534 1116 —-

87 1143 193 1182 mihi
222 1144 313 1182 tuas
341 1143 486 1182 literas
515 1141 708 1182 reddidit.
766 1141 833 1181 Ex
862 1141 1013 1192 quibus
1043 1154 1126 1181 non
1157 1142 1324 1195 dubito,
1355 1144 1456 1195 quin
1486 1144 1535 1183 tu

88 1199 336 1250 Pompeium
382 1200 660 1250 exspectaris,
704 1197 802 1237 dum
839 1198 1027 1239 Arimino
1066 1199 1246 1248 rediret,
1291 1202 1332 1240 et
1368 1202 1453 1242 iam
1490 1200 1537 1240 in

91 1255 271 1306 Epirum
300 1257 513 1307 profectus
543 1256 620 1295 sis:
660 1255 875 1306 magisque
904 1266 1075 1307 vereor,
1116 1258 1163 1295 ut
1194 1256 1367 1305 scribis,
1408 1270 1462 1297 ne
1489 1258 1537 1296 in

90 1312 225 1363 Epiro
265 1313 471 1351 sollicitus
509 1312 565 1350 sis
592 1323 677 1350 non
707 1312 866 1357 minus,
899 1324 1023 1362 quam
1051 1323 1127 1351 nos
1156 1313 1228 1353 hic
1257 1326 1412 1355 sumus.
1472 1314 1538 1354 De

89 1368 275 1409 Atiliano
303 1369 470 1408 nomine
490 1368 641 1420 scripsi
671 1367 723 1407 ad
741 1367 1031 1420 Philotimum,
1060 1381 1114 1408 ne
1134 1370 1371 1422 appellaret
1382 1370 1540 1411 Messa-

89 1440 1554 1456 —————--——-——-—-——-—-———-.——-

87 1469 313 1513 providisse,
347 1468 430 1501 dass
455 1467 518 1500 Ihr
541 1468 652 1511 lange
681 1478 799 1502 zuvor
824 1469 1218 1512 Gegenvorkehrung,
1251 1470 1449 1514 Vox-sorge
1473 1484 1542 1516 ge-

94 1516 228 1549 troffen
255 1516 353 1548 habt.
380 1533 424 1538 -
448 1525 519 1547 non
542 1514 620 1547 sine
644 1525 765 1558 causa,
790 1514 868 1548 also
894 1514 1125 1558 hinlanglich
1150 1516 1447 1561 gerechtfertigt.
1486 1519 1540 1553 Es

94 1561 192 1596 wird
224 1561 302 1594 sich
336 1561 425 1594 aber
460 1560 497 1593 in
531 1559 598 1593 der
628 1560 748 1603 Folge
779 1560 846 1593 der
885 1561 1014 1594 wahre
1047 1561 1178 1595 Grund
1211 1563 1448 1608 offenbaren,
1481 1576 1543 1600 um

94 1606 373 1641 dessentwillen
409 1606 477 1639 der
509 1604 623 1639 Senat
657 1606 750 1639 oder
781 1606 964 1640 vielmehr
1000 1608 1222 1651 Pompeius,
1260 1608 1327 1642 der
1361 1610 1451 1644 ietzt
1477 1612 1542 1645 die

93 1654 207 1688 Seele
230 1653 425 1687 desselben
450 1662 540 1695 war,
566 1652 645 1685 sich
670 1653 731 1685 die
751 1653 961 1696 Erhaltung
986 1653 1108 1687 dieses
1134 1654 1372 1689 dienstbaren
1393 1657 1540 1701 Klinigs

95 1710 137 1733 so
163 1700 249 1733 sehr
273 1699 477 1743 angelegen
511 1698 591 1731 sein
615 1697 715 1732 liess.
741 1717 786 1722 ——
817 1699 981 1741 salutem,
1008 1701 1321 1745 diligentiamque.
1372 1701 1435 1737 Sic
1461 1704 1539 1737 Md.

94 1745 184 1780 Bas.
212 1746 289 1779 Erf.
316 1746 412 1779 Crat.
439 1744 543 1780 vict.
573 1746 605 1777 1.
631 1744 664 1778 2.
699 1755 825 1778 curam
855 1744 1158 1791 diligentiamque
1181 1748 1221 1781 in
1252 1748 1330 1783 eius
1354 1760 1418 1782 vos
1441 1751 1542 1784 salu-

95 1796 167 1826 tem
191 1792 284 1826 Cett.
310 1791 389 1825 sine
414 1790 646 1824 necessitate.
676 1790 871 1824 ORELLI.

186 1839 219 1871 l.
245 1838 285 1871 in
309 1849 378 1881 qua
403 1837 525 1869 omnia
549 1839 641 1869 cont.
669 1836 790 1870 worin
809 1836 869 1869 ich
884 1837 958 1871 Dir
973 1849 1044 1871 von
1066 1839 1189 1872 Allem
1210 1839 1413 1875 Nachricht
1433 1843 1543 1885 gebe.

96 1882 211 1917 Diess
237 1883 286 1917 ist
309 1884 410 1918 wohl
437 1883 503 1916 der
528 1882 566 1916 in
593 1893 649 1925 ep.
677 1882 823 1926 CCLII,
848 1885 880 1916 l.
909 1885 1099 1918 erwiihnte
1123 1885 1233 1918 Brief
1253 1897 1336 1920 vom
1361 1888 1417 1922 22.
1435 1888 1541 1933 Sept.

96 1945 143 1954 -·
166 1930 288 1973 Appii.
361 1929 401 1963 S.
450 1940 508 1972 ep.
544 1928 715 1962 CCXIII.
758 1947 803 1952 —
841 1940 875 1962 α.
911 1931 945 1964 d.
978 1943 1034 1965 xt.
1066 1930 1156 1964 Kal.
1195 1932 1361 1973 Octobr„
1393 1945 1449 1967 am
1482 1936 1540 1970 21.

99 1974 331 2019 September.
365 1994 407 1999 -—
443 1975 560 2008 Roma
591 1974 759 2007 celeriter
790 1974 1000 2010 adveniens.
1036 1995 1078 2000 —
1119 1977 1182 2010 hui
1222 1981 1296 2011 tam
1327 1980 1457 2022 longe!
1495 1981 1543 2014 ah

99 2022 231 2055 welch'
256 2021 339 2055 eine
364 2021 618 2063 Entfernung!
666 2020 735 2054 Est
765 2020 977 2055 interiectio
1012 2022 1278 2058 admirationis.
1328 2024 1365 2060 S.
1390 2027 1542 2062 Ramsh.

98 2068 127 2111 §.
153 2069 208 2102 76.
236 2087 273 2092 -
298 2069 356 2102 Ex
381 2067 507 2110 quibus
529 2079 576 2099 :z
601 2065 739 2099 diesem
762 2067 891 2101 Briefe
915 2069 1075 2111 gemiiss,
1102 2070 1261 2113 zusolge.
1288 2090 1330 2096 -—
1355 2074 1544 2118 Arimino,

99 2113 146 2146 ab
172 2114 351 2147 exercitu.
378 2113 416 2147 S.
444 2124 502 2157 ep.
527 2112 682 2153 VIII‚4.
710 2112 756 2145 ad
773 2112 857 2147 Div.
885 2115 1093 2158 (CCV1,4.)
1123 2135 1160 2140 -—
1187 2120 1220 2148 et
1244 2118 1332 2161 iam,
1356 2119 1430 2152 und
1456 2130 1544 2164 nun,

101 2158 141 2192 in
167 2159 302 2192 diesem
327 2158 595 2202 Augenblicke.
620 2158 674 2191 ita
699 2159 786 2191 iam.
811 2159 937 2194 Lamb.
963 2180 1007 2185 —
1039 2161 1220 2194 sollicitus
1244 2163 1290 2196 de
1315 2175 1356 2197 re
1381 2166 1546 2209 publica,

102 2215 235 2247 wegen
258 2205 324 2238 der
350 2204 588 2239 offentlicben
612 2205 966 2248 Angelegenheiten.
992 2226 1036 2231 —
1060 2207 1115 2241 De
1130 2209 1301 2242 Atiliano
1326 2212 1481 2254 nomine,
1506 2212 1544 2245 in

103 2250 251 2285 Betreff
276 2251 342 2284 der
373 2250 644 2285 Atilianischen
677 2250 1123 2296 Schuldverschreibung.
1173 2254 1226 2287 Ist
1260 2255 1343 2289 hier
1375 2257 1442 2291 der
1466 2258 1545 2291 Ro-

105 2296 245 2329 mische
274 2297 418 2339 Rffler,
453 2297 520 2330 der
552 2296 597 2329 ad
627 2296 778 2330 Divers.
815 2299 932 2341 XIII,
958 2299 1013 2333 62.
1054 2300 1222 2333 erwahnt
1245 2302 1354 2345 wird,
1387 2303 1478 2336 oder
1504 2303 1543 2338 S.

105 2341 244 2376 Atilius
269 2343 452 2377 Gavianus
479 2345 521 2384 (s.
550 2343 596 2376 ad
617 2342 731 2377 Attic.
758 2344 826 2387 IV,
851 2345 900 2386 2.)
926 2345 1109 2387 gemeintZ
1134 2346 1226 2380 oder
1250 2348 1344 2382 VVer
1368 2351 1544 2383 30115ῑέ-

105 2387 292 2423 ΡΙιίΙοίίηι.
320 2399 346 2422 s.
374 2401 429 2432 ep.
456 2388 591 2431 CCIII,
616 2388 649 2421 2.
676 2408 717 2412 —
743 2401 786 2423 ne
811 2391 1010 2434 appellaret
1035 2393 1250 2432 Messalam,
1277 2405 1317 2427 er
1340 2397 1448 2438 moge
1474 2396 1546 2430 den

105 2434 266 2468 Messala
291 2434 391 2467 nicht
415 2434 569 2467 treiben.
617 2433 755 2468 Dieser
779 2437 923 2470 scheint
947 2437 1026 2471 sich
1049 2439 1108 2471 sur
1131 2438 1271 2472 Atilius
1294 2441 1474 2484 verburgt
1499 2453 1547 2475 zu

106 2480 238 2513 haben.
288 2480 341 2513 Ist
380 2479 460 2513 hier
485 2480 536 2513 M.
560 2480 736 2515 Valerius
774 2483 936 2516 Messala
967 2483 1034 2516 der
1059 2485 1197 2517 Consul
1232 2496 1315 2518 vom
1340 2487 1449 2520 Ialn·e
1481 2490 1547 2522 701

107 2526 176 2561 od.
202 2527 252 2559 M.
280 2526 368 2562 Val.
394 2526 566 2569 Messala,
590 2526 656 2559 der
682 2527 821 2562 Consul
847 2529 911 2562 des
937 2529 1042 2562 Iahrs
1066 2531 1132 2564 693
1159 2533 1200 2573 (s.
1227 2531 1272 2564 ad
1297 2532 1409 2566 Amic.
1436 2535 1470 2576 1,
1489 2535 1545 2568 12.

108 2574 162 2606 13.
190 2572 262 2614 lv,
288 2574 317 2606 1.
345 2572 389 2605 ad
414 2572 457 2606 Q.
482 2572 601 2605 Fratr.
627 2574 658 2614 l,
684 2575 733 2615 3.)
760 2585 806 2608 zu
830 2575 1052 2609 verstehenZ
1085 2577 1281 2619 appellare,
1306 2577 1352 2611 de
1376 2581 1545 2622 pecunia,

108 2617 304 2670 lemanden
332 2629 388 2651 um
414 2617 474 2650 die
498 2618 715 2670 Bezahlnng
738 2622 981 2666 ansprechen,
1006 2621 1177 2665 mahnen5
1202 2622 1277 2657 wie
1302 2623 1469 2672 Philipp.
1496 2628 1547 2671 ΙΙ,

106 2664 162 2699 29.
188 2664 311 2700 Qumt.
338 2667 393 2699 11.
421 2663 475 2697 12.
503 2663 549 2697 ad
572 2666 685 2699 Atuc.
710 2667 742 2710 l,
767 2668 800 2703 8.
