1795 3043
420 29 425 35 ¹
479 65 798 112 EPISTOLA
835 65 1143 112 ccccxxn.
1450 72 1551 120 515

86 177 258 230 fecisse,
289 177 341 219 ab
364 189 428 229 eo,
457 178 528 218 cui
546 178 628 218 iam
660 176 856 218 satisfieri
887 179 1005 219 nullo
1027 175 1151 219 modo
1171 178 1338 231 potest?
1386 179 1550 220 Deinde
1574 183 1601 223 3

85 236 338 276 sententiam
359 247 492 275 meam
523 238 567 274 tu
598 236 799 275 facillime
824 236 1066 286 perspicere
1089 237 1264 287 potuisti
1292 237 1374 277 iam
1402 237 1454 276 ab
1474 237 1550 277 illo

88 296 299 344 tempore,
353 304 483 342 quum
522 293 566 332 in
609 292 838 331 Cumanum
882 293 986 331 mini
1030 292 1194 333 obviam
1235 294 1398 335 venisti.
1457 293 1551 333 Non

89 351 199 388 enim
239 351 280 388 te
311 350 446 389 celavi
488 361 718 388 sermonem
749 349 797 389 T.
828 347 996 399 Ampii:
1039 350 1205 399 vidisti,
1247 363 1371 401 quam
1402 350 1553 390 abhor-

85 417 225 445 rerem
265 405 317 445 ab
358 406 462 445 urbe
501 405 791 456 relinquenda.
852 406 986 453 Quum
1026 406 1257 458 audissem,
1304 419 1443 457 nonne
1473 407 1553 446 tibi

86 462 297 502 affirmavi
338 462 502 513 quidvis
541 474 605 501 me
643 463 782 513 potius
826 474 1145 514 perpessurum,
1194 476 1316 515 quam
1347 477 1398 504 ex
1428 464 1553 504 ltalia

86 519 140 559 ad
181 518 339 558 bellum
379 519 506 558 civile
545 530 610 558 me
653 520 896 559 exiturum?
968 519 1075 567 Quid
1116 532 1214 572 ergo
1255 521 1435 572 accidit,
1475 533 1552 561 cur

89 576 311 615 consilium
342 575 579 616 mutarem?
637 575 786 615 Nonne
814 576 956 615 omnia
987 577 1149 628 potius,
1193 579 1240 617 ut
1268 578 1310 618 in
1345 579 1553 618 sententia

6 679 7 687 ἵ
59 631 410 685 Ῥθτηιᾶηεῐεηῑὲ
471 632 625 672 Credas
654 633 735 672 hoc
767 634 873 672 mihi
903 633 1052 679 velim,
1085 634 1198 684 quod
1218 636 1318 687 puto
1349 637 1391 675 te
1411 635 1553 674 existi-

6 689 7 704 *
87 701 229 741 mare,
267 701 333 728 me
363 702 414 729 ex
445 689 511 729 his
539 690 720 729 miseriis
749 691 858 730 nihil
889 690 1004 729 aliud
1036 702 1260 743 quaerere,
1291 692 1373 732 nisi
1403 694 1449 731 ut
1479 692 1552 732 ho-

88 746 222 787 mines
252 746 477 797 aliquando
508 747 748 798 intelligant
778 759 843 786 me
873 747 980 787 nihil
1010 748 1204 788 maluisse
1236 761 1359 800 quam
1380 761 1551 800 pacem:

89 815 138 842 ea
169 803 413 854 desperata,
454 803 563 842 nihil
594 805 678 843 tam
707 804 863 855 fugisse
894 817 1019 855 quam
1050 817 1167 845 arma
1198 806 1355 846 civilia.
1414 806 1551 846 Huius

87 871 156 900 me
185 860 449 900 constantiae
489 862 591 911 puto
631 863 721 900 fore
761 863 807 900 ut
844 874 1056 911 nunquam
1096 864 1323 914 poeniteat.
1383 864 1553 903 Etenim

90 917 263 956 memini
291 918 335 957 in
365 917 446 956 hoc
477 929 630 969 genere
668 917 843 969 gloriari
873 919 1042 965 solitum
1073 931 1161 959 esse
1197 920 1450 960 familiarem
1480 933 1554 960 no-

88 976 242 1025 strum,
289 975 336 1021 Q.
374 973 673 1023 Hortensium,
725 974 835 1025 quod
874 988 1088 1025 nunquam
1124 976 1236 1015 bello
1267 977 1386 1016 civili
1423 977 1553 1017 inter·

88 1030 247 1071 fuisset.
305 1030 399 1070 Hoc
443 1033 585 1070 nostra
623 1032 714 1070 laus
755 1032 836 1070 erit
875 1032 1107 1080 illustrior,
1157 1033 1363 1083 quod-illi
1393 1034 1554 1074 tribue-

90 1086 216 1127 batur
256 1087 467 1139 ignaviae:
512 1087 562 1126 de
591 1087 713 1127 nobis
752 1087 795 1126 id
826 1088 1056 1141 existimari
1085 1101 1208 1139 posse
1237 1102 1319 1129 non
1353 1089 1551 1132 arbitror.

88 1143 179 1184 Nec
210 1155 277 1183 me
305 1143 389 1192 ista
418 1144 601 1195 terrent,
635 1156 741 1195 quae
771 1144 876 1184 mihi
908 1159 932 1184 a
950 1147 991 1184 te
1021 1145 1073 1184 ad
1093 1146 1285 1193 timorem
1309 1146 1552 1188 fidelissime
1575 1148 1601 1187 4

89 1202 219 1251 atque
249 1199 531 1240 amantissime
559 1203 867 1252 proponuntur.
928 1201 1057 1241 Nulla
1086 1205 1149 1241 est
1186 1204 1299 1242 enim
1328 1204 1552 1253 acerbitas,

92 1269 204 1308 quae
233 1269 317 1296 non
348 1257 541 1296 omnibus
570 1258 651 1297 hac
683 1257 798 1297 orbis
819 1259 1027 1297 terrarum
1056 1259 1374 1309 perturbatione
1398 1261 1556 1313 impen-

93 1314 196 1354 dere
218 1314 429 1353 videatur:
463 1325 591 1364 quam
620 1314 786 1364 quidem
817 1326 891 1366 ego
922 1329 946 1354 a
976 1327 1022 1354 re
1043 1315 1215 1366 publica
1245 1318 1347 1356 meis
1378 1319 1556 1369 privatis

93 1372 136 1410 et
166 1370 406 1410 domesticis
435 1370 710 1410 incommodis
740 1370 1021 1411 libentissime
1058 1373 1126 1412 vel
1157 1372 1247 1413 istis
1276 1374 1403 1425 ipsis,
1446 1387 1556 1426 quae

92 1430 139 1467 tu
179 1440 245 1467 me
275 1439 420 1467 mones
462 1429 509 1466 ut.
539 1440 730 1479 caveam,
780 1428 1062 1468 redemissem.
1123 1430 1234 1469 Filio
1264 1443 1380 1483 meo,
1431 1434 1607 1483 quem5

91 1564 168 1596 quo
195 1552 362 1586 standum
387 1552 477 1586 mihi
495 1558 592 1587 esset
618 1553 663 1585 ab
681 1564 724 1585 eo
752 1553 811 1585 vel
837 1553 881 1586 ab
899 1553 979 1586 eius
998 1553 1186 1597 partibus,
1214 1566 1345 1599 nempe
1360 1556 1557 1601 Pompeio,
1591 1592 1599 1595 ,

92 1598 190 1642 apud
218 1610 325 1641 quem
352 1605 469 1632 tamen
496 1599 679 1632 veniendo
706 1599 844 1631 nnllam
871 1599 1025 1641 gratiam
1052 1599 1174 1642 inibo,
1202 1601 1289 1644 quia
1312 1601 1433 1636 serius
1459 1603 1556 1637 veni.

97 1644 316 1679 GRONOV.
351 1655 410 1689 ap.
438 1645 575 1678 Graev.
612 1651 648 1678 et
673 1645 769 1679 Rost
799 1645 900 1689 Spec.
923 1647 961 1689 1,
988 1657 1022 1690 p.
1043 1647 1083 1681 9.‘
1125 1647 1202 1681 Zur
1236 1647 1356 1682 Sache
1389 1649 1465 1692 vgl.
1497 1660 1558 1694 ep.

93 1691 362 1734 CCCLXVII,
387 1691 409 1724 2
440 1691 477 1725 in
502 1691 598 1724 med.

182 1749 215 1782 3.
249 1748 288 1781 z'n
315 1748 515 1782 Cumanum
541 1747 632 1781 mihi
664 1759 685 1781 e
717 1747 851 1783 Cilicia
881 1748 1068 1783 redeunti.
1103 1767 1148 1774 —-
1199 1750 1238 1784 T.
1271 1752 1402 1795 Ampz'i
1432 1752 1560 1796 Balbi,

92 1793 140 1828 ad
165 1805 273 1837 quem
299 1794 432 1827 scribit
456 1795 540 1828 Lib.
556 1794 632 1837 Vl,
660 1805 716 1838 ep.
734 1795 777 1828 12
812 1795 908 1827 haud
935 1795 1048 1829 dubie
1072 1794 1251 1829 minacem
1278 1804 1313 1831 et
1339 1798 1562 1833 immodera-

93 1846 171 1873 tum
204 1840 250 1873 de
286 1840 386 1873 bello
422 1841 552 1884 utique
586 1841 763 1884 gerendo.
813 1841 920 1874 Unde
947 1841 1161 1875 Caesariani
1196 1842 1290 1876 hunc
1316 1844 1360 1877 T.
1388 1845 1561 1889 Ampium

94 1886 219 1920 tubam
252 1886 343 1919 belli
377 1885 500 1920 civilis
536 1892 621 1930 post
652 1886 843 1921 victoriam
878 1888 1130 1931 appellabant.
1165 1888 1384 1924 GRONOV.
1433 1892 1562 1925 Ueber

96 1932 228 1966 diesen
253 1932 518 1976 Pompeianer,
544 1934 610 1968 691
639 1933 743 1966 Trib.
771 1933 898 1976 Pleb.,
924 1935 990 1968 696
1015 1934 1174 1976 Prator,
1201 1945 1230 1968 s.
1259 1936 1304 1969 ad
1322 1936 1446 1971 Quint.
1460 1938 1561 1971 Frtr.

96 1978 135 2021 Ι,
161 1979 193 2013 3.
235 1978 280 2011 ad
306 1978 437 2013 Famil.
465 1979 503 2021 Ι,
529 1980 560 2012 3.
605 1979 679 2019 VI,
706 1980 749 2013 12
775 1980 858 2022 (514
884 1980 919 2013 h.
947 1980 1022 2021 ed.)
1056 1980 1172 2022 VIII,
1200 1982 1255 2013 11.
1289 1982 1409 2025 XIII,
1435 1985 1491 2017 70.
1517 2001 1561 2008 —

96 2025 146 2058 ad
165 2024 244 2058 urb.
270 2025 422 2068 relinq.‚
448 2035 524 2058 was
538 2025 742 2069 Pompeius
769 2026 907 2059 damals
935 2026 1048 2060 sehon
1066 2026 1230 2060 VVillens
1254 2038 1340 2061 war.
1368 2046 1412 2053 -
1447 2030 1563 2064 Quum

94 2071 278 2104 audissem
311 2071 392 2104 scil.
431 2071 501 2104 hoc
526 2071 660 2104 factum
688 2082 770 2105 esse
795 2082 816 2105 a
840 2072 1022 2117 Pompeio
1048 2072 1260 2116 ceterisque
1287 2074 1366 2108 eius
1393 2075 1561 2110 asseclis.

98 2116 190 2159 „Sic
215 2117 292 2150 Md.
319 2116 453 2150 GraeV.
481 2117 571 2150 Ern.
597 2117 737 2151 Bencd.
772 2118 873 2152 Quod
897 2129 1002 2162 quum
1022 2118 1203 2151 audissem
1228 2119 1316 2154 Ald.
1344 2120 1444 2156 Vict.
1478 2124 1507 2156 l.
1526 2122 1571 2161 2,

96 2163 227 2198 Lamb.
264 2163 498 2206 Mart.-Lag.
533 2162 619 2198 Sch.
658 2164 752 2197 Liin.
804 2163 879 2198 Sed
907 2164 997 2206 quid
1023 2165 1169 2198 tandem
1195 2170 1282 2199 tunc
1307 2167 1476 2201 audierat
1500 2167 1565 2202 Ci-

98 2209 209 2243 ceroZ
253 2209 392 2243 Malum
424 2216 481 2243 est
507 2210 816 2254 supplementum.
865 2210 1017 2244 Fuitne:
1053 2221 1159 2254 quum
1184 2212 1366 2255 audisses,
1399 2210 1459 2246 vel
1485 2225 1566 2247 eum

98 2256 337 2299 (sermonem)
364 2266 469 2299 quum
495 2257 685 2290 audisses?
732 2255 859 2290 Facile
884 2267 963 2289 eum
988 2256 1164 2290 excidere
1190 2265 1336 2301 poterat
1361 2264 1446 2292 ante
1470 2271 1563 2293 cum.

102 2301 319 2335 ORELL1.”
344 2321 360 2328 -
394 2302 516 2335 omnia
538 2304 663 2346 potius
688 2302 740 2336 ita
763 2301 997 2345 acciderunt,
1030 2307 1068 2335 ut
1093 2303 1235 2346 (Lamb.
1264 2306 1356 2346 cur).
1382 2324 1427 2329 —
1471 2306 1568 2349 quod

98 2347 164 2381 illi
194 2347 249 2388 (in
273 2347 340 2380 illo
366 2348 455 2381 Ern.
484 2350 604 2392 susp.)
638 2349 720 2383 trib.
746 2349 941 2391 ignaviae,
981 2349 1070 2383 weil
1104 2360 1143 2383 es
1168 2349 1291 2383 ienem
1318 2361 1385 2383 zur
1412 2351 1567 2387 Gleieh-

97 2393 304 2437 giiltigkeit
331 2393 444 2427 oder
469 2395 522 2428 als
548 2396 656 2438 Hang
682 2405 749 2428 zur
777 2395 1034 2439 Unthfitigkeit
1058 2396 1254 2439 ausgelegt
1277 2396 1419 2431 wurde.

191 2450 225 2484 4.
261 2450 477 2492 fidelissime.
529 2451 592 2487 cfr.
619 2452 700 2487 Lib.
716 2452 750 2486 2.
783 2453 849 2496 Ep.
872 2453 905 2486 1.
939 2453 968 2496 §.
991 2452 1023 2486 2.
1055 2452 1280 2495 fidelissimis
1312 2457 1417 2498 atque
1441 2464 1569 2489 aman-

100 2495 257 2529 tissimis
289 2497 476 2540 consiliis,
516 2508 579 2531 aus
613 2498 682 2532 der
716 2498 944 2532 redlichsten
979 2498 1053 2531 und
1086 2498 1374 2533 liebevollesten
1397 2500 1568 2535 Absichr.

101 2559 146 2567 --
179 2542 227 2575 ad
252 2542 443 2585 timorem,
477 2553 535 2576 um
561 2543 658 2577 mich
684 2545 804 2589 hange
830 2555 875 2578 zu
902 2544 1066 2578 macheu.
1108 2563 1150 2569 —-
1199 2555 1305 2587 quam
1330 2546 1474 2590 quidem
1500 2571 1509 2580 .
1528 2572 1536 2580 .
1558 2571 1568 2580 .

102 2588 355 2631 redemissent,
382 2589 443 2622 die
468 2588 528 2623 ich
554 2590 782 2633 wenigstens
808 2601 923 2634 gerne
948 2590 1015 2624 mit
1032 2590 1295 2634 Aufopserung
1318 2592 1461 2626 meines
1480 2598 1570 2638 perh

101 2633 296 2668 sonlichen
323 2634 397 2667 und
423 2634 639 2670 hiiuslichen
665 2637 955 2679 Wohlstandes,
982 2636 1017 2669 ia
1033 2636 1152 2670 selbst
1177 2636 1244 2670 mit
1261 2637 1344 2670 dem
1364 2639 1568 2681 Aergsten‚

30 2710 31 2721 ,
103 2689 181 2714 was
206 2680 269 2760 DX
294 2680 392 2760 ilai-ch
417 2690 464 2715 zu
489 2681 668 2718 verhiiten
694 2683 902 2726 ermahnst,
928 2681 1130 2727 abgekaust
1155 2681 1229 2716 und
1256 2692 1340 2718 vom
1355 2681 1481 2719 Staate
1505 2685 1571 2719 ab·
1602 2729 1605 2731 ,

72 2763 76 2765 ‚
103 2736 234 2768 gewan
266 2732 278 2762 t
327 2732 415 2761 atie.
1526 2742 1530 2745 Α

1178 2788 1232 2827 33
1246 2785 1268 2834 *.
