1795 3043
593 84 909 132 EPISTOLA
951 83 1171 153 chxv.
1504 90 1604 138 241

129 211 280 254 spero,
324 199 524 242 civitatis.
583 197 648 238 De
678 195 953 238 mercenariis
981 198 1160 239 testibus
1189 209 1214 238 a
1243 195 1329 238 suis
1358 195 1602 239 civitatibus

129 258 345 310 notandis,
384 259 468 299 nisi
508 255 592 297 iam
629 256 790 297 factum
818 253 980 306 aliquid
1010 257 1073 295 est
1101 267 1179 308 per
1206 255 1431 305 Flaccum,
1470 253 1544 296 fiet
1574 269 1599 296 3

128 328 218 363 1110,
258 328 387 367 quum
417 326 495 368 per
522 311 674 369 Asiani
705 311 918 353 decedam.
972 310 1096 353 Nunc
1135 312 1187 353 ad
1227 313 1404 352 alteram
1445 313 1597 365 episto·
1619 310 1656 350 4

126 374 214 413 13111
243 373 380 414 venio.
438 370 557 420 Quod
586 369 639 410 ad
669 382 736 410 me
767 369 887 421 quasi
917 369 1098 409 sormam
1125 370 1411 410 communium
1438 371 1597 422 tempo·

127 442 223 470 rum
253 432 296 470 et
323 430 451 470 totius
481 428 544 469 rei
572 427 773 480 publicae
801 426 953 466 misisti
992 438 1255 479 expressam,
1293 427 1518 478 prudentia
1546 427 1598 468 li·

127 488 317 527 terarum
346 488 512 527 tuarum
538 483 663 525 valde
692 484 798 525 mihi
827 486 891 524 est
920 485 1053 536 grata.
1123 483 1254 523 Video
1294 485 1406 525 enim
1443 486 1486 526 et
1524 496 1597 537 pe-

126 544 265 585 ricula
294 544 474 590 leviora,
508 553 635 594 quam
665 540 884 591 timebam,
916 542 958 580 et
988 540 1151 581 maiora
1179 541 1410 593 praesidia,
1441 542 1477 582 si
1505 542 1597 594 qui-

127 601 247 650 dem,
287 602 336 641 ut
373 599 544 650 scribis,
585 611 730 639 omnes
759 597 872 639 vires
901 597 1087 638 civitatis
1124 610 1169 638 se
1208 597 1260 638 ad
1289 598 1484 650 Pompeii
1521 599 1597 640 du-

127 660 240 699 ctum
276 657 619 710 applicaverunt:
660 658 864 707 tuumque
892 655 1018 696 simul
1046 656 1289 707 promptum
1328 656 1515 697 animum
1553 657 1598 697 01

126 717 314 755 alacrem
343 714 540 767 perspexi
571 713 623 753 ad
653 711 955 753 defendendam
985 725 1075 753 rem
1104 712 1321 764 publicam
1353 713 1596 754 mirificam-

127 784 209 823 que
240 771 335 824 cepi
364 772 625 823 voluptatem
655 783 707 811 ex
736 771 816 810 1130
841 770 915 809 1113
940 769 1174 823 diligentia,
1204 769 1316 821 quod
1345 769 1391 809 111
1420 771 1596 811 summis

125 830 208 868 tuis
238 828 589 879 occupationibus
618 827 725 868 1111111
755 828 895 867 tamen
925 827 988 867 rei
1016 826 1217 879 publicae
1250 827 1405 867 statum
1444 840 1523 880 per
1551 829 1595 868 10

124 888 270 926 1111111111
309 897 399 925 0550
439 885 629 926 voluisti.
699 884 808 925 Nam
850 885 1074 936 augurales
1109 882 1245 924 libros
1282 884 1335 924 ad
1374 896 1596 926 commune

124 943 346 994 utriusque
375 945 568 983 nostrum
598 942 730 982 otium
758 954 900 982 serva:
940 953 1015 994 ego
1053 941 1192 989 enim,
1234 955 1260 981 a
1288 943 1331 981 te
1361 954 1491 993 quum
1521 944 1596 984 tua

123 1001 331 1053 promissa
363 1012 438 1052 per
467 1001 613 1040 literas
642 998 904 1051 flagitabam,
943 998 997 1038 ad
1036 997 1184 1038 urbem
1225 999 1268 1037 te
1296 999 1596 1040 otiosissimum

125 1069 216 1097 esse
247 1057 496 1097 arbitrabar.
554 1057 679 1097 Nunc
710 1059 874 1107 tamen,
918 1055 967 1095 ut
999 1055 1092 1107 ipse
1128 1055 1370 1108 polliceris,
1414 1068 1494 1109 pro
1523 1070 1596 1098 au·

123 1114 342 1167 guralibus
370 1113 495 1154 libris
524 1114 739 1154 orationes
775 1113 869 1152 tuas
906 1113 1121 1153 confectas
1150 1124 1293 1153 omnes
1324 1113 1592 1165 exspectabo.

121 1172 312 1219 Tullius,
355 1171 424 1211 cui
463 1171 658 1212 mandata
698 1169 751 1211 ad
788 1182 853 1209 me
883 1169 1060 1218 dedisti,
1103 1182 1187 1210 non
1218 1172 1475 1211 convenerat
1502 1179 1646 1224 mez5

122 1240 202 1268 nec
233 1229 323 1268 erat
353 1228 436 1269 iam
465 1230 686 1280 quisquam
715 1239 880 1268 mecum
908 1229 1077 1267 tuorum
1106 1228 1277 1279 praeter
1303 1240 1446 1268 omnes
1465 1241 1595 1279 meos,

122 1286 197 1337 qui
226 1287 323 1324 sunt
353 1298 496 1325 omnes
525 1286 603 1325 tui.
662 1284 1023 1325 Stomachosiores
1061 1297 1174 1324 meas
1210 1285 1357 1325 literas
1392 1298 1496 1337 quas
1535 1286 1596 1326 di-

125 1355 196 1382 cas
227 1354 334 1394 esse,
370 1354 454 1381 11011
485 1342 692 1394 intelligo.
751 1340 823 1381 Bis
853 1340 905 1380 ad
934 1342 976 1380 te
1006 1340 1183 1394 scripsi,
1221 1353 1287 1382 me
1317 1355 1503 1395 purgans
1533 1342 1596 1383 di-

118 1484 226 1521 brevi
253 1511 260 1519 .
283 1511 290 1519 .
322 1483 486 1517 civitatis
524 1481 706 1526 principis
739 1481 764 1515 i.
791 1492 824 1517 0.
859 1480 1023 1515 consulis
1057 1481 1185 1516 futuri.
1205 1497 1250 1507 -·-
1296 1484 1340 1517 de
1369 1495 1480 1520 merc.
1515 1485 1600 1530 qui-

122 1531 295 1568 mercede
321 1529 495 1564 conducti
522 1528 703 1572 (erkaust)
731 1539 779 1561 ex
803 1527 895 1561 Asia
919 1528 1074 1562 Romam
1099 1528 1266 1572 iverant,
1302 1536 1342 1564 ut
1367 1531 1404 1565 in
1429 1532 1594 1584 Appium

123 1577 374 1613 testimonium
409 1576 586 1609 dicerent.
619 1574 828 1608 MANUT.
853 1593 896 1598 —
934 1575 1105 1608 notandis
1136 1574 1306 1619 infamia,
1342 1578 1595 1622 psephismate

124 1625 186 1659 vel
213 1624 272 1659 Sc.
292 1629 354 1657 aut
373 1623 525 1656 decreto
548 1621 723 1654 civitatis.
748 1620 848 1656 Vide
873 1631 930 1654 me
947 1621 992 1654 ad
1012 1621 1344 1659 Liv.XXV11‚25.
1372 1624 1592 1660 GRONOV.

125 1682 148 1705 α
173 1671 294 1712 civit„
333 1680 405 1702 von
442 1668 550 1701 ihren
578 1667 921 1711 Ortsobrigkeiten.
941 1685 986 1692 —-
1024 1667 1100 1701 nisi
1128 1668 1206 1701 iam
1240 1670 1378 1711 factum.
1408 1675 1481 1714 est,
1513 1683 1599 1706 wo·

125 1719 205 1752 sern
231 1716 392 1750 daruber
417 1714 513 1747 noch
528 1714 660 1748 Nichts
684 1714 834 1757 vei‘liigt
860 1713 917 1748 ist.
934 1731 979 1738 —-
1007 1725 1076 1757 per
1089 1715 1279 1755 Flaccum,
1305 1716 1376 1750 den
1396 1715 1501 1751 Sohn
1526 1718 1595 1754 des

123 1764 167 1798 L.
195 1762 371 1797 Valerius
403 1762 578 1803 flaccus,
620 1760 687 1793 der
725 1760 763 1794 in
800 1761 872 1793 den
907 1760 1042 1794 Iahren
1068 1761 1135 1795 692
1156 1763 1282 1796 —694
1311 1763 1522 1808 Proprator
1554 1764 1593 1800 in

124 1809 238 1845 Asicn
265 1819 439 1853 gewesen
466 1807 514 1840 151
540 1807 613 1840 und
631 1806 698 1841 695
723 1818 796 1840 von
811 1806 945 1840 Cicero
971 1816 1091 1851 gegen
1118 1806 1202 1841 eine
1217 1808 1390 1854 Anklage
1409 1821 1480 1843 von
1497 1811 1592 1845 Dee.

124 1855 275 1890 Laelius
300 1855 337 1888 in
364 1855 431 1887 der
455 1853 552 1886 noch
576 1853 840 1886 vorhandenen
857 1852 963 1886 Rede
986 1853 1215 1898 vertheidigt
1229 1855 1345 1891 ward.
1377 1856 1461 1890 Der
1479 1856 1594 1902 iunge

123 1902 298 1943 Flaccus,
328 1899 575 1933 vermuthlich
600 1899 718 1932 Einer
743 1910 815 1933 von
844 1899 1009 1934 Cicero’s
1035 1900 1218 1944 Gesolge,
1246 1912 1328 1935 war
1350 1913 1425 1936 von
1450 1902 1592 1938 diesem

125 1949 218 1982 nach
243 1947 315 1981 den
332 1947 493 1980 Oertern
517 1945 585 1979 der
610 1945 802 1979 erkausten
820 1944 971 1989 Zeugen
996 1946 1206 1991 geschickt,
1231 1947 1347 1982 damit
1371 1960 1413 1983 er
1436 1949 1493 1985 sie
1519 1960 1592 1985 von

125 1994 231 2029 ihren
257 1992 586 2036 Ortsobrigkeiten
611 1992 798 2026 bestrat'en
824 1992 946 2027 liesse.
1187 2012 1189 2014 -

214 2052 247 2086 4.
286 2052 443 2094 formam
474 2060 601 2083 comm.
636 2053 741 2093 temp.
769 2075 776 2082 .
795 2075 802 2082 .
831 2059 954 2093 emptu,
992 2049 1077 2084 eine
1109 2061 1182 2085 von
1214 2062 1372 2087 unserer
1403 2053 1498 2088 aller
1527 2064 1595 2098 ge-

125 2097 347 2132 meinsamen
371 2097 475 2140 Lage
507 2096 738 2130 entworfene
763 2095 913 2130 Skizze.
957 2096 1047 2140 Vgl.
1070 2108 1129 2142 ep.
1152 2095 1403 2141 CCLXIVA.
1420 2119 1465 2125 —-
1502 2111 1593 2145 pru-

126 2145 267 2186 dentia,
300 2144 368 2177 der
392 2143 491 2176 helle
515 2142 647 2185 Blick,
685 2142 752 2176 der
777 2152 841 2175 aus
866 2141 1025 2176 Deinem
1049 2143 1179 2177 Bricse
1204 2144 1522 2181 hervorleuchtet.
1547 2165 1593 2173 --

127 2195 160 2224 et
183 2191 327 2224 maiora
354 2190 564 2234 praesidia,
600 2199 707 2233 quam
732 2189 926 2233 sperabam
961 2195 1023 2222 aut
1055 2191 1248 2234 putabam,
1289 2192 1389 2235 quod
1423 2193 1495 2228 ἀπὸ
1527 2194 1594 2228 τοῦ

126 2239 252 2272 κοινοῦ·
275 2247 324 2269 ex
348 2236 590 2270 antecedente
616 2246 723 2279 quam
748 2236 917 2269 timebam
941 2234 1226 2279 intelligendum
1245 2243 1312 2272 est.
1338 2238 1592 2274 Vid.Ramsh.

86 2294 88 2296 ·
127 2283 157 2326 §.
178 2282 258 2316 205.
277 2284 317 2325 3,
335 2293 367 2316 c.
394 2293 428 2315 u.
451 2282 484 2315 5.
508 2301 552 2306 --
592 2293 660 2326 per
692 2286 745 2324 te,
781 2281 859 2316 Md.
891 2282 1009 2326 perite
1040 2287 1174 2318 notum.
1199 2302 1243 2308 -
1286 2284 1387 2319 Nam
1409 2296 1456 2318 =
1479 2285 1591 2327 doch,

128 2327 309 2371 dagegen.
327 2346 368 2352 --
405 2328 605 2370 augurales
629 2328 762 2370 libros,
795 2328 856 2361 die
888 2328 985 2361 noch
1010 2329 1170 2373 iibrigen
1193 2329 1264 2363 mir
1288 2332 1591 2376 versprochenen

126 2374 277 2409 Biicher
303 2374 393 2407 iiber
417 2374 482 2407 das
497 2375 784 2417 Auguralrecht.
813 2374 850 2408 S.
868 2385 926 2419 ep.
941 2375 1133 2418 CLXXX,
1146 2378 1178 2410 1.
1198 2377 1370 2413 CXCIV.
1385 2377 1590 2412 CCXLIX.

126 2420 341 2455 CCCLXX.
369 2438 412 2443 —
459 2421 685 2462 flagitabam.
727 2420 764 2455 S.
797 2432 856 2465 ep.
883 2421 1093 2464 CCXLIX,
1117 2425 1152 2458 3.
1176 2442 1218 2447 —-
1268 2425 1316 2457 ad
1347 2424 1488 2466 urbem,
1525 2433 1594 2457 vor

126 2467 241 2510 Rom,
269 2477 326 2500 um
353 2465 414 2499 die
440 2466 523 2499 Zeit
547 2466 667 2500 5011105
693 2467 897 2512 Triumphs
923 2468 1183 2511 abzuwarten,
1210 2469 1277 2503 der
1301 2470 1376 2503 ihm
1400 2469 1504 2503 nicht
1528 2481 1595 2513 ge·

126 2513 222 2546 fehlt
254 2513 374 2555 hatte,
408 2523 516 2545 wenn
542 2513 744 2547 Dolabella
767 2513 833 2547 mit
865 2513 988 2547 5011101·
1014 2515 1188 2560 Anklage
1220 2515 1323 2549 nicht
1356 2515 1594 2551 dazwischen

128 2559 345 2603 gekommen
373 2560 484 2592 ware.
532 2559 661 2592 Daher
692 2559 953 2593 otiosissimum
975 2571 1023 2595 =
1047 2572 1142 2606 non,
1176 2567 1216 2596 ut
1244 2567 1377 2607 postea
1402 2561 1595 2606 cognovit,

130 2605 376 2639 accusationis
403 2615 492 2638 cura
517 2604 742 2649 impeditum.
782 2606 991 2641 MANUT.
1024 2608 1112 2643 vid.
1140 2619 1198 2652 ep.
1216 2607 1401 2643 CCXLII.

219 2663 252 2696 5.
290 2663 342 2696 Tu
361 2663 451 2706 lius,
485 2662 590 2695 einer
615 2662 682 2696 der
706 2662 933 2697 Vertrauten
961 2663 1026 2699 des
1051 2665 1217 2709 Appius,
1251 2665 1355 2699 nicht
1379 2665 1448 2700 der
1472 2664 1509 2699 in
1536 2676 1595 2711 ep.

130 2708 344 2743 CCXXXV
389 2710 423 2752 1,
458 2708 734 2751 CLXXXVII,
765 2710 985 2751 CXCVIII,
1018 2711 1114 2745 CCL
1146 2712 1339 2746 erwiihnte
1374 2711 1416 2745 L.
1441 2711 1599 2753 Tullius,

131 2753 198 2787 der
228 2755 347 2798 Legat
380 2757 446 2789 des
479 2755 612 2789 Cicero
645 2765 737 2789 war.
765 2774 808 2780 -—
843 2757 929 2794 Bis,
966 2756 1057 2790 duas
1083 2757 1264 2800 epistolas
1295 2758 1505 2803 significat,
1537 2769 1597 2804 ep.

187 2813 253 2841 Cic.
272 2815 390 2841 Briesa
414 2825 447 2842 v.
471 2815 611 2842 emm-b.
636 2817 678 2843 11.
756 2838 760 2842 .
1240 2820 1295 2858 16
