1795 3043
586 81 899 130 EPISTOLA
944 83 1076 129 CCL.
1471 90 1571 142 179

101 195 310 237 sustinere
338 195 485 248 possit,
517 193 686 246 horre0,
717 195 844 245 atque
875 207 924 235 eo
954 196 1097 249 magis,
1131 195 1245 248 quod
1275 197 1320 238 tu
1351 197 1463 248 abes,
1493 198 1569 250 qui

102 253 306 304 consilio,
338 253 496 306 gratia,
523 252 660 292 studio
692 252 835 292 multis
865 252 991 292 rebus
1020 267 1277 295 occurreres.
1338 255 1421 296 Sed
1450 255 1568 296 dices

100 322 169 350 me
198 310 335 362 ipsum
365 310 468 349 mihi
497 309 826 349 sollicitudinem
856 311 1033 351 struere.
1094 312 1252 364 Cogor:
1284 313 1326 352 et
1348 313 1475 353 velim
1504 314 1567 353 ita

101 368 171 408 sit.
233 367 315 407 Sed
354 367 494 406 onmia
534 368 692 408 metuo.
760 366 853 406 Etsi
892 366 1052 406 bellum
1093 364 1397 417 ἀκροτελεύτιον
1436 370 1566 410 habet

99 425 176 464 illa
205 425 278 464 tua
308 424 508 477 epistola,
541 436 665 474 quam
696 423 846 463 dedisti
875 437 1080 465 nauseans
1098 426 1326 466 Buthroto:
1364 429 1485 476 ,‚tibz·,
1516 434 1566 467 ut

99 483 222 522 video
255 490 295 522 et
323 495 466 533 spero,
495 484 618 520 nulla
647 482 707 521 ad
733 483 1013 522 decedendum
1044 486 1126 522 erit
1156 485 1319 524 mora-'²
1376 484 1564 536 Mallem,

99 546 176 592 „ut
207 539 376 579 video-’⁹
406 538 514 577 nihil
545 550 650 589 opus
680 538 776 585 fuit,
809 546 886 589 „ut
912 541 1075 591 spero?
1132 540 1395 592 Acceperam
1425 545 1564 581 autem
1587 546 1617 586 4

99 596 200 636 satis
231 595 428 636 celeriter
448 595 584 634 Iconii
614 608 690 646 per
718 595 1043 647 publicanorum
1072 596 1317 637 tabellarios
1349 612 1373 638 a
1393 598 1565 639 Lentuli

99 653 314 706 triumpho
345 653 474 693 datas.
523 652 571 692 In
602 653 667 691 his
699 650 974 701 γλυκύπικρον
1002 654 1110 694 illud
1139 654 1375 702 confirmas,
1406 668 1567 696 moram

98 710 204 750 mihi
235 711 392 749 nullam
430 709 540 749 soret
581 709 732 750 deinde
774 710 916 762 addis,
954 710 991 750 si
1031 711 1134 762 quid
1164 725 1308 764 secus,
1344 714 1386 752 te
1418 713 1469 753 ad
1499 724 1566 753 me

97 769 189 807 fore
207 768 443 808 venturum.
473 765 726 820 Anguntme
747 767 1030 808 dubitationes
1060 772 1182 810 tuae:
1211 770 1336 809 simul
1367 771 1408 809 et
1433 770 1565 823 vides,

98 837 201 876 quas
231 823 471 876 acceperim
501 824 658 864 literas.
701 824 808 864 Nam
838 838 942 876 quas
961 826 1180 876 Hermoni,
1212 827 1470 867 centurionis
1491 827 1566 867 Ca-

98 882 257 929 mulae‚
289 881 413 933 [ipse]
449 882 603 921 scribis
634 883 675 921 te
705 882 882 935 dedisse,
911 895 995 922 non
1027 884 1189 935 accepi.
1243 885 1391 925 Laeuii
1421 884 1564 937 pueris

98 939 138 978 te
169 938 331 978 dedisse
360 951 486 990 saepe
518 938 568 978 ad
600 951 665 978 me
696 940 938 992 scripseras.
996 940 1081 980 Eas
1106 941 1338 982 Laodiceae
1368 941 1564 992 denique,

97 1008 225 1048 quum
255 1008 305 1035 eo
335 995 566 1047 venissem,
597 1008 668 1037 111.
690 996 748 1036 Id.
769 997 894 1036 Febr.
933 997 1116 1037 Laenius
1137 998 1241 1038 mihi
1265 998 1462 1046 reddidit,
1494 998 1566 1039 da-

96 1054 161 1093 tas
190 1067 224 1092 a.
247 1053 284 1093 d.
312 1067 352 1094 x.
372 1054 466 1093 Kal.
499 1052 716 1093 Octobres.
767 1053 924 1094 Laenio
965 1057 1058 1094 tuas
1099 1055 1481 1095 commendationes
1521 1057 1565 1095 et

96 1110 238 1150 statim
268 1110 408 1150 verbis
439 1111 480 1149 et
509 1111 677 1161 reliquo
708 1112 898 1163 tempore
934 1124 980 1152 re
1020 1111 1224 1164 probabo.
1282 1113 1375 1153 Hae
1412 1113 1562 1153 literae
1586 1111 1615 1155 5

97 1170 242 1208 cetera
269 1169 413 1208 vetera
442 1167 674 1208 habebant:
704 1181 835 1208 unum
865 1169 947 1209 hoc
965 1180 1134 1217 novum,
1166 1170 1217 1209 de
1235 1168 1444 1224 Cibyratis
1463 1182 1566 1222 pan-

96 1225 243 1266 theris.
300 1225 483 1264 Multum
512 1226 554 1264 te
584 1237 692 1276 amo,
722 1226 836 1276 quod
863 1226 1117 1277 respondisti
1146 1227 1202 1267 M.
1217 1227 1392 1268 Octavio
1417 1230 1458 1267 te
1479 1239 1565 1267 non

97 1283 265 1335 putare.
333 1281 415 1321 Sed
451 1282 628 1334 posthac
667 1282 829 1334 omnia,
873 1295 981 1334 quae
1022 1286 1139 1324 certa
1178 1296 1263 1324 non
1303 1285 1447 1335 erunt,
1485 1296 1565 1337 pro

99 1410 137 1439 ut
162 1404 201 1440 S.
224 1405 266 1439 C.
293 1403 476 1438 eiusmodi
502 1403 585 1447 fiat,
623 1415 696 1448 quo
731 1405 871 1439 tribuni
896 1406 942 1440 ab
967 1406 1239 1441 intercessione
1264 1408 1565 1443 submoveantur.

99 1470 142 1476 —-
175 1452 302 1485 sustin.
329 1451 530 1484 aushalten.
548 1469 592 1475 —-
635 1452 719 1484 abes
750 1452 881 1486 Roma.
898 1471 941 1477 —
984 1454 1047 1497 qui
1072 1480 1080 1487 .
1100 1478 1108 1487 .
1125 1478 1134 1487 .
1162 1465 1394 1497 occurreres,
1430 1454 1475 1488 da
1502 1455 1566 1489 Du

98 1504 200 1531 sonst
225 1498 403 1531 manchen
427 1495 766 1539 Schwierigkeiten
794 1499 986 1542 begegnen
1011 1499 1198 1533 konntest.
1220 1519 1266 1526 -
1303 1501 1442 1543 Cogor,
1467 1501 1566 1535 kann

99 1544 159 1577 ich
185 1544 339 1578 anderst
365 1543 497 1587 Suppl.
526 1542 616 1575 mihi
639 1544 925 1577 sollicitudinem
945 1549 1096 1579 struere.
1132 1545 1231 1579 Illud
1254 1557 1372 1589 cogor
1390 1547 1566 1581 vitiosum

98 1590 295 1624 videbatur
332 1589 418 1624 Sch.
453 1589 676 1633 suspicanti:
716 1590 908 1624 Fortasse.-
935 1595 968 1624 et
998 1592 1108 1625 velim
1138 1598 1209 1626 cet.
1246 1593 1306 1626 vel
1342 1593 1566 1637 simpliciter

99 1638 192 1680 leg.:
220 1637 329 1670 velim
353 1636 407 1669 ita
431 1636 490 1669 sit.
519 1636 713 1670 ORELLI.
746 1637 838 1670 Nam
865 1636 948 1679 quis
981 1637 1166 1671 hominem
1200 1639 1302 1683 cogit
1339 1640 1567 1674 sollicitudi-

98 1695 179 1718 nem
204 1683 277 1717 sibi
303 1683 421 1728 ipsum
447 1683 615 1716 struere?
639 1702 680 1706 —
722 1682 940 1730 ἀκροτελ.,
966 1684 1186 1726 clausulam,
1213 1685 1379 1721 Schluss.
1398 1705 1441 1711 —
1473 1698 1566 1721 ηαιι-

96 1740 222 1773 seans,
249 1731 345 1763 noch
371 1729 568 1763 seekrank.
602 1729 674 1762 Ein
692 1727 910 1763 Scherzl—
944 1730 1075 1764 Butlzr.
1106 1730 1142 1763 in
1170 1731 1378 1775 EpiruS.—-
1411 1733 1499 1775 tibi,
1525 1736 1566 1766 ut

95 1778 199 1811 video
219 1782 289 1811 cet.
317 1777 364 1810 ist
382 1776 476 1808 eben
500 1775 604 1808 iener
621 1775 784 1809 Schluss.
801 1795 843 1800 -—
878 1778 916 1808 ut
933 1787 1050 1820 spero.
1078 1777 1201 1810 Etiam
1220 1778 1284 1811 has
1300 1789 1412 1812 voces
1427 1785 1564 1814 metuo,

185 1823 218 1857 4.
252 1834 274 1856 a
297 1822 446 1856 Lentuli
470 1821 652 1865 triumpho
676 1833 723 1854 Ξ
746 1828 832 1865 post
856 1822 899 1857 P.
926 1822 1078 1856 Lentuli
1110 1823 1335 1868 triumphum
1367 1836 1416 1858 ex
1450 1826 1564 1860 rebus

96 1868 135 1902 in
154 1869 288 1902 Cilicia
311 1869 440 1912 gestis.
468 1867 505 1902 S.
534 1878 579 1901 zu
606 1880 664 1912 ep.
684 1868 891 1912 CCXLIV,
908 1869 941 1903 5.
959 1888 1002 1894 -
1039 1870 1163 1903 Iconii
1186 1870 1222 1903 in
1240 1870 1442 1916 Lycaonia.
1469 1873 1565 1906 Post

96 1916 168 1948 hoc
193 1926 323 1948 nomen
350 1914 537 1949 excidisse
562 1914 737 1948 videntur
767 1915 883 1948 verba
913 1916 1043 1949 literas
1073 1920 1164 1950 tuas.
1189 1916 1299 1951 SCH.
1322 1936 1366 1942 -—
1403 1919 1565 1959 γλυκύ.

96 1976 274 2009 πικροιι,
308 1961 416 1995 dulce
441 1972 623 2003 amarum,
657 1961 761 1994 ienes
786 1961 1026 1996 Bittersiisse.
1044 1981 1088 1989 --
1126 1965 1338 2006 confirma-3,
1365 1964 1565 2008 bestatigst

94 2007 168 2042 Du.
189 2027 234 2032 -—
274 2019 436 2047 moretm,
473 2018 546 2049 quo
577 2007 697 2041 minus
731 2007 828 2041 iusto
856 2014 1023 2053 tempore
1050 2020 1070 2042 e
1095 2010 1290 2053 provincia
1314 2010 1565 2044 decedam.—-

95 2054 129 2087 si
153 2054 239 2097 quid
262 2065 362 2087 secus
386 2053 602 2096 accidisset,
641 2064 749 2087 wenn
784 2065 822 2087 es
847 2054 981 2088 anders
1005 2056 1185 2089 ausfallen
1212 2057 1335 2090 sollte.
1354 2075 1397 2081 -—-
1434 2057 1565 2091 literas

97 2111 118 2133 a
143 2107 178 2133 te
203 2100 374 2134 datas.—
410 2101 644 2133 Centariom's
672 2101 846 2134 Camulae
871 2100 950 2135 scil.
978 2112 1088 2135 servo
1115 2113 1179 2136 seu
1205 2102 1357 2144 liberm,
1386 2109 1425 2136 ut
1450 2114 1564 2148 saepe

95 2146 132 2179 in
161 2146 357 2191 Inscrippt.
386 2147 515 2179 OR.—-
542 2147 648 2190 [ipse]
675 2147 765 2180 Ern.
794 2146 925 2180 inclus.
953 2147 1073 2182 deleV.
1099 2147 1185 2182 Sch.
1206 2149 1299 2184 Lun.
1333 2149 1408 2183 Sed
1433 2150 1561 2184 Lamb.

98 2194 187 2227 1566
211 2193 284 2226 sic:
320 2193 544 2226 centurionis
567 2193 759 2227 Scamulae
785 2194 966 2236 lib.(erto)
992 2195 1136 2228 scribis.
1167 2196 1239 2229 ΟΒ,
1258 2215 1305 2222 -
1349 2196 1494 2230 Laeniz'.
1524 2196 1563 2231 S.

98 2249 143 2272 zu
170 2250 227 2283 ep.
246 2239 505 2282 CCXXVIII,
524 2241 556 2274 8.
573 2258 612 2264 ——
650 2253 717 2274 111.
750 2239 800 2274 id.
826 2240 954 2282 Febr„
987 2251 1042 2274 am
1069 2243 1122 2275 ll.
1149 2241 1260 2276 Febr.
1287 2253 1321 2276 α.
1346 2243 1379 2277 d.
1406 2255 1442 2277 x.
1470 2242 1561 2276 Kal.

99 2285 198 2327 Oct.,
231 2295 314 2317 vom
338 2285 392 2319 23.
410 2284 631 2329 September
664 2286 791 2320 datirt.
810 2305 854 2310 —
888 2290 968 2319 tuas
994 2288 1187 2321 commend.
1212 2288 1307 2322 kurz
1333 2294 1421 2322 statt
1447 2299 1565 2331 quan-

99 2337 172 2364 tum
199 2336 282 2364 tuae
303 2332 638 2366 commendationes
658 2334 824 2374 valeant3
851 2332 977 2375 quanti
999 2344 1060 2366 eas
1077 2333 1220 2377 faciam,
1239 2334 1314 2368 wie
1330 2335 1404 2368 vi'el
1425 2335 1479 2368 sie
1499 2334 1563 2369 bei

96 2377 167 2410 mir
187 2380 400 2420 vermogen.
413 2397 454 2402 —
479 2379 599 2412 verbis
617 2380 698 2413 scil.
719 2378 889 2424 probavi,
907 2390 984 2412 was
1001 2390 1064 2413 aus
1085 2381 1248 2424 probabo
1265 2391 1309 2415 zu
1328 2382 1484 2414 nehmeu
1499 2381 1562 2415 ist.

187 2424 208 2457 5
223 2426 313 2457 —7.
339 2423 396 2457 M.
418 2423 575 2460 Octavio.
610 2426 647 2459 Is
673 2432 748 2459 tum
775 2425 843 2459 fuit
867 2425 1001 2459 aedilis
1020 2427 1160 2460 curulis
1176 2428 1235 2470 (A.
1253 2427 1297 2462 U.
1314 2428 1427 2470 704),
1443 2426 1562 2461 Caelii

97 2470 255 2513 collega.
300 2470 349 2503 Et
375 2470 545 2512 quoniam
571 2472 720 2506 Caelius
745 2472 1000 2516 postulaverat
1024 2484 1045 2506 a
1069 2473 1252 2508 Cicerone
1279 2475 1352 2518 (ep.
1370 2473 1562 2515 CCV1,5.

97 2516 236 2553 CCXI,
256 2517 290 2550 3.
324 2516 589 2560 CCXLII,5),
626 2524 666 2552 ut
691 2518 763 2552 sibi
787 2519 988 2563 pantheras
1012 2520 1164 2564 publice
1188 2520 1375 2553 venandas
1401 2524 1562 2564 curaret,

97 2573 186 2604 quas
212 2562 311 2595 ludis
337 2562 412 2596 suis
438 2564 578 2608 populo
604 2565 821 2607 exhiberet,
848 2565 996 2599 videtur
1023 2566 1199 2600 Octavius
1226 2577 1274 2599 ex
1296 2565 1422 2599 Attico
1449 2576 1565 2608 quae-

98 2608 249 2651 sivisse,
284 2619 327 2641 an
354 2616 503 2653 putaret
527 2609 746 2644 Ciceronem
770 2612 968 2656 pantheras
993 2612 1189 2646 missurum
1216 2622 1309 2653 esse,
1337 2611 1396 2645 cui
1413 2611 1563 2646 Atticus

100 2655 308 2698 respondit:
342 2666 382 2688 se
416 2666 489 2688 non
524 2661 666 2699 putare.
716 2658 891 2691 Fortasse
917 2665 1057 2698 autem,
1091 2658 1123 2692 si
1150 2658 1284 2692 Cicero
1311 2657 1440 2692 Caelio
1471 2669 1564 2703 pan-

99 2700 220 2734 theras
244 2699 419 2744 misisset,
445 2701 635 2745 Octavius,
661 2706 700 2735 ut
725 2703 796 2737 sibi
824 2714 973 2747 quoque
995 2704 1172 2746 mitteret,
1197 2705 1451 2747 postulaturus
1472 2709 1565 2739 erat.

103 2763 146 2772 -
175 2757 264 2790 quae
288 2751 388 2781 certa
414 2759 483 2781 non
509 2752 612 2782 erunt
636 2755 706 2783 cet.
734 2750 862 2793 schlag
896 2760 966 2783 nur
991 2751 1095 2785 Alles
1120 2750 1214 2784 rund
1240 2751 1305 2795 ab,
1341 2761 1476 2786 wovon
1501 2751 1565 2785 Du

1176 2811 1259 2850 12*
