1795 3043
556 100 870 148 EPISTOLA
904 102 1130 150 CCCLII.
1477 112 1578 161 467

116 217 297 260 consilio
325 220 370 258 et
398 214 602 270 dignitate
631 227 751 264 mea,
789 212 929 255 minus
958 228 1050 256 sum
1078 215 1325 258 admiratus:
1361 214 1415 257 de
1441 218 1578 271 gratia

115 277 161 316 et
188 275 241 316 de
269 287 351 327 ope
389 272 489 326 quid
519 272 802 327 significares,
845 284 1010 312 mecum
1046 273 1139 326 ipse
1179 273 1453 326 quaerebam:
1502 288 1577 326 spe

116 333 256 373 tamen
299 329 538 372 deducebar
576 331 628 371 ad
668 341 760 371 eam
790 329 1109 382 cogitationem,
1155 333 1203 371 ut
1230 334 1273 372 te
1301 344 1380 385 pro
1407 334 1481 375 tua
1509 333 1579 374 ad-

116 388 307 430 mirabili
334 400 386 429 ac
416 388 619 441 singulari
648 386 860 439 sapientia
890 386 941 426 de
971 387 1081 440 otio,
1129 388 1181 429 de
1211 401 1360 442 paee,›
1391 390 1443 431 de
1480 403 1581 432 con-

117 445 265 487 cordia
294 444 455 486 civium
484 445 553 498 agi
582 445 693 486 velle
721 443 977 485 arbitrarer:
1015 447 1057 484 et
1078 444 1130 484 ad
1149 458 1242 487 eam
1259 448 1466 490 rat-ionem
1495 449 1580 489 exi·

114 502 342 544 stimabam
371 502 474 542 satis
504 504 647 554 aptam
676 513 766 542 esse
801 503 844 541 et
872 503 1068 542 naturam
1102 505 1144 542 et
1180 515 1404 555 personam
1432 518 1580 546 meam.

116 559 239 608 Quod
269 558 305 600 si
333 559 395 599 ita
426 560 489 599 est
518 562 561 600 et
589 560 624 600 si
653 571 737 610 qua
765 558 816 598 de
837 558 1038 613 Pompeio
1068 561 1213 600 nostro
1241 562 1400 602 tuendo
1429 564 1472 603 et
1499 561 1581 603 tibi
1603 571 1632 613 2

117 629 170 658 ac
202 617 267 657 rei
295 615 497 668 publicae
527 615 842 657 reconciliando
885 629 989 657 cura
1027 617 1068 657 te
1098 618 1291 670 attingit,
1333 620 1464 672 magis
1494 620 1581 660 ido·

118 686 267 722 neum,
311 685 438 725 quam
467 685 543 725 ego
571 685 690 725 sum,
733 672 785 713 ad
824 685 915 714 eam
953 687 1121 715 causam
1159 676 1353 728 profecto
1389 678 1581 730 reperies

116 732 348 771 neminem:
399 729 473 781 qui
513 731 556 769 et
594 730 661 770 illi
703 742 867 781 semper
905 733 948 771 et
986 732 1170 780 senatui,
1221 745 1350 784 quum
1396 735 1581 786 primum

116 788 261 840 potui,
301 786 420 840 pacis
449 789 598 827 auctor
629 787 718 835 sui,
767 800 869 837 nec,
908 789 1085 842 sumptis
1115 791 1266 841 armis,
1305 790 1411 832 belli
1448 793 1580 834 ullam

115 846 281 897 partem
306 842 454 897 attigi;
482 843 755 895 iudicavique
784 856 834 884 eo
866 844 979 886 bello
1008 848 1051 886 te
1079 847 1257 895 violari,
1288 849 1436 890 contra
1459 849 1580 890 cuius

115 903 320 943 honorem
348 901 496 953 populi
527 900 707 941 Romani
737 901 944 943 beneficio
975 915 1221 946 concessum
1257 905 1422 947 inimici
1450 907 1582 958 atque

115 958 251 999 invidi
277 958 528 998 niterentur.
588 958 672 999 Sed
701 959 749 998 ut
777 971 826 999 eo
847 961 1036 1013 tempore
1065 973 1150 1003 non
1165 962 1287 1003 modo
1316 963 1410 1016 ipse
1438 963 1583 1004 fautor

116 1015 336 1069 dignitatis
374 1016 473 1055 tuae
511 1015 600 1068 fui,
650 1027 798 1055 verum
834 1016 959 1058 etiam
996 1019 1151 1059 ceteris
1179 1022 1331 1060 auctor
1358 1019 1412 1061 ad
1441 1021 1484 1059 te
1512 1019 1582 1060 ad-

115 1072 358 1124 iuvandum,
387 1071 448 1112 sic
477 1083 546 1111 me
575 1084 689 1112 nunc
706 1072 900 1124 Pompeii
930 1074 1109 1126 dignitas
1138 1077 1411 1117 vehementer
1430 1079 1582 1118 movet.

115 1129 292 1181 Aliquot
321 1129 432 1168 euim
461 1130 558 1168 sunt
587 1130 712 1176 anni,
754 1140 883 1180 quum
911 1141 986 1170 vos
1014 1130 1096 1170 duo
1127 1131 1287 1186 delegi,
1328 1145 1434 1185 quos
1462 1147 1585 1185 prae·

116 1187 242 1239 cipue
283 1187 468 1226 colerem
508 1186 552 1225 et
588 1185 742 1236 quibus
780 1197 936 1234 essem,
987 1187 1096 1228 sicut
1124 1202 1241 1243 sum,
1293 1190 1583 1232 amicissimus.

117 1241 400 1292 Quamobrem
421 1255 447 1282 a
466 1243 509 1282 te
538 1244 637 1294 peto
665 1243 734 1282 vel
763 1243 903 1294 potius
932 1244 1126 1286 omnibus
1155 1247 1353 1298 precibus
1373 1250 1416 1288 te
1438 1260 1513 1288 oro
1544 1250 1585 1289 et
1608 1253 1635 1293 3

116 1301 329 1352 obtestor,
380 1300 428 1338 ut
464 1298 510 1338 in
547 1299 630 1339 tuis
667 1299 862 1339 maximis
902 1300 1018 1340 curis
1046 1303 1206 1354 aliquid
1236 1304 1455 1357 impertias
1483 1309 1584 1346 tem-

119 1357 234 1412 poris
264 1357 368 1397 huic
399 1367 569 1407 quoque
600 1355 871 1409 cogitationi,
922 1358 970 1396 ut
999 1358 1071 1397 tuo
1103 1359 1310 1402 beneficio
1341 1361 1474 1403 bonus
1504 1363 1586 1415 vir,

116 1417 282 1470 gratus,
340 1412 439 1466 pius
488 1412 671 1463 denique
713 1424 802 1453 esse
840 1412 884 1452 in
927 1413 1102 1456 maximi
1144 1416 1345 1460 beneficii
1385 1421 1588 1461 memoria

117 1471 287 1526 possim.
346 1471 463 1519 Quae
493 1470 713 1510 sitantum
742 1469 796 1510 ad
814 1482 881 1510 me
898 1470 1036 1522 ipsum
1058 1474 1345 1525 pertinerent,
1377 1489 1592 1530 sperarem

117 1542 184 1571 me
213 1543 238 1569 a
256 1530 300 1568 te
329 1529 471 1568 tamen
500 1526 848 1580 impetraturum:
887 1527 983 1579 sed,
1012 1531 1060 1569 ut
1080 1530 1289 1582 arbitror,
1321 1535 1365 1574 et
1392 1534 1447 1575 ad
1473 1536 1590 1575 tuam

117 1654 236 1688 larum
261 1658 334 1686 tam
358 1648 535 1684 inusitata
559 1648 766 1695 similitudo
792 1648 825 1683 si
851 1650 912 1684 cui
935 1651 1035 1685 sorte
1060 1659 1235 1694 suspecta
1256 1655 1392 1698 fuerit,
1432 1668 1593 1701 scrupu-

117 1700 194 1735 lum
219 1697 294 1732 sibi
318 1697 387 1731 hac
412 1696 561 1730 ratione
588 1695 755 1729 evellere
780 1696 923 1739 possit,
956 1701 995 1729 ut
1019 1694 1203 1739 epistolae
1226 1699 1296 1733 332
1333 1702 1376 1743 (s.
1403 1702 1449 1736 ad
1473 1703 1592 1738 Anio,

118 1745 233 1789 VIII,
251 1745 288 1787 9)
313 1742 461 1777 initium
486 1753 506 1776 a
531 1741 677 1776 verbis:
712 1740 905 1786 epistolam
917 1751 1033 1774 meam
1057 1746 1438 1788 quampervulgalam
1459 1750 1594 1783 scribis

119 1795 194 1826 es'se
219 1801 337 1834 usque
363 1789 408 1823 ad
435 1789 564 1822 verba:
601 1789 700 1822 Quae
724 1798 809 1821 vero
839 1812 872 1821 ..
889 1811 897 1820 .
923 1798 1184 1831 proposueram
1209 1792 1307 1826 male
1332 1803 1412 1828 cum
1431 1805 1593 1839 sequen-

120 1838 238 1873 tibus:
281 1837 364 1878 Ego
390 1835 531 1878 Arpini
562 1834 644 1867 volo
677 1843 773 1876 esse,
810 1833 935 1878 pridie
965 1834 1054 1868 Kal.
1087 1835 1274 1871 coaluisse
1300 1838 1401 1874 dicat
1437 1852 1593 1887 eamque

119 1890 234 1919 totam
259 1888 402 1927 partem
435 1887 643 1924 separatam
671 1879 867 1924 epistolam
899 1880 1153 1925 constituere,
1196 1893 1307 1926 quam
1332 1886 1468 1921 Cicero
1494 1888 1594 1923 inter

121 1941 181 1975 ep.
204 1930 274 1964 356
299 1933 337 1961 et
360 1927 428 1962 357
455 1926 498 1960 ad
525 1927 691 1960 Atticum
717 1925 976 1970 rescripserit,
1021 1938 1132 1970 quum
1166 1927 1227 1962 hic
1259 1931 1295 1965 ei
1328 1931 1594 1979 significasset,

120 1977 224 2011 illam
251 1975 369 2020 ipsam
393 1972 439 2006 ad
466 1973 664 2007 Caesarem
691 1971 888 2016 epistolam
915 1972 1097 2017 epistolae
1121 1975 1200 2009 352.
1227 1987 1409 2013 annexam
1441 1982 1594 2025 pervul-

121 2029 244 2067 gatam
269 2031 364 2055 esse.
392 2019 503 2054 SCH.
530 2037 574 2044 -—
622 2018 665 2051 de
689 2019 819 2060 gratia
844 2043 853 2053 .
872 2043 882 2052 .
901 2045 909 2054 .
937 2021 1169 2064 quaerebam,
1206 2023 1297 2057 Was
1322 2025 1386 2059 Du
1412 2027 1504 2061 aber
1527 2027 1596 2061 mit

121 2070 206 2103 dem
233 2068 393 2102 Zusatze
419 2075 492 2099 von
526 2064 719 2099 meinem
746 2064 920 2099 Credit
956 2066 1047 2100 und
1072 2067 1310 2104 Beistand
1344 2082 1458 2116 sagen
1482 2074 1592 2107 woll-

121 2121 214 2159 test,
252 2114 318 2148 das
341 2113 471 2147 konnt’
496 2111 556 2145 ich
581 2110 652 2145 mir
676 2109 780 2144 nicht
803 2111 909 2145 recht
932 2111 1017 2146 klar
1041 2115 1207 2149 macheu.
1234 2133 1279 2141 ·-
1326 2118 1370 2151 de
1394 2121 1594 2154 concordia

118 2157 191 2196 civ.
218 2160 299 2195 scil.
326 2158 570 2194 restituenda.
597 2176 642 2182 —
687 2157 735 2190 ad
759 2168 839 2191 eam
862 2158 1065 2203 rationem,
1092 2170 1137 2195 zu
1164 2161 1283 2196 einem
1302 2164 1502 2200 Geschiisse
1526 2166 1595 2200 der

121 2203 203 2244 Art.
241 2225 287 2231 -
334 2209 434 2249 nat.,
471 2204 722 2239 Gemiithsalt.
756 2222 794 2229 —-
843 2215 968 2249 pers„
1009 2205 1130 2241 meine
1165 2207 1357 2256 bisherige
1386 2211 1502 2246 Rolle
1543 2212 1592 2247 im

125 2254 263 2290 Staate.
1560 2292 1565 2299 x

120 2301 123 2307 '
212 2299 245 2333 2.
280 2299 325 2332 de
358 2297 484 2342 Romp.
516 2308 551 2331 n.
585 2296 738 2340 tuendo,
778 2295 850 2330 den
880 2295 1084 2342 Pompeius
1115 2298 1152 2334 in
1182 2301 1313 2337 seinen
1343 2303 1513 2338 Wiirden
1545 2314 1592 2339 zu

124 2346 305 2381 erhalten.
331 2362 375 2369 —-
405 2344 511 2388 potui
536 2343 570 2377 d.
586 2354 610 2377 1
638 2342 810 2387 sogleich
836 2343 928 2377 nach
944 2344 1203 2381 Zuriickkunst
1227 2359 1292 2383 aus
1316 2349 1460 2384 meiner
1475 2349 1593 2384 Statt..

125 2390 368 2426 halterschaft
393 2389 431 2424 in
457 2388 628 2424 Cilicien.
654 2408 699 2414 —
735 2390 1009 2434 iudicavique,
1036 2402 1096 2425 wo
1122 2404 1187 2438 que
1211 2396 1304 2430 nach
1329 2406 1392 2429 nec
1417 2422 1425 2430 .
1441 2422 1451 2431 .
1477 2397 1594 2434 ullam

125 2450 171 2472 =
196 2438 272 2472 sed.
301 2455 345 2462 -
384 2440 512 2470 contra
537 2436 640 2470 cuius
665 2442 709 2470 st.
735 2447 845 2480 quum
872 2443 1000 2481 contra
1021 2443 1119 2473 tuum
1145 2440 1239 2474 oder
1264 2448 1394 2476 contra
1411 2442 1594 2485 honorem

123 2483 209 2519 tibi.
262 2482 301 2518 S.
328 2482 480 2525 Ramsh.
506 2482 536 2525 §.
554 2480 640 2537 iffi,
665 2483 697 2518 2.
738 2484 826 2524 159,
851 2485 892 2526 3,
920 2494 951 2518 a.
1070 2482 1072 2485 ’

215 2541 249 2576 3.
284 2542 324 2573 in
348 2539 422 2573 tuis
444 2550 541 2574 vitaz.
567 2551 666 2583 cuin,
709 2546 837 2584 linter,
875 2541 940 2576 bei
964 2540 1035 2576 den
1060 2542 1297 2587 wichtigsten
1322 2543 1489 2588 Sorgen,
1530 2545 1592 2581 die

125 2586 278 2630 Deinen
314 2586 423 2621 Geist
454 2586 719 2630 beschastigen.
755 2606 799 2612 --
846 2588 1037 2632 impertias
1069 2595 1201 2627 tamen.
1236 2608 1280 2615 —-
1332 2592 1418 2636 pius
1456 2591 1593 2634 (meine

128 2633 269 2669 Pflicht
294 2632 471 2675 ersiillen)
495 2633 779 2677 inPompeiuni.
806 2653 847 2659 -
870 2635 933 2675 ¹-in
959 2647 1005 2674 m,
1027 2636 1144 2677 -benefi
1172 2645 1274 2670 mem.
1287 2661 1298 2680 ,
1333 2637 1437 2680 „wie
1463 2649 1502 2673 es
1527 2639 1594 2672 das

129 2679 337 2719 Andenken
371 2689 416 2712 an
449 2677 551 2719 eine·
566 2680 806 2727 emnsangene
839 2681 926 2716 sehr
950 2693 1080 2726 grosse
1105 2682 1301 2716 Wohlthat
1324 2694 1396 2717 von
1420 2684 1492 2718 mir
1509 2685 1594 2719 ’ἰοῖ-

129 2726 248 2768 dert.'’
295 2723 499 2770 Pompeius
518 2725 748 2770 *qurziiglich
779 2727 879 2762 hatte
913 2727 975 2762 ihn
1006 2739 1072 2762 aus
1097 2727 1180 2762 dem
1204 2728 1316 2764 Exsil
1340 2737 1516 2775 gerettet.
1550 2748 1597 2760 --

132 2772 230 2813 Quae
253 2772 277 2808 i.
303 2783 337 2807 e.
363 2771 406 2808 Si
430 2781 501 2816 ea,
519 2781 660 2816 quaeat
686 2778 722 2807 te
746 2779 857 2820 peto,
882 2777 1022 2808 tantum
1048 2775 1096 2808 ad
1119 2784 1175 2808 me
1199 2775 1318 2819 ipsum
1338 2780 1434 2822 pert.
1461 2795 1503 2803 --
1547 2777 1596 2811 ad

1205 2836 1291 2877 30*
