1795 3043
241 77 305 124 66
486 69 550 115 Μ.
589 67 643 112 Τ.
683 64 1021 111 CICERONIS
1056 63 1431 113 EPISTOLAE.

193 195 220 233 4
245 197 360 228 mum
389 180 599 223 duximus.
658 178 818 219 Sestius
849 177 901 218 ad
937 191 1003 219 me
1039 177 1237 230 scripsit,
1278 188 1390 230 quae
1425 177 1568 216 tecum
1598 177 1709 216 esset

247 245 299 285 de
329 255 422 283 mea
451 235 682 279 domestica
711 237 753 292 et
782 236 964 276 maxima
984 249 1088 276 cura
1107 237 1279 276 locutus
1308 236 1351 275 et
1374 233 1477 286 quid
1494 233 1576 273 tibi
1598 234 1710 272 esset

248 302 397 345 visum.
457 294 617 338 Amabo
647 293 951 342 te‚'iucumbe
981 295 1025 334 in
1057 305 1151 333 eam
1180 306 1270 333 rem
1301 294 1343 332 et
1374 292 1426 332 ad
1455 302 1522 331 me
1549 290 1708 337 scribe,

197 358 226 399 5
249 358 350 412 quid
381 357 423 395 et
451 353 584 407 possit
613 352 655 391 et
685 351 730 390 tu
761 363 947 392 censeas,
1006 350 1123 391 Idem
1151 351 1323 403 scripsit
1352 348 1628 390 Hortensium
1657 347 1711 386 de

245 411 514 470 proroganda
551 410 694 449 nostra
722 408 947 460 provincia.
976 408 1130 448 dixisse
1168 409 1313 448 nescio
1352 406 1468 458 quid.
1526 405 1636 445 Mihi
1663 404 1710 444 iu

248 474 436 514 Cumano
476 465 798 520 diligentissime
833 478 899 512 se,
942 467 991 505 ut
1026 465 1156 506 annui
1195 477 1397 512 essemus,
1438 463 1712 503 defensurum

247 528 480 581 receperat.
539 525 587 565 Si
617 523 844 575 quidquam
873 534 938 562 me
969 537 1096 570 arnae,
1129 523 1243 562 hunc
1272 523 1414 562 locum
1443 520 1575 560 muni.
1612 518 1712 560 Dici

249 599 334 628 non
363 583 522 638 potest,
563 593 689 633 quam
728 581 890 620 invitus
923 593 947 619 a
976 580 1097 620 robis
1137 579 1283 621 absim.
1343 579 1400 618 Et
1437 578 1564 618 simul
1598 576 1712 616 hanc

248 643 426 697 gloriam
453 638 643 681 iustitiae
673 639 715 678 et
744 636 1030 677 abstinentiae
1068 638 1160 676 sore
1191 635 1469 676 illustriorem
1499 645 1644 687 spero,
1677 632 1714 673 si

250 703 337 742 cito
376 696 702 740 decesserimus:
738 694 781 734 id
822 694 936 745 quod
976 695 1208 735 Scaevolae
1245 693 1448 746 contigit,
1488 692 1564 743 qui
1601 691 1714 731 solos

199 763 228 804 6
251 770 403 800 novem
440 766 606 796 menses
642 752 770 792 Asiae
808 750 1009 804 praefuit.
1068 752 1231 803 Appius
1266 752 1434 800 noster,
1473 761 1606 801 quum
1645 759 1715 788 me

251 815 481 857 adventare
520 811 703 858 videret,
745 810 963 861 profectus
994 809 1056 848 est
1091 809 1267 849 Tarsum
1306 820 1447 859 ¹usque
1483 805 1710 847 Laodicea.

250 873 318 913 lbi
347 873 484 912 forum
513 869 615 922 agit,
648 879 779 918 quum
811 877 886 919 ego
916 867 995 907 sim
1024 867 1070 906 in
1100 866 1345 917 provincia3
1375 877 1502 917 quam
1532 864 1622 903 eius
1651 863 1716 902 in-

250 929 406 970 iuriam
437 939 522 968 non
551 927 753 967 insector.
801 924 911 964 Satis
943 923 1056 964 enim
1087 923 1224 963 habeo
1252 922 1410 975 negotii
1441 923 1485 961 in
1515 920 1714 962 sanandis

250 985 521 1032 vulneribus,
555 994 665 1034 quae
694 984 791 1022 suut
820 981 1018 1033 imposita
1048 979 1308 1034 provinciae.
1370 979 1504 1032 Quod⁷
1532 979 1587 1018 do
1616 990 1715 1030 ope-

252 1057 361 1092 ram,
401 1044 450 1083 ut
478 1041 634 1082 faciam
664 1050 789 1091 quam
827 1040 1002 1079 minima
1036 1039 1156 1079 illius
1186 1038 1458 1077 contumelia.
1516 1036 1601 1077 Sed
1630 1037 1714 1076 hoc

249 1102 382 1143 Bruto
420 1101 563 1140 nostro
594 1097 722 1138 velim
751 1096 881 1149 dicas,
911 1098 1035 1137 illum
1065 1096 1216 1137 secisse
1243 1107 1329 1134 non
1359 1093 1495 1147 belle,
1537 1093 1612 1148 qui
1645 1092 1714 1134 ad-

249 1160 378 1200 ventu
410 1168 519 1205 meo,
553 1166 680 1207 quam
708 1154 950 1207 longissime
978 1154 1179 1208 potuerit,
1209 1152 1466 1194 discesserit.

468 1281 784 1328 EPISTOLA
820 1279 956 1325 CCX.
1003 1279 1085 1337 (ad
1117 1280 1224 1325 Div.
1258 1278 1383 1324 VIII.
1420 1280 1491 1339 5.)

411 1369 492 1406 Ser.
518 1369 661 1405 Romae
683 1377 811 1403 mense
835 1365 977 1401 Sextili
1007 1367 1053 1401 A.
1079 1367 1126 1402 U.
1154 1368 1196 1402 C.
1224 1368 1302 1402 703.
1338 1369 1387 1410 (a.
1414 1366 1456 1402 C.
1483 1368 1558 1411 51.)

251 1442 424 1477 Metuere
449 1449 489 1474 se
514 1437 703 1482 significat
727 1435 878 1472 Caelius
903 1446 953 1470 ex
976 1434 1147 1471 Parthici
1183 1435 1273 1469 belli
1299 1435 1394 1469 sama
1419 1435 1466 1469 ob
1492 1435 1716 1481 paucitatem
1775 1430 1777 1432 ’

250 1488 442 1534 copiarum
467 1484 677 1520 Ciceronis.
704 1485 737 1521 1,
773 1483 962 1562 Additdfjie
993 1481 1232 1564 suc2cesgione
1256 1482 1535 1527 provinciarum
1561 1483 1717 1528 eiusque

822 1535 880 1563 tar
910 1541 919 1562 ι
949 1534 1021 1564 ate.
1072 1549 1115 1553 -
1142 1555 1150 1563 .

699 1575 918 1636 cmms
953 1597 1199 1633 CICERONI
1231 1596 1271 1632 s,

366 1671 458 1719 Qua
488 1671 533 1710 tu
564 1682 669 1710 cura
699 1668 769 1722 εἰς,
799 1668 911 1720 quod
942 1668 994 1709 ad
1023 1681 1171 1721 pacem
1199 1668 1448 1721 provinciae
1467 1669 1567 1710 tuae
1589 1668 1720 1710 finiti-

251 1741 499 1780 marumque
516 1728 735 1780 regionum
760 1728 926 1778 attinet,
955 1726 1122 1766 nescio:
1155 1739 1230 1779 ego
1253 1727 1424 1777 quidem
1443 1728 1719 1768 vehementer

252 1787 383 1829 animi
411 1785 590 1839 pendeo.
649 1784 759 1825 Nam
787 1785 824 1824 si
852 1785 935 1824 hoc
965 1786 991 1833 ’ὶ-
1015 1795 1133 1824 more
1162 1784 1375 1824 moderari
1403 1796 1641 1837 possemuS,
1674 1788 1723 1825 ut

341 1910 375 1944 4.
423 1909 469 1944 P.
496 1906 635 1942 Sestius
659 1905 704 1939 L.
729 1906 771 1940 F.
799 1904 836 1940 S.
863 1905 909 1939 ad
934 1905 1049 1941 Attio.
1076 1905 1148 1947 ΙΙΙ,
1173 1906 1230 1940 20.
1259 1906 1452 1950 (LXXV).
1477 1907 1550 1948 ΙΙΙ,
1577 1908 1633 1942 19.
1659 1907 1715 1942 23.

250 1956 322 1999 IV,
354 1957 388 1990 3.
422 1954 470 1990 ad
502 1955 546 1989 Q.
573 1953 696 1987 Fratr.
730 1953 781 1994 II,
807 1954 842 1987 3.
868 1954 903 1986 4.
929 1972 972 1978 —-
998 1964 1099 1995 cura,
1126 1953 1172 1986 de
1198 1953 1417 1986 collocanda
1450 1953 1539 1988 filia.
1590 1953 1630 1988 S.
1659 1965 1716 1999 ep.

250 2003 384 2045 CCIV,
408 2004 441 2037 3.
469 2000 740 2041 CLXXXVII,
768 2002 800 2034 1.
829 2010 864 2033 u.
886 2000 919 2032 2.
938 2000 1084 2043 —qztc'd
1110 1999 1156 2033 de
1180 2010 1224 2032 ea
1250 2010 1290 2032 re
1315 2004 1348 2032 et
1370 2001 1488 2044 possit
1512 2000 1595 2036 scil.
1618 2000 1717 2036 fieri.

341 2050 373 2083 5.
420 2049 460 2081 in
487 2048 650 2080 Cumano
676 2046 737 2079 bei
762 2045 902 2079 seinem
927 2046 1315 2080 Abschiedsbesuche.
1343 2045 1381 2080 S.
1408 2057 1467 2090 ep.
1485 2047 1720 2088 CLXXXV,
1759 2084 1760 2088 ,

249 2096 283 2131 2.
309 2114 352 2121 —
377 2098 417 2127 ut
440 2094 554 2127 annui
578 2103 744 2127 essemus.
777 2092 815 2127 S.
842 2103 887 2126 zu
915 2105 973 2138 ep.
1001 2093 1154 2135 CCVII,
1173 2095 1206 2127 3.
1233 2112 1276 2117 —
1309 2091 1403 2125 hunc
1429 2094 1496 2127 loc.
1521 2094 1643 2137 muni,
1676 2103 1719 2129 so

249 2142 360 2176 stelle
398 2141 496 2175 mich
529 2151 600 2173 von
634 2140 758 2174 dieser
793 2138 898 2174 Seite
935 2140 1069 2173 sicher.
1095 2158 1140 2164 —
1175 2139 1314 2173 illustr.
1347 2150 1476 2182 spero,
1506 2140 1542 2173 sz'
1575 2142 1648 2173 cito
1680 2141 1716 2175 d.

248 2189 340 2233 Vgl.
366 2199 426 2232 ep.
454 2186 674 2229 CXCVIII,
711 2187 772 2228 5³.
798 2186 967 2220 Proinde
991 2196 1129 2230 pugna,
1163 2196 1269 2221 ne...
1307 2186 1426 2231 turpis
1460 2186 1642 2222 inveniar.
1673 2206 1719 2212 --

250 2236 293 2272 Q.
319 2233 447 2269 Mucio
473 2234 682 2267 Scaevolae.
709 2232 748 2267 S.
777 2243 823 2266 zu
849 2244 909 2277 cp.
936 2233 1150 2275 CXLVIII,
1176 2233 1234 2267 26.
1272 2232 1376 2266 Orat.
1403 2243 1440 2277 p.
1466 2233 1594 2267 Planc.
1621 2236 1718 2269 c.l3.

340 2284 373 2316 6.
425 2281 581 2314 Tarsum
605 2290 726 2323 usque.
754 2278 790 2313 S.
819 2279 854 2312 d.
882 2280 1002 2323 vorig.
1030 2280 1094 2313 ΒΓ.
1128 2281 1158 2323 §.
1183 2279 1218 2312 4.
1269 2279 1396 2313 Ueber
1429 2290 1540 2324 usqne
1567 2281 1717 2314 Ramsh.

249 2330 278 2372 §.
306 2329 384 2371 136,
409 2327 443 2361 2.
468 2346 513 2352 —
538 2337 647 2369 quum
669 2339 714 2359 Ξ
741 2325 929 2370 obgleich,
957 2327 1004 2359 da
1029 2325 1137 2359 doch.
1181 2325 1332 2359 Ramsh.
1358 2326 1388 2368 §.
1413 2327 1499 2370 194,
1527 2327 1559 2361 2.
1591 2346 1636 2352 --
1660 2327 1719 2361 in-

246 2379 379 2417 sector,
411 2374 472 2407 ich
503 2372 635 2406 almde.
664 2390 703 2395 —
740 2373 913 2416 imposita
945 2373 990 2405 ab
1016 2372 1085 2405 illo
1110 2372 1257 2416 Appio,
1292 2373 1517 2416 geschlagen
1553 2372 1648 2407 sind.
1675 2393 1719 2398 ——
1747 2390 1748 2393 ¹

247 2422 401 2454 minima
426 2421 530 2454 ‘illius
555 2419 785 2462 contzmzeha,
804 2419 870 2452 mit
884 2419 952 2452 der
970 2418 1216 2462 moglichsten
1232 2418 1436 2463 Schonung
1456 2419 1582 2454 seiner
1601 2421 1717 2454 Ehre.
1753 2439 1757 2442 -

247 2487 292 2494 —-
317 2469 368 2502 M.
395 2467 505 2500 Iunio
539 2467 682 2508 Βνιιίο,
716 2465 832 2510 Appii
865 2476 1027 2508 genero,
1062 2465 1233 2499 Caesaris
1259 2465 1507 2500 interfectori.
1556 2466 1645 2503 Vid.
1672 2466 1718 2500 ad
1744 2496 1747 2505 Χ

245 2514 425 2556 Attic.II‚
452 2514 507 2547 24.
534 2512 582 2555 V,
607 2512 664 2546 20.
691 2510 759 2554 VI,
784 2514 818 2546 1.
844 2514 878 2546 3.
901 2530 944 2537 —-
969 2511 1032 2556 qai
1054 2519 1101 2545 =
1125 2511 1208 2545 dass
1235 2523 1287 2555 er,
1313 2523 1344 2547 c.
1372 2512 1470 2547 coni.
1497 2513 1717 2549 discesserit.
1744 2509 1746 2540 ,¹

245 2560 284 2596 S.
312 2560 458 2594 Grotes.
486 2560 513 2602 §.
530 2560 610 2594 403.
636 2577 679 2583 -
705 2569 813 2602 quam
838 2559 940 2600 long.
963 2562 1040 2602 pot.
1068 2558 1213 2592 Grotef.
1239 2560 1267 2603 §.
1283 2559 1363 2593 390.
1391 2559 1478 2593 Zus.
1503 2562 1538 2594 3.
1565 2560 1716 2594 Ramsh.
1742 2559 1751 2590 Ἴ

266 2633 273 2641 .
301 2608 369 2642 156
407 2609 429 2642 3
467 2617 500 2641 a.
527 2606 565 2640 b.

245 2608 262 2650 §
371 2632 382 2651 ’
431 2632 442 2650 '
557 2651 791 2685 CAELIUS.
834 2649 872 2684 s.
907 2661 952 2684 zu
979 2661 1036 2695 ep.
1064 2650 1217 2684 cxcn.
1252 2649 1301 2684 {m
1326 2650 1413 2685 Ans.

338 2700 371 2733 1.
423 2698 541 2732 animi
560 2699 712 2741 pendeo,
739 2697 809 2731 mir
834 2697 1066 2740 wenigstens
1092 2697 1139 2730 ist
1167 2697 1268 2730 nicht
1293 2698 1380 2730 sehr
1406 2696 1508 2730 wohl
1534 2697 1643 2730 dabci
1670 2706 1715 2730 zu
1737 2723 1751 2731 ,.

244 2745 388 2780 Muthe.
424 2745 463 2780 S.
490 2745 641 2780 Ramsh.
668 2745 698 2788 ξ.
726 2746 805 2787 111,
831 2744 863 2777 2.
891 2743 1035 2778 Grotef.
1063 2743 1093 2786 §.
1120 2744 1200 2787 244,
1225 2744 1259 2778 5.
1293 2743 1473 2778 ausftthrl.
1511 2743 1712 2778 Grammat.
1743 2751 1746 2779 Ι
