1795 3043
530 64 848 112 EPISTOLA
885 65 1070 114 comi.
1205 30 1209 31 ἦ
1439 74 1539 123 189

307 202 621 250 EPISTOLA
657 202 839 248 com.
878 202 958 262 (aa
995 205 1086 251 An.
1123 205 1204 253 vl.
1231 209 1301 267 1.)

162 301 242 337 Ser.
267 302 477 338 Laodiceae
502 302 535 338 d.
556 302 627 336 111.
652 301 748 339 Non.
774 302 885 337 Mart.
910 303 956 336 A.
984 302 1029 337 U.
1058 304 1098 338 C.
1123 305 1200 340 704.
1236 308 1283 349 (a.
1311 305 1352 341 C.
1371 306 1446 349 50.)

72 382 279 417 Certiorem
323 384 411 418 facit
446 381 609 417 Atticum
654 393 695 417 se
740 392 866 417 omnes
910 381 989 416 eius
1032 383 1212 428 epistolas
1253 391 1404 430 praeter
1445 384 1537 419 duas

70 430 274 474 accepisse.
296 433 326 465 l.
374 429 523 464 Deinde
548 428 595 462 de
626 428 775 463 iniustis
799 428 914 473 Appii
948 430 1123 472 querelis,
1144 432 1176 464 2.
1227 430 1273 465 de
1296 431 1406 466 Bruti
1436 442 1538 466 man-

72 477 169 511 datis
194 488 214 510 a
245 488 284 510 se
311 476 449 510 curatis
475 486 516 508 ac
542 474 699 519 primum
725 476 770 508 de
794 474 954 520 pecunia
979 476 1025 509 ab
1049 476 1308 512 Ariobarzane
1334 479 1368 512 ei
1395 478 1536 512 debita.

71 525 200 559 3—4.
253 524 299 557 de
324 521 609 557 Salaminiorum
641 521 816 565 negotio,
850 521 915 565 qui
945 521 1093 556 nomine
1127 519 1276 566 quidem
1308 524 1345 557 in
1379 524 1537 569 Scaptii‚

72 580 206 604 revera
231 576 350 603 autem
381 569 418 602 in
443 567 553 601 Bruti
583 578 670 602 aere
702 573 820 601 erant.
875 569 1002 602 5-7.
1038 569 1084 602 de
1116 569 1192 603 suis
1229 570 1275 603 de
1309 581 1351 604 re
1386 571 1538 616 publica.

73 615 182 650 libris
215 626 417 658 eorumque
448 615 551 656 loco,
587 613 624 646 in
660 625 733 657 quo
767 619 848 648 erat
873 614 937 649 Cn.
956 615 1078 649 Flavii
1109 615 1247 649 mentio
1273 616 1380 651 sacta.
1406 619 1440 652 8.
1490 617 1538 650 de

74 662 259 707 epistolis,
286 672 376 705 quas
402 661 448 694 de
474 661 585 694 rebus
611 660 687 694 suis
713 660 829 704 gestis
847 661 893 694 ad
913 661 1075 695 Atticum
1099 668 1136 695 et
1154 663 1304 706 publice
1326 663 1489 697 miserat.
1504 664 1536 697 9.

73 710 120 742 de
146 709 295 742 Tulliae
320 706 540 741 elocatione.
561 707 614 739 10.
667 707 713 740 de
737 706 868 741 Furnii
902 708 1137 752 exceptione.
1163 711 1221 742 ll.
1270 708 1317 743 de
1343 709 1539 743 Ciceroni-

73 756 142 789 bus
168 754 307 799 pueris.
332 754 388 787 12.
438 753 484 786 de
509 752 623 786 variis
639 752 758 786 Attici
782 753 974 787 mandatis.
994 756 1051 789 13.
1088 754 1134 788 de
1148 755 1328 789 Parthico
1346 756 1458 789 bello.
1479 756 1535 789 14.

73 802 120 835 de
146 799 404 834 iurisdictione
430 809 494 832 sua
518 799 757 843 provinciali.
778 800 832 833 15.
885 800 931 833 de
956 801 1101 834 ratione
1126 812 1191 835 sua
1206 802 1425 846 publicanos
1442 810 1545 835 trac-

73 847 188 881 tandi.
213 848 266 881 16.
316 846 363 880 (10
389 844 568 890 Scipione
592 846 766 884 Metello,
800 845 864 888 qui
897 857 1076 890 proavum
1100 856 1205 881 suum
1238 859 1429 882 censorem
1462 858 1538 882 non

73 893 188 928 fuisse
208 892 402 926 nescierat.
420 894 461 926 17
475 912 518 916 —
533 893 588 926 18.
633 892 679 925 de
697 891 893 926 Philotimi
919 894 1084 936 negotio.
1101 895 1157 928 19.
1200 894 1246 928 de
1271 895 1539 938 admonitione,

76 951 148 983 qua
171 939 317 974 Atticus
338 939 557 973 Ciceronem
583 937 628 971 ad
652 938 883 982 vigilantiam
909 939 1152 975 excitaverat.
1179 941 1235 974 20.
1284 941 1330 975 (10
1356 942 1406 976 M.
1427 942 1540 975 Octa-

74 987 127 1020 vii
152 993 189 1020 et
204 986 321 1019 Caelii
346 984 625 1030 postulatis.2l.
663 984 708 1018 de
723 985 866 1029 Leptae
890 985 1027 1028 gaudio
1054 987 1101 1019 ob
1120 986 1237 1020 Attici
1262 987 1469 1032 epistolam.
1481 988 1538 1022 22.

76 1033 123 1067 de
149 1033 267 1066 salute
297 1031 371 1065 sibi
403 1032 447 1064 ab
472 1031 591 1065 Attici
624 1031 743 1064 filiola
774 1037 810 1064 et
842 1042 962 1064 uxore
988 1032 1187 1077 adscripta.
1213 1033 1267 1068 22.
1316 1033 1467 1067 Deinde
1492 1033 1541 1067 ad

75 1079 184 1113 aliam
208 1077 380 1123 pusillam
406 1076 522 1111 Attici
547 1076 742 1121 epistolam
771 1077 986 1120 respondet.
1013 1079 1068 1113 23.
1129 1079 1305 1123 Denique
1337 1086 1464 1123 rogat,
1498 1084 1542 1113 ut

77 1136 187 1169 saepe
217 1124 367 1158 scribat.
393 1124 449 1157 24.
512 1123 678 1167 quaerit,
711 1133 755 1156 an
781 1133 802 1156 a
827 1123 986 1158 Caesare
1010 1125 1205 1170 pecuniam
1232 1126 1453 1169 extorserit,
1487 1132 1540 1169 et,

77 1171 167 1214 quid
191 1170 334 1206 Vedius
368 1170 442 1204 sibi
463 1170 703 1212 ¹narraverit,
740 1170 907 1213 exponit.
934 1171 989 1205 25.
1039 1178 1097 1213 et,
1124 1172 1213 1215 quid
1237 1172 1364 1206 Attico
1391 1172 1437 1206 de
1461 1183 1541 1205 mo-

76 1224 249 1253 numento
275 1228 295 1251 a
319 1227 359 1251 se
384 1216 421 1250 iu
436 1216 637 1256 Academia
660 1216 819 1296 Atheikis
843 1216 1016 1251 faciendo
1041 1218 1227 1263 videatur,
1252 1219 1350 1254 scire
1375 1229 1416 1253 se
1439 1218 1544 1253 velle

669 1262 767 1306 signi
800 1268 868 1296 cat.
893 1263 947 1298 26.

569 1331 757 1366 CICERO
782 1332 977 1366 ATTICO
1005 1332 1043 1368 S.

192 1401 352 1454 Accepi
380 1402 471 1441 tuas
501 1401 646 1442 literas
677 1417 714 1443 a.
735 1403 775 1444 d.
807 1403 997 1454 quintum
1013 1404 1272 1444 Terminalia
1288 1403 1539 1452 Laodiceae,

81 1474 184 1512 quas
213 1460 297 1512 legi
325 1458 624 1506 libentissime,
656 1461 917 1510 plenissimas
947 1462 1120 1509 amoris,
1152 1462 1450 1513 humanitatis,
1480 1463 1542 1501 of-

80 1518 192 1570 ficii,
223 1516 480 1569 diligentiae.
540 1516 598 1555 Iis
627 1516 757 1567 igitur
786 1518 1070 1569 respondebo:
1105 1517 1165 1557 sic
1196 1519 1308 1559 enim
1328 1520 1539 1571 postulas;

80 1588 161 1615 1100
198 1573 432 1621 οἰκονομίαν
471 1584 609 1613 meam
642 1573 884 1625 instituam,
930 1565 1002 1614 sed
1043 1575 1235 1615 ordinem
1280 1575 1540 1616 conservabo

81 1636 211 1673 tuum.
269 1629 589 1674 Recentissimas
619 1629 869 1684 aCJbistris
898 1631 939 1671 te
969 1644 1083 1672 meas
1113 1632 1259 1673 literas
1285 1633 1443 1673 habere
1465 1633 1541 1683 ais,

81 1703 117 1730 a.
141 1688 180 1729 d.
202 1701 239 1728 x.
258 1688 350 1727 Kal.
376 1687 545 1726 Octobr.
573 1686 712 1727 datas:
743 1689 785 1728 et
814 1689 925 1728 scire
953 1689 1029 1736 vis,
1062 1690 1155 1729 tuas
1186 1702 1260 1742 ego
1290 1703 1394 1741 quas
1423 1701 1543 1730 acce-

81 1746 228 1799 perim.
287 1745 439 1784 Omnes
465 1745 577 1791 fere,
616 1756 719 1795 quas
749 1758 1073 1793 commemoraS‚
1112 1750 1284 1798 praeter
1313 1759 1542 1797 eas‚·quas

83 1803 234 1844 scribis
271 1801 444 1841 Lentuli
481 1800 624 1852 pueris
665 1804 706 1841 et
747 1803 1006 1854 Equotutico
1052 1804 1094 1842 et
1138 1803 1364 1844 Brundisio
1409 1804 1540 1844 datas.

85 1861 223 1908 Quare
237 1871 320 1898 non
342 1858 493 1904 οἴχεται
512 1860 584 1898 tua
613 1858 841 1907 industria,
875 1860 986 1911 quod
1014 1860 1187 1908 vereris,
1219 1860 1291 1901 sed
1319 1862 1542 1912 praeclare

81 1917 268 1970 ponitur,
296 1916 331 1955 si
362 1915 531 1966 quidem
557 1915 601 1954 id
631 1917 769 1969 egisti,
797 1919 846 1957 ut
874 1930 949 1970 ego
980 1918 1229 1960 delectarer.
1286 1918 1392 1958 Nam
1420 1920 1544 1958 nulla

174 2041 205 2073 1.
233 2039 280 2072 ad
308 2038 342 2072 d.
374 2051 408 2071 V.
440 2037 667 2071 Terminalia
700 2037 724 2072 i.
750 2049 782 2072 e.
808 2049 893 2073 xm.
922 2039 1084 2073 Kalend.
1109 2039 1222 2073 Mart.
1255 2041 1324 2082 (17.
1346 2039 1542 2081 Februar).

83 2085 175 2128 Nam
200 2084 425 2119 Terminalia
449 2095 502 2118 1x.
518 2085 604 2118 Kal.
629 2086 739 2119 Mart.
766 2085 978 2128 (21.Febr.)
1005 2086 1302 2119 celebrabantur.
1322 2086 1429 2119 SC'H.
1463 2086 1544 2119 Das

83 2132 171 2166 Fest
195 2131 261 2165 des
286 2131 503 2174 Terminus,
535 2131 806 2175 Grenzgottes‚
840 2132 935 2165 wird
970 2131 1216 2166 beschrieben
1240 2131 1278 2165 in
1306 2131 1414 2165 Ovid.
1441 2132 1542 2166 Fast.

86 2178 138 2219 11,
160 2180 226 2213 639
243 2178 280 2212 ff.
329 2178 420 2221 Vgl.
457 2188 502 2210 zu
532 2177 663 2211 Horat.
694 2178 816 2223 Epod.
845 2178 984 2221 11‚'59.
1027 2179 1151 2214 Varro
1184 2178 1225 2212 L.
1248 2178 1290 2213 L.
1315 2178 1364 2221 V,
1386 2180 1418 2214 3.
1459 2178 1543 2212 Liv.

86 2224 228 2265 XLIII,
249 2225 303 2257 ll.
327 2224 453 2267 XLV,
471 2224 527 2258 44.
562 2224 732 2258 Macrob.
759 2224 835 2258 Sat.
863 2226 895 2263 l,
917 2226 972 2259 13.
1012 2224 1169 2258 Laetam
1203 2224 1250 2258 de
1281 2230 1389 2258 mort.
1415 2236 1545 2269 perse-

87 2276 160 2303 cut.
186 2271 301 2303 12.-
346 2270 411 2303 Iis.
448 2269 512 2303 Sic
541 2271 742 2305 Ascens.l.
780 2269 880 2304 Crat.
907 2270 1008 2306 vict.
1026 2272 1059 2305 1.
1095 2271 1223 2304 Lamb.
1256 2270 1314 2304 lats
1342 2272 1438 2306 Cett.
1469 2271 1542 2303 OR.

86 2316 190 2349 Inter
213 2316 430 2358 respondebo
455 2322 492 2349 et
515 2317 570 2349 sz'c
593 2316 761 2350 desectus
797 2316 903 2360 signa
926 2317 1038 2351 habet
1062 2317 1229 2359 Victor.‚
1261 2317 1325 2360 qui
1356 2316 1452 2350 haud
1477 2316 1546 2349 im·-

87 2360 334 2406 probabiliter
359 2366 463 2406 putat
479 2361 659 2396 Graecum
684 2363 813 2397 vocab.
842 2364 876 2396 h.
894 2363 921 2398 1.
947 2363 1146 2397 excidisse.
1194 2364 1239 2397 In
1262 2363 1429 2406 margine
1454 2363 1545 2396 1584

88 2407 334 2452 proponitur:
381 2409 598 2450 respondebo
630 2411 804 2456 χρυσέα
836 2411 1072 2452 χαλκείων.
1099 2410 1153 2443 sic
1178 2415 1248 2443 cet.
1278 2408 1473 2443 ORELLI.
1499 2427 1544 2433 --

90 2456 375 2496 οἰκονομίαν,
401 2452 566 2488 ordinem
592 2455 778 2501 rerumin
804 2455 964 2500 epistola
995 2466 1021 2489 s.
1048 2455 1344 2501 dispositionem.
1369 2454 1474 2488 SOH.
1500 2473 1544 2480 —-

91 2501 167 2534 ord.
196 2510 289 2533 cons.
317 2502 436 2541 tuum,
467 2500 544 2533 also
576 2512 647 2534 von
673 2501 823 2538 Artikel
855 2512 898 2535 zu
926 2501 1096 2546 Artikel,
1130 2501 1203 2535 wie
1235 2502 1289 2535 sie
1322 2501 1359 2533 in
1382 2500 1544 2534 Deinem

90 2546 216 2579 Briel‘c
241 2546 306 2578 aus
327 2544 502 2578 einander
526 2546 664 2588 folgen.
686 2567 730 2572 —-
764 2559 786 2581 α
813 2547 1004 2592 Cybistris.
1042 2547 1080 2582 S.
1108 2559 1166 2591 ep.
1192 2546 1362 2582 CCXIV.
1380 2564 1424 2570 -—
1457 2558 1489 2580 a.
1508 2547 1544 2582 d.

90 2605 127 2635 x.
154 2592 241 2625 Kal.
270 2591 432 2633 octobr„
474 2602 555 2624 vom
586 2593 640 2627 22.
661 2592 893 2638 September.
936 2593 973 2628 S.
1000 2605 1058 2638 ep.
1076 2594 1225 2628 CCXX.
1242 2611 1286 2617 -
1328 2593 1542 2635 Equotutico

90 2639 250 2682 Apuliae
288 2636 440 2682 oppido.
488 2638 630 2673 Brund.
679 2639 716 2674 S.
749 2651 807 2684 ep.
834 2641 1053 2683 CXCVIII,
1079 2643 1109 2673 7.
1137 2658 1180 2664 -
1228 2638 1387 2672 Lentuli.
1418 2638 1455 2673 S.
1482 2650 1541 2684 ep.

92 2683 293 2721 CCXLW,
313 2684 346 2717 5.
365 2703 409 2708 —-
445 2694 516 2716 non
540 2686 738 2727 οἴχεται,
771 2697 846 2720 non
881 2686 1066 2720 inutiliter
1089 2684 1202 2729 perit.
1226 2684 1333 2718 SC'H.
1354 2703 1395 2708 —-
1433 2686 1542 2729 poni·-

93 2733 169 2772 την,
194 2729 310 2773 wird,
336 2729 384 2764 ist
409 2730 599 2774 angelegt,
621 2732 851 2775 angewandt.
868 2751 913 2758 —
940 2732 1082 2775 magis,
1108 2742 1217 2776 quam
1240 2730 1314 2765 tuis
1338 2730 1471 2767 literis.
