1795 3043
454 81 771 134 EPISTOLA
805 76 1103 129 ccchvll.
1406 85 1506 133 441

66 203 138 246 ded
167 204 261 245 acta
288 214 343 243 ne
369 213 559 255 agamus3
588 197 754 250 reliqua
769 207 976 249 paremus.
1033 194 1104 236 Me
1133 193 1269 235 adhuc
1297 193 1405 234 haec
1424 195 1506 235 duo
1529 200 1558 240 7

67 261 328 302 fefellerunt:
366 258 490 300 initio
519 269 614 308 spes
643 253 981 305 compositionis,
1030 266 1112 304 qua
1140 254 1279 302 sacta,
1317 252 1512 295 volebam

69 319 132 358 uti
161 315 356 370 populari
381 315 482 366 vita,
511 311 797 354 sollicitudine
826 311 1080 350 senectutem
1098 312 1283 351 nostram
1312 310 1510 360 liberari;

69 374 220 415 deinde
248 372 406 413 bellum
434 371 605 412 crudele
634 371 677 409 et
706 368 926 409 exitiosum
962 367 1118 419 suscipi
1155 382 1180 408 a
1209 361 1410 421 Pompeio
1450 368 1515 407 in-

70 430 322 483 telligebam.
387 427 577 468 Melioris
614 425 773 467 medius
810 423 933 465 fidius
973 424 1079 464 civis
1118 427 1161 464 et
1197 426 1279 466 viri
1314 424 1514 477 putabam

72 487 219 539 quovis
246 485 455 538 supplicio
485 484 599 525 affici
628 494 752 534 quam
778 481 845 521 illi
867 480 1110 521 crudelitati
1138 494 1222 522 non
1242 484 1376 522 solum
1398 493 1517 534 prae-

72 556 176 596 esse,
204 555 349 584 verum
369 542 494 582 etiam
517 541 732 581 interesse.
789 538 964 578 Videtur
983 539 1052 579 vel
1081 538 1189 578 mori
1218 540 1346 579 satius
1375 539 1517 588 fuisse,

73 613 198 653 quam
228 612 316 640 esse
344 611 437 640 cum
465 598 544 640 his.
601 595 668 635 Ad
696 596 801 636 haec
829 595 957 648 igitur
986 594 1137 647 cogita,
1168 595 1227 635 mi
1255 594 1419 648 Attice,
1448 595 1518 635 vel

73 658 216 759 fotius
255 657 456 709 excogita.
526 653 722 703 Quemvis
765 653 959 695 eventum
1005 652 1157 693 fortius
1194 651 1347 705 feram,
1395 663 1520 704 quam

91 727 186 756 runc
215 714 415 755 dolorem.

775 880 825 922 A.

347 959 547 998 CAESAR
577 959 682 995 nup,
717 957 755 995 s.
788 959 838 993 D.
875 957 1117 994 crenaom
1147 934 1254 994 xmp}

192 1032 328 1081 Quum
357 1032 561 1072 Furnium
588 1032 776 1071 nostrum
803 1031 965 1070 tantum
992 1029 1212 1077 vidissem,
1244 1039 1382 1079 neque
1409 1026 1529 1079 loqui

81 1100 217 1142 neque
255 1089 399 1129 audire
437 1101 529 1129 meo
568 1088 783 1129 commodo
812 1087 1059 1138 potuissem,
1095 1097 1367 1139 properarem
1404 1086 1531 1136 atque

83 1158 215 1186 essem
255 1145 301 1185 in
350 1144 524 1193 itinere,
581 1142 820 1196 praemissis
865 1145 947 1184 iam
987 1143 1243 1196 legionibus3
1297 1142 1532 1196 praeterire

82 1204 221 1243 tamen
251 1213 335 1241 non
364 1201 503 1254 potui,
540 1201 641 1253 quin
671 1203 712 1241 et.
731 1200 959 1241 scriberem
981 1200 1031 1240 ad
1052 1203 1095 1240 te
1113 1203 1154 1241 et
1173 1201 1295 1241 illum
1321 1200 1532 1240 mitterem

85 1259 322 1313 gratiasque
353 1270 541 1310 agerem:
591 1259 669 1298 etsi
703 1259 793 1297 hoc‘
825 1259 866 1296 et
894 1256 979 1297 feci
1008 1269 1133 1307 saepe
1162 1262 1204 1297 et
1233 1258 1398 1308 saepius
1426 1255 1535 1296 mihi

86 1317 274 1356 facturus
310 1314 475 1362 videor3
525 1314 584 1353 ita
626 1314 677 1353 de
705 1326 770 1354 me
799 1314 985 1354 mereris.
1044 1314 1092 1353 In
1120 1313 1268 1366 primis
1298 1327 1324 1353 a
1352 1316 1394 1353 te
1422 1314 1535 1364 peto,

90 1371 286 1424 quoniam
326 1369 491 1411 confido
528 1382 594 1409 me
633 1370 830 1410 celeriter
867 1370 919 1410 ad
957 1369 1105 1412 urbem
1132 1373 1378 1420 venturum,
1417 1371 1463 1410 ut
1491 1371 1535 1409 te

92 1494 348 1539 complendum
374 1504 423 1526 ex
447 1493 598 1526 Homeri
624 1493 669 1527 11.
695 1494 752 1533 X,
777 1495 855 1528 224.
889 1495 967 1529 225.
999 1498 1065 1530 καί
1091 1509 1126 1531 τε
1160 1494 1229 1541 πρὸ
1254 1495 1275 1531 ὅ
1303 1495 1370 1531 τυῦ
1393 1492 1539 1537 ἐνόησεν

92 1541 218 1582 ὅππως
240 1541 364 1587 κέρδος
389 1541 442 1583 ἔῃ,
468 1539 686 1583 duobusque
701 1540 991 1574 simuleuntibus
1009 1541 1262 1575 alteralterum
1275 1539 1543 1586 praevertisset

94 1586 314 1630 cogitando,
351 1585 449 1628 quod
483 1596 503 1618 e
535 1596 576 1618 re
607 1585 713 1619 soret.
749 1586 864 1620 ERN.
920 1587 1084 1630 ,‚Denn‚
1109 1589 1182 1621 WVo
1206 1588 1343 1622 Zween
1368 1585 1543 1620 wandeln

94 1632 286 1675 zugleich‚
312 1631 358 1664 da
382 1631 551 1664 bemerkt
575 1630 643 1664 der
667 1632 738 1665 ein’
763 1632 837 1665 und
863 1632 930 1666 der
952 1633 1089 1668 andere
1103 1634 1317 1674 Schneller‚
1342 1644 1419 1668 was
1444 1632 1543 1666 heil-

95 1689 171 1713 sam
197 1677 289 1712 sei.’'
321 1678 455 1710 Worte
480 1676 545 1710 des
566 1677 770 1712 Diomedes
795 1689 839 1712 zu
850 1679 999 1720 Nestor,
1026 1680 1087 1713 die
1114 1681 1180 1714 der
1204 1681 1373 1723 gelehrte
1392 1679 1544 1713 Attikus

95 1723 263 1768 sogleich
288 1723 479 1757 erkannte.
505 1741 550 1748 --
584 1723 656 1757 Sed
678 1728 759 1757 acta
786 1730 875 1768 cet.,
902 1726 1010 1759 Doch
1035 1737 1144 1760 wozu
1165 1737 1236 1760 von
1250 1727 1399 1769 Dingen
1415 1725 1546 1767 reden,

97 1770 159 1805 die
190 1769 263 1803 wir
294 1769 395 1802 nicht
426 1769 574 1802 konnen
607 1771 865 1813 ungeschehen
896 1772 1070 1806 machen'.8
1116 1771 1257 1806 Lieber
1289 1772 1429 1806 wollen
1460 1769 1549 1805 Wir

98 1826 165 1850 uns
188 1825 236 1850 zu
260 1815 358 1850 Dem
383 1815 627 1858 anschicken‚
650 1826 727 1850 was
753 1826 797 1850 zu
823 1818 911 1851 thun
937 1818 1049 1862 iibrig
1073 1819 1243 1862 gelassen
1269 1818 1328 1853 ist.

189 1864 221 1896 7.
261 1861 395 1902 adhuc,
439 1860 595 1894 zeither.
632 1881 676 1887 —
730 1874 883 1907 compos.
900 1889 909 1906 ,
952 1863 1056 1897 eines
1094 1865 1286 1906 gutlichen
1325 1862 1549 1907 Vergleichs

100 1906 289 1942 zwischen
305 1907 418 1941 Ciisar
442 1906 515 1940 und
532 1907 747 1952 Pompeius.
772 1928 817 1934 —
862 1913 918 1942 uti
936 1911 1111 1955 populari
1133 1912 1229 1953 vila,
1255 1911 1351 1944 mich
1377 1921 1441 1944 aus
1466 1908 1550 1942 dem

101 1952 340 1988 offentlichen
371 1952 498 1986 Leben
530 1962 623 1996 ganz
655 1954 989 1991 zuriickzuziehen.
1036 1957 1238 2001 Popularis
1270 1957 1346 1991 vita
1377 1953 1552 1991 Ciceroni

103 2006 181 2041 est,
213 2010 285 2043 qua
308 1999 472 2043 populus
496 1999 632 2039 utitur,
666 1999 747 2034 sine
772 2001 974 2036 honoribus
1008 2010 1044 2036 et
1077 2003 1318 2047 dignitatibus
1352 2003 1480 2036 vivens
1513 2000 1552 2033 in

105 2045 194 2079 otio.
230 2045 416 2096 Dicittse,
448 2044 480 2078 si
505 2044 596 2078 haec
620 2045 721 2079 bella
745 2046 870 2081 civilia
893 2049 1050 2082 fuissent
1075 2049 1298 2093 composita,
1338 2059 1409 2082 non
1436 2046 1553 2083 ambi-

106 2098 228 2138 turum
253 2095 508 2135 magistratus,
543 2091 610 2124 sed
636 2091 672 2125 in
699 2092 814 2126 otium
838 2104 878 2127 se
902 2094 1133 2137 abditurum‚
1175 2102 1214 2129 ut
1238 2102 1408 2129 senectus
1433 2094 1554 2128 libera

107 2137 155 2172 sit
179 2137 224 2171 ab
250 2138 317 2171 hac
341 2136 594 2171 sollicitudine
617 2144 744 2181 partes
768 2139 998 2183 optimatium
1023 2140 1149 2174 tuendi
1183 2147 1219 2175 et
1243 2148 1340 2176 metu
1365 2140 1555 2186 periculo-

108 2194 208 2226 rum,
240 2194 334 2226 quae
359 2184 404 2216 ab
430 2183 585 2217 adversa
609 2183 769 2217 factione
793 2186 968 2229 populari
993 2185 1038 2220 iis
1063 2186 1321 2232 impendeant,
1362 2187 1426 2230 qui
1451 2194 1556 2220 acres

108 2229 217 2263 nimis
249 2229 324 2263 sint
356 2229 395 2263 in
430 2228 513 2263 istis
542 2230 709 2274 partibus
741 2230 1004 2275 defendendis,
1052 2232 1105 2266 uti
1141 2233 1272 2268 fecerit
1301 2233 1421 2267 adhuc
1460 2232 1554 2277 ipse.

112 2275 297 2310 GRAEV.
334 2294 380 2301 --
424 2275 573 2319 suscipi.
609 2276 700 2311 Ern.
731 2287 831 2321 susp.
865 2279 960 2321 quod
987 2278 1143 2324 suscipi,
1184 2281 1365 2323 probante
1398 2279 1483 2313 Sch.
1515 2277 1555 2311 in

110 2321 184 2356 Ed.
207 2320 289 2373 mai.
328 2320 404 2356 Sed
438 2322 506 2356 cfr.
538 2321 701 2366 Madvig.
727 2324 759 2356 1.
799 2334 836 2367 p.
863 2324 940 2358 149.
975 2325 1049 2359 ΟΒ.
1083 2342 1126 2350 -
1180 2327 1355 2361 Melioris
1381 2351 1389 2359 .
1409 2351 1441 2360 ..
1465 2323 1558 2357 civis

113 2371 146 2401 et
177 2367 252 2400 vzri
283 2377 364 2401 esse
392 2365 432 2403 τό
463 2393 474 2403 .
493 2392 502 2401 .
522 2394 530 2401 .
561 2369 680 2411 affici,
724 2368 809 2402 iede
841 2369 1031 2414 beliebige
1063 2371 1223 2415 Mar-ter,
1258 2370 1556 2413 Misshandlung‚

114 2412 235 2449 Strase
260 2422 307 2445 zu
331 2412 510 2447 erleiden.
542 2413 581 2448 S.
603 2414 750 2448 Ramsh.
777 2415 899 2458 §.108,
916 2418 949 2450 3.
977 2417 1053 2452 168.
1090 2418 1231 2452 Grates.
1256 2414 1282 2461 §ss
1302 2418 1384 2460 236,
1410 2417 1557 2449 Zusatz.

115 2476 159 2484 —
189 2459 252 2491 illi
274 2459 484 2492 crudelitati
515 2465 602 2493 statt
634 2459 689 2494 illi
714 2461 815 2494 bello
842 2462 997 2495 crudeli.
1042 2463 1171 2498 Abstr.
1197 2474 1266 2507 pro
1292 2468 1482 2496 concreto.
1514 2479 1558 2485 —

111 2514 278 2550 praeesse
302 2503 377 2537 d.i.
402 2503 485 2539 eine
508 2505 886 2541 Besehlshaberstelle
911 2508 1014 2542 darin
1040 2519 1085 2542 zu
1111 2509 1321 2543 bekleiden.
1347 2526 1389 2534 ——
1436 2516 1561 2540 verum

103 2554 225 2585 ‚etiam
259 2550 448 2592 interesse,
487 2551 647 2585 sondern
672 2551 745 2586 ihm
771 2555 864 2587 auch
888 2564 958 2587 nur
982 2554 1266 2588 beizuwohnen.
1298 2573 1342 2580 -
1388 2565 1465 2586 cum
1491 2553 1560 2591 his,

118 2597 181 2630 mit
204 2597 347 2629 Leuten
378 2596 445 2630 der
470 2596 542 2630 Art
566 2608 604 2631 es
637 2608 682 2632 zu
714 2599 839 2632 halten
873 2599 908 2632 d.
933 2599 957 2634 i.
989 2611 1069 2634 cum
1094 2599 1339 2635 Caesarianis.
1392 2598 1456 2633 Sic
1481 2599 1559 2633 Md.

119 2641 210 2677 cdd.
244 2641 369 2685 Regii.
401 2642 496 2676 Lall.
535 2642 581 2676 iis
613 2643 707 2677 Cett.
744 2645 939 2679 ORELLI.

210 2690 241 2721 1.
277 2688 465 2722 Furnium.
515 2687 552 2722 S.
585 2698 629 2721 zu
655 2690 683 2732 ξ.
703 2691 725 2723 6
749 2690 815 2724 des
840 2690 958 2732 vorig.
991 2691 1129 2724 Briess.
1163 2708 1204 2715 --
1253 2701 1329 2723 meo
1365 2691 1562 2731 commodo,

121 2733 186 2769 mit
203 2734 404 2778 geboriger
418 2733 748 2777 Bequemlichkeit.
764 2753 807 2762 --
837 2738 1037 2781 praeterire
1053 2749 1097 2772 .-:.
1113 2736 1421 2781 praetermittere,
1439 2742 1566 2772 unter-

3 2691 51 2759 ΥΕ

0 2762 53 2796 ‘l

51 2802 54 2839 t
