1795 3043
524 68 836 120 EPISTOLA
872 68 1127 117 ccxcm.
1473 75 1573 123 301

117 186 266 229 obsisti
294 197 378 228 non
407 184 571 238 potuit,
620 196 702 236 quo
740 183 880 224 minus
908 183 1129 236 Thyamim
1168 182 1345 225 videret.
1413 181 1573 224 Filiola
1594 194 1624 233 4

115 248 191 286 tua
209 247 250 285 te
269 243 472 284 delectari
501 243 637 282 laetor
666 243 708 281 et
736 239 909 293 probari
938 240 1017 280 tibi
1048 239 1224 290 φυσικήν
1254 253 1345 281 esse
1372 238 1448 289 τήν
1475 238 1575 288 πρός

116 300 169 341 τοὶ
194 303 329 341 τέκνα.
388 300 579 350 Etenim,
621 299 656 338 si
686 299 792 339 haec
822 309 906 336 non
946 298 1029 349 est,
1074 300 1194 340 nulla
1236 298 1374 350 potest
1412 298 1575 339 homini

117 372 208 400 esse
238 359 289 400 ad
319 358 530 397 hominem
564 356 740 395 naturae
779 353 990 394 adiunctio
1000 367 1012 402 5
1053 366 1136 405 qua
1175 355 1340 395 sublata
1368 354 1481 396 vitae
1510 367 1575 396 so·

117 417 252 458 cietas
282 415 463 455 tollitur.
516 413 658 464 „Bene
689 411 903 461 eveniat,''
943 410 1081 461 inquit
1111 412 1370 464 Carneades,
1401 424 1572 465 spurce:

116 473 191 514 sed
214 475 358 514 'tamen
386 470 634 523 pudentius,
680 481 806 520 quam
836 467 993 507 Lucius
1032 469 1174 507 noster
1214 471 1255 508 et
1283 469 1431 510 Patrot
1483 470 1574 521 qui,

117 542 248 582 quum
286 529 426 568 omnia
462 526 514 567 ad
554 538 597 565 se
625 526 835 573 referant,
881 536 937 556 *w
966 524 1197 576 quidquam
1235 526 1408 566 alterius
1449 539 1576 567 causa

116 587 211 628 fieri
251 587 420 639 putent,
462 585 531 635 et,
570 595 699 634 quum
735 595 784 622 ea
821 593 868 622 re
911 581 1061 621 bonum
1094 582 1233 623 virum
1260 584 1453 635 oportere
1484 594 1576 623 esse

118 643 284 694 dicant,
318 654 373 682 ne
401 641 555 681 malum
583 638 758 690 habeat,
802 651 886 679 non
927 651 1009 690 quo
1049 639 1092 678 id
1130 642 1283 680 natura
1313 642 1475 680 rectum
1505 640 1573 691 sit,

60 742 65 743 .
119 713 204 740 non
233 698 474 751 intelligunt
515 709 558 736 se
587 696 638 736 de
678 695 833 736 callido
872 696 1041 735 homine
1071 696 1216 748 loqui,
1255 708 1339 737 non
1380 697 1432 736 de
1462 697 1574 737 bono

118 758 223 798 viro.
284 755 365 796 Sed
394 755 522 800 haec,
563 754 733 805 opinor,
780 754 877 792 sunt
915 754 959 792 in
999 752 1051 792 iis
1080 752 1222 806 libris,
1262 766 1366 805 quos
1404 756 1448 793 tu
1484 755 1575 794 lau-

117 813 253 854 dando
283 812 444 852 animos
472 810 577 850 mihi
607 810 816 850 addidisti.
878 810 1017 850 Redeo
1055 810 1106 849 ad
1145 823 1246 851 rem.
1307 811 1573 851 Commodum
1595 814 1627 858 5

119 868 414 923 exspectabam
445 868 691 920 epistolam,
723 879 848 918 quam
882 867 1116 907 Philoxeno
1146 867 1351 909 dedisses:
1398 869 1579 921 scripse-

211 1015 245 1050 4.
278 1013 433 1058 probari
464 1013 531 1047 tibi
555 1026 598 1047 Ξ
625 1024 645 1047 a
672 1019 728 1055 te,
768 1012 853 1047 dass
885 1013 977 1046 auch
1008 1013 1072 1047 Du
1107 1013 1174 1047 der
1205 1013 1384 1058 Meinung
1419 1013 1505 1049 bist.
1529 1032 1576 1040 -·

120 1061 318 1107 φυσικὴν
431 1059 505 1102 τήν
534 1057 646 1105 πρὸς
670 1059 716 1093 τοὶ
742 1062 873 1095 τέκνα
897 1059 978 1094 scil.
1006 1059 1162 1107 στοργήν
1188 1060 1314 1103 (quam
1339 1073 1372 1094 v.
1398 1067 1482 1094 ante
1507 1075 1576 1106 φυ-

120 1107 224 1150 σικήν
250 1106 377 1140 exhib.
404 1106 536 1139 Asc.l.
563 1106 832 1147 Crat.Lamb.),
858 1106 1063 1139 naturalem
1088 1117 1170 1140 esse
1194 1117 1289 1151 erga
1308 1106 1449 1140 liberos
1474 1117 1576 1140 amo-

119 1164 211 1188 rem.
252 1152 325 1186 Ein
351 1151 564 1196 Ausspruch
591 1151 656 1184 des
680 1151 918 1186 Xenokrates
954 1163 986 1185 u.
1012 1151 1247 1187 Aristoteles.
1290 1152 1329 1187 S.
1356 1153 1401 1186 de
1426 1152 1575 1187 Finibb.

120 1199 192 1242 IV,
215 1201 247 1232 7.
268 1218 312 1223 —
351 1202 503 1231 naturae
528 1197 736 1239 adiunctio,
769 1198 996 1232 naturliches
1020 1199 1124 1232 Band
1157 1199 1346 1233 zwischen
1371 1200 1575 1233 Menschen

120 1245 197 1278 und
220 1245 434 1278 Menscheu.
454 1263 497 1268 —
533 1255 602 1287 qua
626 1244 769 1277 sublata
794 1271 802 1279 .
819 1269 827 1277 .
844 1270 851 1277 .
878 1245 1034 1287 tollitur,
1059 1245 1176 1278 durch
1200 1245 1332 1279 dessen
1352 1246 1577 1289 Aufhebung

122 1291 188 1324 das
213 1289 551 1334 gesellschastliche
575 1290 703 1323 Leben
728 1290 960 1333 aufgehoben
983 1291 1092 1324 wird.
1121 1291 1159 1326 S.
1179 1291 1327 1325 Ramsh.
1354 1293 1384 1334 §.
1404 1294 1481 1335 171,
1502 1290 1574 1334 ΙΙΙ,

122 1338 162 1377 2,
187 1336 272 1370 Not.
290 1338 324 1370 3.
343 1355 385 1360 —
428 1337 555 1378 „Bene
587 1336 768 1377 eveniat’2,
803 1338 909 1378 moge
941 1347 980 1369 es
1013 1347 1080 1370 uns
1111 1337 1212 1371 wohl
1244 1337 1437 1381 gelingen!
1469 1343 1576 1381 sagte

123 1381 333 1417 Carneades
370 1381 452 1424 (der
485 1381 617 1415 Stister
650 1381 717 1414 der
749 1381 886 1415 dritten
911 1382 1153 1426 Akademie),
1185 1393 1332 1427 spurce,
1369 1384 1430 1417 die
1455 1383 1577 1418 sache

123 1427 190 1462 mit
224 1428 344 1462 einem
376 1427 622 1469 unziichtigen
653 1428 787 1461 VVorte
826 1428 1122 1463 bezeichnend.”
1160 1430 1370 1463 Carneades
1402 1429 1574 1463 nimirum

123 1474 236 1507 uxori
261 1484 524 1517 congressurus
550 1472 692 1506 dixisse
717 1473 924 1507 ferebatur:
963 1475 1095 1519 ἀγαθῇ
1118 1474 1203 1519 τύχῃ
1230 1477 1507 1518 παιδοποιῶμειι.
1530 1493 1575 1504 -—·

118 1520 323 1564 pudentius,
359 1518 421 1553 Sic
446 1519 601 1552 Helmst.
626 1519 777 1553 Balliol.
803 1519 904 1554 Vict.
926 1520 1081 1564 Malasp.
1104 1520 1236 1555 GraeV.
1258 1522 1477 1565 prudentius
1499 1522 1578 1568 Md..

123 1567 223 1601 Crat.
251 1566 377 1599 Lamb.
403 1571 487 1598 cett.
539 1563 728 1607 Quidquid
754 1563 880 1598 dicunt
903 1565 1031 1598 Lamb.
1060 1571 1095 1598 et
1120 1567 1230 1610 Ern.‚
1268 1567 1459 1612 oppositio
1483 1567 1576 1602 mihi

124 1623 274 1655 quoque
300 1612 445 1644 videtur
470 1620 551 1643 esse
576 1610 674 1643 inter
699 1622 734 1644 v.
758 1621 886 1654 spurce
910 1618 946 1644 et
967 1612 1179 1654 pudentius3
1205 1613 1435 1658 impudentia
1455 1621 1577 1649 autem

123 1658 396 1702 Epicureorum
422 1657 587 1689 cernitur
611 1657 648 1689 in
675 1667 719 1690 eo
746 1656 842 1701 ipso,
874 1658 974 1700 quod
1000 1658 1121 1692 omnia
1145 1659 1190 1692 ad
1223 1670 1263 1693 se
1296 1661 1469 1695 referunt.
1511 1661 1576 1696 Sic

124 1703 249 1737 verbis
275 1703 424 1746 quidem
449 1713 599 1746 spurcus
625 1703 854 1745 Carneades,
886 1714 928 1737 re
952 1704 1156 1739 benevolus
1181 1705 1219 1739 in
1244 1706 1438 1750 coniugem
1463 1718 1505 1741 ac
1530 1707 1578 1741 li-

123 1750 258 1792 beros,
290 1759 382 1792 quos
408 1749 599 1792 sperabat:
632 1749 811 1792 Epicurei
834 1750 961 1783 verbis
991 1751 1158 1794 honesti,
1199 1762 1331 1796 reapse
1364 1753 1475 1795 longe
1509 1753 1578 1787 im-

123 1795 365 1840 pudentiores
386 1795 587 1828 Carneade.
638 1795 745 1830 Quod
771 1796 801 1829 si
828 1796 1018 1829 retulisset
1044 1796 1122 1832 Cic.
1149 1797 1193 1830 ad
1219 1809 1323 1841 seqq.
1350 1799 1576 1842 intelligunt,

123 1841 323 1885 sapientius
349 1840 472 1884 potius
498 1840 728 1884 scripsisset,
753 1852 858 1884 quam
887 1843 1112 1885 prudentius.
1143 1844 1337 1879 ORELLI.
1357 1863 1401 1869 —
1442 1846 1581 1880 Lucius

124 1892 247 1921 noster
271 1886 442 1921 Saufeius
475 1892 510 1919 et
540 1887 699 1930 Patron,
740 1888 939 1932 Epicurei,
977 1889 1098 1922 Attico
1132 1890 1345 1924 familiares.
1392 1891 1482 1927 Vid.
1516 1903 1576 1936 ep.

125 1933 395 1968 CCLXXXIV
420 1938 457 1965 et
482 1933 679 1975 CXCVII,
703 1933 736 1966 2.
796 1934 928 1968 Cicero
960 1942 1073 1968 neunt
1107 1935 1209 1970 diese
1240 1936 1322 1970 hier
1352 1943 1439 1971 statt
1470 1938 1579 1972 Aller

124 1979 328 2023 Epikurer.
351 1997 392 2003 —
437 1979 640 2022 quidquam.
682 1979 835 2013 Rectius
867 1986 1068 2014 statuemus
1094 1988 1178 2016 ante
1210 1993 1245 2016 v,
1280 1984 1474 2027 quidquam
1510 1995 1578 2018 ex-

125 2025 262 2059 cidisse
296 2036 358 2058 nec
389 2025 447 2057 vel
482 2024 604 2068 potius
635 2035 823 2068 nunquam.
860 2026 1054 2060 ORELLI.
1104 2027 1155 2061 So
1190 2029 1332 2063 Manat.
1365 2030 1453 2065 Ern.
1488 2030 1574 2065 Sch.

123 2071 218 2105 Liin.
244 2071 395 2104 Andere
420 2077 546 2103 setzen
573 2070 696 2103 hinter
715 2075 840 2114 putent
865 2072 923 2105 ein
941 2073 1230 2115 Fragezeichen.
1256 2074 1307 2108 So
1320 2076 1574 2111 Vict.Bened.

126 2117 260 2151 Graev.
283 2136 327 2141 —
364 2117 470 2149 alter.
498 2127 594 2149 caus.
622 2118 668 2159 f.,
693 2116 776 2150 dass
801 2128 880 2150 man
905 2118 1033 2152 Etwas
1058 2130 1118 2152 um
1134 2120 1304 2154 Anderer
1318 2122 1461 2156 Willen
1487 2123 1576 2156 thun

126 2162 258 2196 konne.
278 2180 319 2187 —-
357 2166 390 2195 et
413 2174 459 2194 =
483 2162 548 2195 sed
574 2174 749 2206 qmem.——
792 2174 834 2196 ea
859 2175 916 2203 re,
943 2164 1182 2208 desswegen,
1208 2177 1251 2199 ne
1274 2168 1411 2201 malum
1435 2168 1576 2212 habeat,

125 2208 240 2241 damit
264 2219 343 2241 man
369 2207 470 2242 nicht
494 2208 611 2242 durch
636 2209 699 2242 das
726 2208 949 2252 Gegentheil
987 2211 1064 2244 sich
1092 2211 1323 2256 Ungemach,
1350 2213 1577 2249 Schmerzen

126 2253 202 2286 und
233 2253 401 2287 Schaden
435 2254 604 2288 zuziehe.
630 2273 674 2279 —
713 2266 784 2288 non
815 2266 882 2298 quo
905 2268 951 2289 =
974 2257 1029 2290 als
1062 2267 1192 2301 wenn,
1229 2260 1331 2294 weil.
1358 2279 1404 2286 -·—
1446 2265 1580 2294 natura

127 2303 282 2339 rectum,
312 2300 447 2347 ὀρθόν,
490 2301 764 2344 natuigemass,
797 2302 1073 2347 pflichtmiissig.
1099 2323 1144 2328 -—
1183 2305 1417 2348 intelligunt,
1454 2307 1531 2341 Md.
1558 2317 1581 2339 a

128 2356 202 2378 sec.
227 2355 271 2378 m.
298 2345 508 2387 intelligant
533 2346 609 2380 Md.
644 2358 664 2380 a
695 2358 750 2392 pr.
783 2358 828 2381 m.
862 2348 978 2383 Codd.
1012 2349 1164 2394 Malasp.
1200 2351 1328 2385 Lamb.
1364 2358 1497 2387 cet.--
1539 2352 1579 2385 in

128 2391 178 2424 iis
202 2390 329 2432 libris,
363 2391 556 2425 Ciceronis
590 2392 636 2426 de
670 2404 711 2427 re
741 2393 904 2437 publica.
942 2394 1077 2429 Libros
1111 2396 1207 2430 enim
1240 2397 1287 2431 de
1317 2398 1468 2433 Fitnibb.
1493 2405 1580 2443 post

128 2436 268 2470 bellum
293 2435 404 2469 civile
428 2437 589 2481 scripsit.
613 2457 658 2462 —
705 2440 814 2473 anim.
840 2451 888 2473 m.
914 2441 1110 2481 addidisti,
1151 2442 1221 2476 mir
1252 2443 1346 2478 Lust
1372 2444 1447 2478 und
1471 2444 1579 2479 Mum

126 2482 298 2527 gemacht
324 2482 424 2524 hast,
456 2483 553 2517 mich
578 2484 674 2518 oster
699 2486 764 2518 auf
784 2485 886 2519 diese
911 2487 982 2520 Art
1007 2498 1051 2521 zu
1076 2488 1340 2533 beschiistigen.

215 2538 251 2572 5.
283 2538 331 2570 ad
355 2548 450 2577 rem,
483 2539 527 2572 ad
553 2540 730 2584 epistolas
755 2547 834 2575 tuas
860 2542 889 2584 §.
905 2544 939 2577 3.
967 2563 1009 2567 —
1054 2545 1286 2578 Commodum
1311 2545 1395 2579 scil.
1420 2545 1464 2579 ad
1490 2552 1580 2580 tem-

126 2594 218 2629 pus,
248 2584 399 2618 adverb.
424 2595 470 2617 =
502 2586 615 2625 eben,
652 2587 785 2630 grade,
814 2587 909 2621 ohne
933 2600 1039 2632 quum
1064 2602 1098 2625 u.
1124 2591 1189 2624 mit
1222 2591 1435 2635 folgeiidem
1461 2603 1579 2636 quum.

125 2641 158 2664 z.
176 2630 218 2664 Β.
244 2630 288 2664 ad
313 2630 426 2664 Attic.
451 2631 562 2673 XIII,
583 2633 604 2666 9
629 2643 662 2666 u.
689 2634 745 2667 30.
778 2634 834 2676 Χ,
857 2635 912 2669 16.
961 2635 1026 2670 Sic
1052 2637 1098 2670 de
1124 2638 1287 2671 Memmii
1314 2637 1414 2671 coni.
1439 2638 1582 2680 Lamb.,

127 2682 167 2708 ut
199 2682 256 2709 est
287 2676 379 2709 alibi
416 2676 513 2720 apud
546 2677 624 2711 Cic.
658 2678 852 2713 Commodo
885 2680 969 2714 cod.
1003 2682 1143 2716 decurt.
1179 2683 1265 2717 Bos.
1292 2682 1408 2727 Saeqq.
1438 2684 1510 2718 ΟΒ.
1537 2702 1582 2709 -

127 2721 324 2765 ΡιῖΙοτρηο,
355 2722 495 2756 liberto
532 2728 569 2756 et
603 2722 850 2769 dispensatori
876 2726 1081 2761 Ciceronis.
1132 2729 1273 2762 Ausser
1304 2729 1446 2763 diesem
1477 2730 1584 2763 kom-
