1795 3043
490 109 804 157 EPISTOLA
849 107 1131 155 CLXXXIV.
1505 110 1539 157 5

82 223 214 266 deret.
278 224 385 266 Tum
416 223 618 273 QuintuS,
661 223 784 272 ‚‚En‚
816 221 955 275 inquit
982 221 1110 271 mihi,
1153 221 1259 264 haec
1289 221 1365 274 ego'
1393 216 1534 273 patio'r

81 280 316 333 quotidie.“
373 282 515 328 Dices,
548 280 671 328 Quid,
705 293 882 332 quaeso,
916 280 1024 320 istuc
1054 278 1172 320 erat?
1202 280 1422 331 Magnum:
1451 277 1529 316 ita·
1552 275 1579 316 4

79 352 164 390 que
204 351 269 379 me
306 339 442 391 ipsum
481 340 788 386 con1111overat;
827 337 888 376 sic
918 336 1099 377 absurde
1138 337 1180 376 et
1209 347 1356 388 aspere
1391 333 1532 375 verbis

78 397 283 447 vultuque
321 395 608 447 responderat.
685 393 956 435 Dissimulavi
996 393 1154 433 dolens.
1229 391 1533 433 Discubuimus

80 465 224 492 omnes
263 455 430 504 praeter
468 452 612 501 illam;
653 451 725 492 cui
753 453 893 491 tamen
925 451 1102 499 Quintus
1143 448 1194 489 de
1223 461 1365 489 mensa
1393 448 1533 496 misit;

78 510 157 549 illa
195 509 359 550 reiecit.
419 509 526 556 Quid
566 508 730 549 multa?
786 507 905 548 Nihil
936 519 1028 547 meo
1057 507 1188 547 fratre
1217 507 1379 554 lenius,
1420 504 1532 544 nihil

80 567 269 617 asperius
308 568 379 606 tua
421 579 566 607 sorore
606 566 714 605 mihi
753 565 886 605 visum
926 566 1008 604 est:
1052 565 1094 603 et
1123 564 1258 604 multa
1295 563 1530 615 praetereo,

78 635 186 674 quae
216 625 306 662 tum
334 623 437 663 mihi
464 623 619 664 maiori
648 623 867 662 stomacho
899 634 1023 672 quam
1052 620 1133 673 ipsi
1164 620 1318 667 Quinto
1345 619 1531 658 suerunt.

79 679 170 731 Ego
200 679 298 719 inde
327 679 562 731 Aquinum;
604 679 782 728 Quintus
812 679 853 717 in
885 679 1051 719 Arcano
1081 677 1296 724 remansit,
1329 678 1370 716 et
1398 674 1531 726 Aqui·

79 748 177 776 num
206 736 258 775 ad
287 749 353 776 me
383 737 585 788 postridie
615 749 738 777 mane
766 735 882 777 venit
911 736 1101 786 mihique
1130 734 1319 775 narravit
1357 745 1437 773 nec
1466 744 1531 771 se-

81 805 176 833 cum
207 793 325 832 illam
355 793 539 834 dormire
557 795 741 835 voluisse
761 794 817 840 et,
850 805 979 843 quum
997 792 1232 832 discessura
1254 791 1374 837 esset,
1398 788 1530 828 fuisse

80 849 307 897 eiusmodi,
350 853 519 901 qualem
558 864 633 904 ego
669 850 879 891 vidissem.
939 849 1049 896 Quid
1079 848 1279 899 quaeris?
1327 846 1404 886 Vel
1444 845 1530 898 ipsi

79 907 160 947 hoc
191 907 306 947 dicas
334 908 452 953 licet,
484 908 786 948 humanitatem
807 907 846 946 ei
866 918 957 946 meo
974 905 1131 946 iudicio
1151 906 1227 946 illo
1247 904 1313 943 die
1333 902 1528 943 defuisse.

79 963 199 1004 Haec
221 963 272 1003 ad
301 965 342 1004 te
373 965 527 1016 scripsi
558 966 734 1005 fortasse
756 962 966 1016 pluribus,
998 975 1124 1014 quam
1153 973 1324 1002 necesse
1344 959 1449 1007 fuit,
1481 959 1530 998 ut

78 1021 245 1060 videres
284 1022 376 1061 tuas
416 1034 583 1073 quoque
623 1033 711 1061 esse
750 1022 893 1073 partes
940 1019 1188 1060 instituendi
1227 1020 1268 1058 et
1317 1015 1530 1058 monendi.

79 1077 300 1128 Reliquum
330 1080 414 1126 est,
448 1080 494 1118 ut
524 1080 644 1126 ante,
676 1090 801 1129 quam
830 1076 1126 1128 proficiscare,
1159 1074 1354 1115 mandata
1383 1073 1528 1113 nostra
1549 1072 1580 1117 5

78 1135 324 1183 exhaurias3
376 1135 535 1175 scribas
573 1134 625 1175 ad
670 1147 736 1174 me
774 1134 939 1182 omnia3
990 1133 1258 1185 Pomptinum
1306 1130 1529 1178 extrudas;

77 1204 205 1242 quum
233 1193 446 1243 profectus
477 1193 582 1239 eris,
616 1204 760 1239 cures,
790 1194 838 1232 ut
876 1191 1021 1232 sciam.
1091 1190 1163 1231 Sic
1199 1188 1378 1235 habeas,
1419 1186 1532 1227 nihil

78 1249 321 1288 mehercule
349 1250 391 1288 te
421 1249 526 1289 mihi
555 1261 633 1289 nec
664 1248 803 1290 carius
833 1260 923 1288 esse
950 1260 1032 1288 nec
1058 1247 1238 1288 suavius.
1277 1245 1325 1286 A.
1347 1245 1534 1295 Torqua-

77 1306 166 1344 tum
197 1306 479 1346 amantissime
509 1306 648 1346 dimisi
677 1305 924 1352 Minturnis,
956 1305 1162 1357 optimum
1181 1305 1341 1345 virumx
1374 1302 1444 1342 cui
1464 1312 1532 1341 me

78 1362 131 1402 ad
162 1364 202 1401 te
233 1361 450 1414 scripsisse
480 1362 656 1414 aliquid,
687 1363 733 1404 in
763 1374 954 1403 sermone
984 1362 1194 1416 significes
1222 1360 1363 1401 velim.

78 1485 116 1519 S.
145 1496 201 1529 ep.
230 1485 371 1527 XLIV,
396 1485 417 1519 4
443 1496 477 1518 u.
504 1496 560 1529 ep.
585 1484 671 1527 LII,
699 1486 729 1518 l.
766 1503 810 1509 -—
835 1488 874 1517 ut
892 1483 1093 1528 prandium
1115 1495 1152 1518 n.
1178 1483 1329 1526 videret,
1354 1480 1419 1516 das
1443 1479 1534 1516 Mit-

79 1539 269 1574 tagsessen
296 1532 354 1564 sur
380 1541 446 1564 uns
472 1541 517 1564 zu
543 1532 739 1574 besorgen.

169 1578 201 1610 4.
250 1578 434 1619 „Magnum
458 1577 540 1619 suit,
566 1578 675 1611 Mehr
700 1577 755 1610 als
780 1587 827 1610 zu
852 1575 946 1609 viel!
972 1595 1015 1601 —
1040 1574 1287 1610 Dissimulavi
1310 1574 1447 1616 dalem,
1471 1572 1535 1606 ich

15 1640 17 1662 ς
78 1623 167 1657 liess
194 1622 262 1656 mir
287 1624 416 1657 Nichts
441 1623 560 1656 davon
585 1623 757 1665 merken,
791 1634 833 1656 so
866 1623 950 1656 weh
986 1633 1026 1656 es
1050 1621 1121 1656 mir
1143 1622 1231 1654 that.
1280 1619 1535 1665 Brachylogie

16 1706 18 1715 x
80 1669 147 1702 der
182 1670 361 1714 Particip.
390 1670 602 1704 Construct.
648 1689 690 1694 —
729 1669 823 1702 m'lzz'l
854 1668 1038 1712 asperius,
1071 1668 1203 1703 Nichts
1227 1667 1460 1701 bal-scheres.
1487 1684 1533 1690 —

16 1719 18 1722 “
79 1727 186 1759 qnam
211 1717 300 1749 disc.
328 1720 428 1759 esset,
455 1716 500 1749 da
525 1715 579 1749 sie
605 1715 707 1749 nicht
731 1716 861 1759 langer
887 1715 987 1748 hatte
1012 1714 1162 1748 bleiben
1187 1714 1339 1747 wollen.
1367 1732 1411 1738 -—
1438 1712 1534 1748 Quid

78 1762 252 1805 quaeris?
284 1763 373 1795 Was
397 1762 468 1795 soll
494 1761 553 1795 ich
576 1762 649 1795 Dir
673 1762 777 1796 mehr
801 1761 940 1805 sagen‘.l
965 1760 1003 1795 S.
1030 1760 1179 1794 Ramsh.
1206 1760 1234 1802 ξ.
1260 1761 1339 1802 174,
1367 1762 1398 1792 1.
1424 1759 1470 1793 N.
1496 1759 1530 1792 5.

78 1812 111 1843 6.
139 1826 180 1833 —
208 1812 243 1841 ut
268 1808 408 1841 videres
432 1813 516 1849 cet„
550 1808 662 1842 damit
694 1809 758 1842 Du
783 1809 920 1849 sehest,
949 1817 987 1840 es
1013 1806 1142 1840 werde
1176 1806 1280 1839 nicht
1306 1804 1534 1848 iiberfliissig

79 1854 173 1893 scin,
202 1865 308 1887 wenn
335 1855 427 1887 auch
452 1855 514 1887 Du
551 1856 614 1888 od.
648 1864 686 1887 es
712 1854 767 1888 sei
792 1853 950 1896 Pfiicht,
977 1853 1061 1887 dass
1086 1852 1180 1887 auch
1204 1853 1268 1886 Du
1294 1852 1418 1895 einige
1443 1852 1533 1885 bru-

79 1900 247 1934 ‹lerliche
272 1902 558 1944 Ermahnungen
584 1901 656 1934 und
683 1907 771 1944 gute
796 1901 944 1935 Lehren
971 1910 1015 1932 an
1042 1899 1096 1933 sie
1128 1899 1291 1942 ergehen
1316 1899 1461 1932 lassest.

171 1948 203 1979 5.
252 1948 367 1990 Rellq.
400 1951 462 1988 est,
489 1951 586 1980 ut...
612 1946 828 1989 exhaurias,
866 1946 1043 1989 iibrigens
1078 1946 1235 1979 ersuche
1269 1944 1332 1977 ich
1366 1944 1530 1978 Dich...

80 1992 274 2036 piinlxtlich
307 2003 351 2026 zu
384 1993 564 2036 ersiillen,
599 2003 645 2026 zu
677 1993 902 2026 vollziehen.
935 1993 1023 2035 Vgl.
1052 2003 1110 2036 ep.
1140 1991 1401 2033 CLXXXIX,
1426 1991 1460 2024 2.
1487 2007 1534 2016 —-·

81 2039 310 2082 Pomplz‘nmn
340 2040 534 2082 emt-aclas,
569 2064 592 2081 „
608 2040 691 2072 Den
717 2038 938 2083 Pomptinus
966 2038 1085 2071 treibe
1110 2048 1178 2070 zur
1201 2037 1533 2080 Beschleunigung

80 2085 203 2118 §einer
227 2085 386 2119 Abi-eise
412 2088 497 2118 an.⁴‘
545 2086 630 2118 Man
656 2086 838 2118 iibersehe
863 2085 933 2117 den
960 2083 1100 2119 Scherz
1127 2083 1174 2117 im
1198 2084 1333 2117 Ausdr.
1361 2084 1534 2117 exn-udas

82 2131 193 2164 nicht.
236 2132 277 2165 C.
302 2132 521 2175 Pomptinus
552 2142 631 2165 war
657 2138 763 2165 unter
789 2131 953 2165 Cicero's
980 2130 1157 2164 Consulat
1182 2131 1321 2164 Prator
1357 2139 1533 2174 gewesen

84 2178 156 2210 und
192 2178 308 2217 solete
342 2178 412 2210 ihm
440 2178 530 2210 ietzt
557 2179 612 2211 als
637 2178 753 2221 Legat
790 2177 824 2210 in
864 2176 968 2210 scine
995 2176 1348 2210 Statthalterschaft.
1410 2176 1449 2210 S.
1486 2186 1535 2210 zu

83 2236 140 2266 ep.
193 2224 373 2266 CXLIX,
402 2225 454 2257 12.
483 2224 625 2267 CLIII,
650 2228 683 2260 6.
712 2224 851 2265 CXCI,
877 2223 911 2256 2.
945 2223 1234 2258 CCXXXVIII.
1264 2223 1373 2256 Catil.
1400 2223 1472 2264 III,
1497 2223 1532 2256 2.

84 2270 203 2303 flacc.
224 2271 279 2304 40.
309 2271 353 2303 de
378 2282 484 2313 prov.
503 2281 601 2304 cons.
629 2272 682 2305 13.
710 2270 786 2303 Dio
807 2270 906 2303 Cass.
926 2270 1131 2311 XXXVII,
1153 2281 1187 2313 p.
1209 2269 1534 2311 50.51.XXX1X,

84 2327 118 2358 p.
150 2317 224 2348 120.
253 2318 355 2349 Orat.
384 2317 460 2349 Pis.
489 2317 544 2351 29.
602 2316 677 2350 Die
708 2317 845 2349 andern
878 2315 959 2349 drei
992 2317 1158 2358 Legateu
1184 2316 1380 2349 desselben
1407 2326 1535 2349 waren

85 2362 134 2394 M.
162 2362 338 2403 Annei-iffi,
366 2363 407 2395 L.
436 2363 584 2396 Tullius
611 2362 683 2396 und
710 2363 752 2398 Q.
781 2363 923 2395 Frater.
951 2381 992 2386 —
1018 2362 1081 2395 Sic
1102 2361 1251 2402 habeas,
1279 2361 1389 2394 nimm
1415 2372 1454 2395 es
1479 2362 1535 2394 als

88 2407 213 2439 Eum<
239 2409 515 2448 ausgcnxachtes
541 2420 597 2442 an.
631 2428 676 2433 —
714 2411 761 2442 A.
799 2409 906 2451 Torq.
947 2419 980 2441 α.
1009 2409 1096 2440 dim.
1124 2408 1237 2441 Mint.
1273 2419 1383 2451 „vom
1416 2408 1536 2441 Aulus

87 2453 298 2495 'sm-quanm
325 2455 404 2487 hab'
427 2455 482 2487 ich
510 2465 554 2488 zu
581 2455 794 2488 Minturnae
819 2455 889 2487 den
915 2454 1326 2488 freundschat'tlichsten
1345 2453 1535 2487 Abschied

34 2534 35 2540 ἵ
89 2502 351 2538 genommvuf‘
418 2501 466 2533 Es
503 2501 546 2533 ist
575 2501 771 2542 desselbe,
801 2511 844 2533 an
878 2500 1046 2533 welchen
1073 2512 1157 2544 epp.
1194 2502 1272 2534 517.
1299 2500 1377 2533 524.
1405 2501 1473 2534 526
1498 2511 1534 2533 u.

88 2545 151 2578 559
177 2546 355 2585 geriem—1
382 2546 477 2579 sind.
506 2547 721 2581 Minturnae
746 2546 829 2579 eine
855 2546 963 2578 Stadt
988 2546 1023 2579 in
1051 2547 1196 2579 Latium
1222 2557 1266 2579 an
1292 2547 1359 2579 der
1387 2547 1537 2580 Grenze

35 2589 36 2599 ¹
92 2601 158 2622 von
185 2592 428 2635 Campanicn,
465 2603 524 2625 wo
551 2593 692 2626 Marius
718 2593 796 2626 sich
822 2603 891 2625 vor
916 2592 997 2625 dem
1023 2591 1129 2627 Sulla
1162 2592 1196 2624 in
1224 2592 1342 2626 einen]
1370 2594 1536 2626 Moraste

91 2639 269 2670 voi-steria
299 2639 407 2671 hane.
437 2658 480 2663 -—
505 2639 693 2682 scripsisse
713 2639 757 2671 de
778 2649 832 2682 se,
857 2638 931 2672 wic
950 2639 1078 2673 Lamb.
1105 2637 1212 2672 lies't.
1240 2657 1283 2665 -
1308 2638 1346 2673 in
1360 2649 1536 2685 sermone,

37 2685 38 2696 ¹
93 2691 194 2716 wcnu
222 2685 280 2718 Du
308 2684 368 2718 ihu
396 2684 571 2729 sprichst,
598 2685 797 2719 miindlich.

943 2760 961 2767 -.
