1795 3043
443 87 755 136 EPISTOLA
790 85 1154 133 CCCLXXXVI.
1431 87 1530 136 553

212 214 526 263 EPISTOLA
561 212 923 261 CCCLXXXVI.
962 212 1043 272 (ad
1076 212 1168 257 Att.
1203 209 1285 256 Xl.
1320 208 1394 267 1.)

79 301 158 338 Scr.
185 301 222 336 in
247 302 388 348 Epiro,
421 303 579 338 fortasse
610 301 648 335 in
674 300 806 335 castris
828 299 1003 345 Pompeii
1035 298 1142 334 initio
1172 296 1310 333 mensis
1333 294 1531 330 Februarii

536 349 583 383 A.
608 348 654 382 U.
680 347 722 382 c,
748 348 826 381 706.
861 349 909 389 (a.
934 347 975 380 c,
1002 347 1073 389 48.)

194 416 234 451 C.
260 416 330 452 Iul.
356 416 517 452 Caesare
541 416 593 451 II.
627 416 669 450 P.
696 413 861 450 Servilio
886 414 1003 451 Vatio
1029 413 1195 449 Isaurico
1222 422 1317 448 coss.
1341 411 1419 447 706.

569 484 756 520 CICERO
788 484 979 518 ATTICO
1012 482 1053 518 S.

192 542 354 596 Accepi
383 557 408 584 a
436 543 479 583 te
508 541 717 597 signatum
746 542 965 590 libellum,
1006 554 1130 593 quem
1167 540 1348 582 Anteros
1385 539 1535 580 attule-

85 601 176 649 rat3
224 613 276 640 ex
312 612 395 652 quo
424 601 534 640 nihil
565 600 675 641 scire
704 601 825 651 potui
861 599 913 640 de
941 598 1094 639 nostris
1123 596 1366 638 domesticis
1394 596 1536 644 rebus,

81 656 133 696 de
165 657 317 708 quibus
346 656 617 697 acerbissime
647 656 854 709 afflictor,
888 656 1021 708 quod,
1062 655 1136 708 qui
1165 668 1233 695 eas
1263 653 1538 705 dispensavit,

84 726 222 765 neque
252 714 366 755 adest
394 713 490 754 istic
520 726 684 765 neque,
738 713 812 754 ubi
841 715 1047 754 terrarum
1077 713 1154 762 sit,
1204 712 1307 753 scio.
1365 711 1539 751 Omnem

84 773 224 810 autem
254 783 369 823 spem
406 770 542 811 habeo
582 770 906 811 existimationis
944 771 1287 822 privatarumque
1316 780 1456 808 rerum
1493 767 1539 807 in

85 830 159 867 tua
188 840 286 881 erga
305 840 370 868 me
398 827 503 867 mihi
532 827 873 880 perspectissima
901 827 1211 868 benevolentiaz
1253 837 1376 876 quam
1406 825 1443 865 si
1473 824 1541 864 his

84 885 343 936 temporibus
372 884 538 925 miseris
568 886 610 925 et
639 885 836 925 extremis
864 884 1148 936 praestiteris,
1196 883 1303 923 haec
1330 882 1540 934 pericula,

85 953 192 993 quac
222 942 325 981 mihi
354 941 590 982 communia
619 944 719 982 sunt
749 954 841 982 cum
872 943 1045 989 ceteris,
1084 940 1235 981 sort-ius
1273 940 1428 987 feram3
1480 937 1542 978 id-

88 1011 172 1049 que
200 1001 246 1038 ut
261 999 416 1050 facias,
445 1000 489 1038 te
508 998 697 1038 obtestor
726 1000 853 1049 atque
872 998 1058 1039 obsecro.
1116 998 1205 1050 Ego
1228 997 1272 1036 in
1295 996 1539 1047 cistophoro
1562 1002 1592 1043 2

85 1055 129 1095 in
159 1056 260 1096 Asia
288 1055 424 1095 habeo
462 1056 513 1095 ad
544 1056 629 1095 HS.
653 1055 718 1095 bis
754 1057 796 1094 et
824 1055 970 1095 vicies.
1028 1055 1165 1095 Huius
1202 1052 1408 1106 pecuniae
1448 1065 1542 1105 per-

85 1113 317 1152 mutatione
347 1112 471 1152 fidem
500 1115 684 1151 nostram
713 1112 841 1151 facile
870 1111 1066 1151 tuebere:
1115 1123 1238 1162 quam
1268 1109 1437 1160 quidem
1467 1121 1543 1161 ego

86 1170 169 1209 nisi
200 1168 436 1221 expeditam
464 1169 705 1219 relinquere
735 1170 963 1220 putassem,
994 1167 1170 1208 credens
1200 1168 1262 1219 ei,
1293 1166 1363 1206 cui
1392 1168 1438 1207 tu
1461 1166 1545 1207 scis

87 1227 170 1267 iam
199 1226 363 1277 pridem
392 1225 566 1265 minime
595 1225 790 1276 credere,
829 1226 1109 1265 commoratus
1139 1237 1269 1265 essem
1297 1224 1544 1276 paullisper,

86 1295 166 1324 nec
196 1282 444 1322 domesticas
474 1294 541 1322 res
570 1282 792 1333 impeditas
821 1282 1105 1332 reliquissem:
1158 1281 1211 1321 ob
1243 1293 1419 1331 eamque
1449 1293 1547 1321 cau-

86 1353 174 1381 sam
203 1341 337 1380 serius
366 1339 418 1379 ad
435 1341 478 1379 te
500 1338 659 1386 scribo,
693 1338 807 1389 quod
824 1350 917 1378 sero
936 1338 1151 1385 intellexi,
1184 1338 1286 1390 quid
1313 1337 1547 1378 timendum

89 1399 211 1439 esset.
269 1397 329 1437 Te
366 1396 493 1436 etiam
531 1397 659 1447 atque
696 1395 823 1435 etiam
855 1407 951 1446 0r0,
996 1397 1043 1434 ut
1079 1408 1147 1435 me
1184 1397 1318 1435 totum
1348 1394 1548 1435 tuendum

89 1454 293 1506 suscipias
304 1467 316 1502 3
353 1454 421 1502 ut,
458 1453 494 1493 si
522 1452 556 1493 ii
585 1452 690 1493 salvi
719 1453 865 1499 erunt,
907 1452 1154 1502 quibuscum
1183 1465 1295 1501 sum,
1339 1464 1423 1492 una
1451 1463 1549 1492 cum

88 1512 143 1551 iis
181 1512 336 1563 possim
372 1510 596 1551 incolumis
633 1521 722 1550 esse
758 1510 1020 1560 salutemque
1056 1521 1191 1550 meam
1229 1508 1549 1550 benevolentiae

88 1570 188 1609 tuae
217 1568 436 1619 acceptam
466 1568 640 1608 referre.

183 1691 213 1722 1.
246 1689 345 1731 sign.
372 1688 462 1730 lib„
488 1687 589 1721 Dein
613 1688 866 1731 versiegeltes
891 1687 1017 1722 Billet.
1057 1707 1100 1712 —
1147 1690 1328 1733 Anteros,
1362 1700 1391 1723 s.
1418 1700 1464 1724 zu
1489 1701 1550 1734 ep.

91 1735 274 1778 CCCLV,
300 1737 334 1770 3.
359 1753 404 1759 —
437 1737 499 1778 qui
523 1744 584 1767 eas
608 1734 702 1777 disp.
718 1759 728 1777 ,
760 1734 828 1767 der
853 1734 909 1767 sie
934 1734 1080 1768 zeither
1104 1736 1334 1769 verwaltete.
1381 1736 1552 1770 Niimlich

90 1781 338 1824 Philotimus,
375 1781 444 1813 der
467 1780 752 1823 Freigelassene
776 1780 844 1813 der
868 1780 1055 1814 Terentia.
1092 1800 1135 1806 —
1183 1782 1287 1824 istic,
1319 1782 1474 1818 Romae.
1508 1802 1553 1808 —

93 1829 251 1862 existim.
279 1827 302 1861 i.
330 1838 361 1861 e.
388 1827 503 1859 famae
527 1826 599 1859 viri
625 1826 712 1859 boni
738 1826 775 1859 in
802 1837 844 1860 re
867 1827 1085 1870 pecuniaria
1108 1827 1218 1862 fidem
1244 1828 1447 1871 se1·vantis;
1487 1830 1554 1865 cfr.

94 1886 152 1918 ep.
185 1885 263 1916 seq.
299 1872 532 1906 ERNESTI.
582 1872 794 1913 ,‚Credits.’'
833 1891 875 1897 —
928 1873 1065 1916 privat.
1103 1884 1196 1917 rer„
1237 1874 1377 1909 meines
1410 1886 1556 1918 ganzen

95 1921 357 1954 Hauswesens.
383 1937 427 1943 —
456 1917 550 1951 mihi
568 1922 766 1962 pei-spect„
791 1918 862 1952 mir
887 1920 1016 1953 hochst
1042 1920 1272 1954 bewiihrten.
1298 1939 1343 1946 --
1374 1921 1429 1955 lzz’s
1448 1926 1554 1966 temp.

95 1967 179 2000 mis.
217 1970 249 1998 el
282 1969 397 2008 extu,
436 1965 506 1997 mir
537 1964 573 1997 in
609 1964 733 1998 dieser
762 1965 973 1999 fiussersten
1002 1966 1300 2012 Vcrlegenheit,
1341 1967 1378 2001 in
1409 1969 1556 2002 welche

94 2013 192 2046 mich
219 2012 286 2045 der
312 2012 444 2054 Drang
469 2021 624 2044 unserer
647 2010 841 2054 unseligen
867 2012 999 2045 Zeiten
1024 2018 1198 2047 versetzt.
1222 2033 1266 2039 —
1304 2015 1411 2057 idque
1434 2019 1474 2048 ut
1498 2016 1556 2058 fa-

95 2059 172 2093 cias
198 2058 222 2092 i.
249 2070 283 2091 e.
309 2064 349 2091 ut
374 2057 430 2090 his
457 2056 685 2100 temporibus
710 2056 800 2090 mihi
827 2058 1122 2091 benevolentiam
1148 2064 1245 2092 tuam
1271 2066 1452 2104 praestes.

186 2104 221 2138 2.
254 2104 294 2138 in
331 2102 559 2146 cistophoro,
602 2102 677 2136 wie
709 2114 767 2146 ep.
790 2104 967 2145 XXXII,
1001 2104 1023 2137 2
1056 2115 1090 2137 u.
1118 2105 1249 2148 XLII,
1273 2107 1307 2140 4.
1357 2105 1395 2141 S.
1422 2117 1467 2140 zu
1495 2117 1556 2151 ep.

97 2151 251 2193 CCCII,
277 2151 310 2185 9.
360 2149 706 2190 CCCLXXXVII,
731 2151 754 2183 3
785 2150 858 2183 und
884 2150 1244 2194 CCCLXXXVIII,
1269 2154 1303 2186 3.
1329 2171 1375 2177 -
1421 2153 1471 2186 ad
1493 2153 1560 2187 HS

97 2197 153 2230 bis
185 2200 218 2229 et
249 2196 380 2236 vicies,
418 2206 539 2239 gegen
563 2195 750 2237 2,200‚000
775 2195 978 2230 Sestertien
1003 2207 1050 2229 ,τ-
1071 2197 1219 2239 220,000
1238 2199 1313 2232 Flr.
1347 2218 1391 2223 —
1439 2199 1562 2232 Huius

95 2253 172 2287 pec.
200 2269 209 2276 .
227 2268 234 2275 .
252 2268 259 2276 .
286 2242 444 2284 tuebere,
469 2241 585 2274 durch
607 2241 835 2286 Umsetzung
851 2242 974 2275 dieses
989 2242 1129 2277 Geldes
1147 2243 1185 2277 in
1201 2244 1402 2278 Romische
1420 2246 1560 2279 Miinze

99 2288 208 2322 wirst
231 2289 294 2322 Du
317 2288 461 2322 melnen
487 2286 617 2321 Credit
642 2287 756 2321 leicht
781 2288 924 2322 decken
949 2288 1110 2323 konnen.
1136 2309 1180 2314 —
1227 2291 1446 2333 relinquere.
1480 2291 1558 2325 Md.

100 2335 360 2378 relinquerem,
400 2333 500 2367 unde
528 2334 657 2367 Lamb.
684 2333 722 2367 in
746 2345 794 2367 m.
820 2335 927 2368 1584:
964 2335 1166 2379 relinquere
1188 2347 1254 2369 me.
1294 2336 1366 2370 ΟΕ.
1418 2348 1561 2379 „wenn

102 2380 161 2414 ich
195 2381 296 2414 nicht
327 2380 505 2423 geglaubt
535 2381 656 2422 hatte,
696 2380 756 2414 ich
790 2379 1028 2414 hinterliesse
1060 2381 1121 2415 bei
1145 2382 1288 2416 meiner
1312 2382 1473 2417 Abreise
1498 2382 1561 2417 die

102 2427 380 2469 Ausgleichung
414 2425 538 2459 dieser
570 2426 711 2459 meiner
747 2426 1181 2470 Geldangelegenheiten
1213 2429 1268 2462 als
1300 2428 1418 2468 vollig
1448 2430 1563 2473 abge-

103 2473 236 2506 macht.
262 2491 306 2497 —
354 2473 409 2513 ei,
443 2472 528 2514 cul,
560 2472 781 2506 Philotimo.
820 2473 859 2508 S.
887 2484 944 2517 ep.
963 2474 1195 2509 CCLXVIII
1220 2485 1256 2508 u.
1283 2470 1490 2510 CCLXIX.
1517 2494 1562 2501 —

102 2518 250 2551 minime
274 2518 432 2551 credere.
480 2518 670 2552 Fortasse:
704 2520 853 2552 minime
876 2530 942 2553 me.
977 2520 1067 2561 (iam
1088 2521 1234 2564 pridem
1256 2530 1312 2552 me
1336 2521 1433 2554 cred.
1471 2522 1561 2556 Asc.

102 2565 177 2608 pr.)
216 2563 411 2596 ORELLI.
447 2582 489 2588 —
537 2575 709 2599 commor.
743 2575 855 2598 essem
887 2565 923 2598 in
955 2565 1075 2598 ltalia.
1108 2585 1152 2590 ——
1199 2566 1351 2608 imped.,
1395 2566 1430 2599 in
1465 2567 1565 2602 Ver-

102 2609 335 2653 wickdung,
367 2609 610 2653 Unordnung.
645 2629 690 2634 ——-
736 2611 823 2655 quid
854 2611 1049 2644 timendum
1080 2615 1170 2644 esset
1200 2612 1279 2645 scil.
1314 2622 1334 2644 a
1365 2612 1563 2648 Philotimi

103 2655 273 2701 perfidia.
300 2674 342 2679 —
378 2666 458 2690 cum
482 2656 549 2700 iis,
574 2655 652 2693 Md.
668 2655 736 2692 his.
762 2675 804 2681 -—
843 2661 976 2701 accept.
1004 2657 1093 2701 ref„
1119 2668 1165 2692 zu
1191 2657 1403 2693 verdanken
1429 2659 1562 2695 haben.
