1795 3043
306 119 618 167 EPISTOLA
656 119 980 166 CCLXXXVI.
1017 120 1360 169 CCLXXXVII.
1463 129 1563 177 291

229 257 539 304 EPISTOLA
579 255 900 301 CCLXXXVI.
957 257 1037 315 (ad
1071 258 1175 305 Div.
1207 258 1327 305 XVI.
1362 259 1433 320 2.)

301 344 382 380 Ser.
408 343 565 390 Alyziae
590 344 686 377 Non.
711 343 808 378 Nov.
832 343 878 377 A.
907 341 951 376 υ.
980 343 1019 377 c.
1046 346 1123 379 704.
1149 348 1198 389 (a.
1223 346 1264 381 c.
1289 346 1364 391 50.)

104 423 389 459 Solicitudinem
416 422 461 457 de
484 422 635 456 Tironis
661 422 874 457 valetudine
898 421 1084 466 significat
1107 428 1164 468 et,
1190 429 1229 459 ut
1254 436 1333 460 eam
1358 424 1561 471 diligenter

695 476 820 513 curet,
853 476 971 512 rogat.

514 548 731 584 TULLIUS
762 548 944 584 TIRONI
975 547 1073 583 SUO
1107 547 1146 583 S.

217 619 310 660 Non
348 631 453 671 queo
492 617 545 659 ad
584 620 627 659 te
660 632 740 659 nec
780 619 899 660 lubet
929 619 1136 667 scribere,
1178 631 1260 671 quo
1304 620 1444 660 animo
1483 618 1561 660 sim

106 675 302 718 affectus:
342 678 503 717 tantum
531 675 670 717 scribo
702 678 743 716 et
771 676 852 716 tibi
890 678 932 716 et
967 677 1072 717 mihi
1109 676 1316 717 maximae
1352 676 1561 729 voluptati

105 735 217 785 fore,
256 735 291 774 si
331 735 372 773 te
409 732 577 773 firmum
618 746 743 784 quam
778 735 962 786 primum
997 733 1154 774 videro.
1214 733 1358 774 Tertio
1388 734 1457 774 die
1486 733 1561 774 abs

105 793 148 831 te
178 790 229 831 ad
257 790 448 843 Alyziam
476 803 796 831 accesseramus
868 792 909 831 Is
947 792 1065 831 locus
1101 793 1163 830 est
1191 791 1300 831 citra
1322 790 1560 831 Leucadem

106 848 240 888 stadia
264 859 357 887 cxx
417 847 611 887 Leucade
647 850 719 888 aut
761 850 802 887 te
844 848 978 900 ipsum
1007 849 1079 888 aut
1115 849 1208 888 tuas
1242 849 1390 888 literas
1418 861 1444 888 a
1472 846 1562 888 Ma-

106 905 224 945 rione
254 903 452 955 putabam
481 917 548 944 me
579 907 867 957 accepiuiffum
928 905 1137 953 Quantum
1174 916 1241 944 me
1281 904 1442 958 diligis,
1471 905 1562 944 tan-

105 963 194 1001 tum
222 961 290 1000 fac
320 962 366 1000 ut
393 962 555 1010 valeas,
588 963 655 1003 vel
683 963 882 1014 quantum
910 962 953 1001 te
983 976 1008 1002 a
1035 973 1102 1003 me
1130 961 1212 1002 scis
1241 961 1374 1014 diligi.
1429 952 1569 1002 Nonis

105 1016 328 1059 Novembr.
357 1017 521 1072 Alyzia.

215 1199 531 1247 EPISTOLA
565 1200 917 1248 CCLXXXVII.
968 1202 1050 1260 (ad
1081 1203 1187 1248 Div.
1224 1202 1347 1249 XVI.
1383 1202 1453 1260 3.)

197 1288 285 1322 Dat.
309 1288 447 1334 Alyzia
470 1298 502 1324 a.
528 1288 563 1323 d.
590 1288 702 1324 VIII.
729 1287 786 1321 Id.
811 1287 906 1322 Nov.
931 1288 976 1322 A.
1002 1288 1047 1322 U.
1074 1289 1113 1323 C.
1140 1290 1216 1324 704.
1249 1290 1297 1333 (a.
1323 1289 1364 1323 C.
1389 1288 1462 1330 50.)

403 1367 545 1411 Rogat,
578 1372 619 1400 ut
643 1366 891 1401 valetudinem
913 1367 1116 1402 confirmet.
1143 1368 1266 1403 1—2.

163 1445 379 1482 TULLIUS
405 1447 472 1481 ET
498 1446 681 1482 CICERO
697 1446 1009 1528 {iRgffllggo
1035 1447 1074 1482 S.
1099 1448 1149 1482 D.
1174 1447 1244 1482 ET
1271 1448 1314 1483 Q.
1339 1445 1512 1482 PATER

223 1560 309 1602 Nos
338 1561 448 1614 apud
476 1562 683 1616 Alyziam,
725 1575 776 1603 ex
806 1575 888 1614 quo
917 1564 1014 1603 loco
1042 1562 1123 1603 tibi
1150 1563 1296 1604 literas
1319 1562 1418 1603 ante
1446 1560 1568 1602 dede-

113 1630 272 1670 ramuS,
312 1631 441 1659 unum
483 1620 592 1659 diem
633 1620 880 1661 commorati
919 1633 1084 1668 sumus,
1135 1620 1248 1672 quod
1286 1620 1465 1668 Quintus
1492 1630 1569 1659 nos

113 1677 362 1716 consecutus
399 1688 483 1716 non
525 1678 624 1717 erat.
683 1678 724 1718 Is
764 1677 853 1732 dies
891 1678 973 1717 fuit
1001 1676 1146 1717 Nonae
1183 1675 1407 1718 Novembr.
1464 1673 1569 1715 Inde

115 1734 213 1772 ante
241 1733 378 1772 lucem
406 1732 738 1784 proficiscentes,
770 1737 868 1774 ante
898 1734 1007 1774 diem
1029 1746 1128 1775 vm.
1147 1734 1245 1774 Idus
1263 1730 1464 1773 Novemb.
1492 1732 1569 1771 has

114 1789 260 1829 literas
288 1789 489 1832 dedimus.
560 1792 643 1838 Tu,
676 1793 711 1832 si
742 1804 816 1832 nos
845 1803 988 1831 omnes
1017 1803 1130 1831 amas
1160 1791 1201 1830 ct
1230 1790 1458 1842 praecipue
1486 1800 1568 1838 me,

114 1846 355 1897 magistrum
384 1849 518 1895 tuum,
561 1847 760 1888 confirma
790 1851 843 1888 te.
902 1849 992 1901 Ego
1031 1847 1152 1888 valde
1188 1859 1388 1900 suspenso
1427 1845 1567 1886 animo
1590 1853 1618 1894 2

117 1905 333 1955 exspecto,
369 1905 550 1954 primum
593 1907 633 1944 te
676 1905 862 1958 scilicet,
900 1904 1050 1945 deinde
1079 1904 1313 1945 Marionem
1351 1915 1448 1943 cum
1485 1903 1570 1944 tuis

117 1959 264 1999 literis.
324 1960 475 2000 Omnes
513 1962 722 2013 cupimus.
762 1975 836 2014 ego
876 1961 921 2001 in
959 1961 1127 2014 primis,
1167 1973 1292 2012 quam
1318 1960 1502 2013 primum
1529 1961 1573 2000 te

118 2015 281 2056 videre:
321 2017 412 2069 sed,
441 2018 499 2058 mi
527 2019 648 2071 Tiro,
690 2020 914 2062 valentem.
985 2019 1122 2067 Quare
1158 2018 1269 2059 nihil
1309 2015 1570 2071 properaris:

211 2162 244 2195 l.
276 2172 344 2204 quo
379 2162 500 2195 animo
530 2173 559 2196 s.
586 2163 670 2206 affl,
710 2163 786 2196 wie
817 2161 887 2196 mir
910 2160 1186 2205 Deinetwegen
1218 2170 1263 2195 zu
1288 2160 1420 2196 Muthe
1444 2159 1505 2196 ist.
1530 2178 1575 2187 —

122 2210 259 2239 tantum
281 2219 327 2240 =
350 2208 419 2241 hoc
444 2209 573 2242 solum.
593 2227 637 2234 —-
674 2210 835 2251 firmum,
873 2208 933 2241 bei
964 2209 1079 2241 fester
1101 2207 1341 2241 Gesundheit.
1359 2226 1402 2232 —
1449 2208 1513 2241 abs
1543 2211 1577 2240 te

121 2252 202 2285 scil.
228 2260 419 2296 postquam
454 2254 716 2297 discesseram3
751 2254 974 2287 discesserat
1010 2260 1130 2287 autem
1162 2263 1183 2285 a
1208 2253 1349 2287 Tirone
1383 2264 1434 2288 w.
1457 2253 1576 2287 Nonis

123 2298 299 2332 Novemb.
334 2301 403 2341 (am
434 2300 467 2333 2.
486 2301 620 2343 Nov.,)
661 2307 701 2334 ut
740 2300 821 2345 ipse
862 2300 1019 2334 affirmat
1057 2310 1115 2350 ep.
1138 2299 1217 2333 292.
1238 2317 1283 2324 ·--
1330 2299 1504 2344 Alyziam
1535 2298 1576 2332 in

45 2366 48 2382 x
124 2344 381 2387 Akarnanien,
413 2345 504 2379 ietzt
534 2326 653 2381 Por'to
686 2346 878 2380 Candello.
942 2345 1034 2379 Hier
1067 2345 1127 2378 ein
1161 2345 1279 2379 Hasen
1312 2345 1386 2379 und
1421 2344 1578 2388 Tempel

6 2411 14 2423 .
46 2387 49 2430 ᾖ
125 2389 190 2422 des
216 2390 417 2430 Hercules,
454 2403 525 2425 von
556 2403 616 2425 wo
653 2392 714 2426 die
747 2392 863 2426 durch
895 2391 1086 2437 Lysippus
1121 2390 1285 2425 daselbst
1315 2390 1579 2434 abgebildeten

48 2438 50 2466 ἑ
126 2436 268 2469 Thaten
296 2436 396 2470 ienes
412 2436 559 2471 Ηρῑόεη
585 2439 676 2472 nach
702 2439 796 2472 Rom
822 2438 1000 2482 gebiacht
1025 2438 1192 2471 wurden.
1208 2456 1250 2461 —-
1282 2438 1404 2471 stadia
1430 2448 1514 2471 cxx.
1532 2447 1581 2472 =

49 2504 51 2526 ,¹
127 2482 170 2515 15
189 2482 316 2516 Remis
321 2482 377 2515 ch.
405 2483 555 2517 meilen.
579 2503 620 2508 —
666 2488 768 2527 tuas,
794 2495 866 2518 von
891 2484 1037 2519 Di1·.—-
1082 2484 1269 2517 Marione.
1304 2483 1343 2517 S.
1369 2482 1486 2526 vorig.
1513 2483 1578 2517 Br.

50 2529 53 2565 ξ
127 2527 155 2570 §.
172 2527 205 2562 2.
222 2546 267 2552 —
306 2528 543 2572 Non.1vov.‚
575 2541 630 2563 am
655 2531 688 2564 5.
705 2531 799 2564 Nov.
822 2550 861 2555 -
900 2529 1056 2574 Alyzia,
1088 2540 1161 2563 von
1186 2529 1322 2574 Alyzia
1345 2538 1422 2562 aus,

217 2586 249 2618 l.
288 2585 469 2628 Alyziam.
510 2585 547 2620 S.
573 2585 693 2630 vorig.
719 2587 784 2620 ΒΓ.
803 2606 848 2612 —-
894 2596 1049 2625 consec„
1083 2586 1268 2628 erreicht‚
1304 2584 1510 2628 eingeholt.
1536 2602 1579 2609 —·

51 2589 55 2679 ἲ,
128 2629 209 2671 fuit.
233 2631 366 2675 Zum)t
391 2632 419 2674 §.
432 2632 508 2665 369.
536 2631 671 2666 Schulz
697 2633 723 2675 ζ).
736 2634 792 2676 72,
805 2635 838 2668 8.
855 2651 898 2658 -
930 2633 1025 2668 Νοη.
1050 2632 1145 2667 Νου.
1171 2633 1204 2666 5.
1223 2631 1317 2666 Nov.
1333 2649 1378 2655 —
1412 2642 1504 2666 νιιι.
1528 2629 1582 2664 id.

54 2683 80 2739 ἱ.
131 2675 246 2719 Noa,
279 2687 334 2709 am
360 2678 392 2710 6.
410 2678 502 2710 Nov.

56 2748 58 2778 i

57 2805 59 2829 ι

217 2722 250 2756 2.
281 2733 449 2766 suspenso
474 2723 571 2756 inter
596 2734 697 2768 spem
729 2729 766 2758 et
789 2730 943 2768 metum,
983 2725 1020 2758 in
1051 2722 1344 2758 schwankender
1368 2721 1587 2766 Ungewiss-

56 2784 58 2803 a
131 2764 217 2801 heit.
239 2786 283 2793 —
324 2769 427 2813 scil„
460 2770 624 2804 versteht
649 2770 739 2805 sich.
753 2789 800 2798 -
829 2770 923 2804 nihil
943 2782 990 2816 pv
993 2781 1071 2815 op
1099 2769 1267 2804 iibereile
1292 2768 1392 2804 Dich
1416 2768 1587 2810 nicht.—

58 2849 63 2944 1,
1231 2829 1315 2870 19*

61 2947 65 3043 i
