1795 3043
281 72 595 119 EPISTULA
630 72 939 120 CCCLXXII.
1008 72 1335 121 CCCLXXIII.
1440 80 1543 130 517

78 186 255 239 cogitat:
289 186 360 226 sed
392 198 485 225 eum
516 186 699 225 insector
714 186 915 226 moratur.
974 187 1067 227 Hoc
1100 187 1309 239 adspersi,
1339 189 1386 227 ut
1406 188 1541 228 scires

76 255 142 283 me
175 245 314 283 tamen
345 243 387 282 in
418 243 637 283 stomacho
667 243 804 283 solere
834 243 990 284 ridere.
1048 247 1114 284 De
1142 244 1388 292 Dolabella,
1426 246 1539 296 quod

4 349 5 352 Ἴ
76 300 248 351 scripsi,
285 300 438 339 suadeo
470 299 631 350 videm,
662 301 872 350 tamquam
904 300 938 339 si
970 303 1042 340 tua
1071 313 1138 341 res
1169 303 1329 356 agatur.
1388 303 1540 342 Extre-

4 354 5 393 ζ
75 369 188 396 mum
217 356 326 396 illud
355 357 460 396 erit:
504 369 580 395 nos
610 356 719 396 nihil
746 355 1036 404 turbulenter,
1085 358 1195 398 nihil
1226 361 1381 399 temere
1411 359 1538 399 facie-

73 426 178 454 mus.
240 414 299 453 Te
326 414 467 453 tamen
498 425 686 464 ommim,
717 413 1039 465 quibuscunque
1063 415 1217 455 erimus
1248 416 1291 455 in
1313 417 1459 469 terris,
1487 418 1535 456 ut

70 482 149 511 nos
176 469 417 521 liberosque
446 472 613 510 nostros
641 470 704 510 ita
732 472 903 522 tueare,
933 473 979 510 ut
1008 472 1198 513 amicitia
1227 475 1371 514 nostra
1401 478 1442 514 et
1461 475 1535 515 tua

70 526 174 568 fides
200 526 444 580 postulabit.

202 699 519 747 EPISTOLA
558 699 892 746 CCCLXXIII.
941 700 1023 759 (ad
1057 701 1162 746 Div.
1199 664 1258 747 V.
1291 704 1396 761 19.)

175 787 258 822 Ser.
290 787 329 821 in
348 788 511 823 Cumano
545 794 708 822 exeunte
730 787 858 833 Aprili
883 790 929 822 A.
954 788 999 823 U.
1026 789 1064 824 c.
1090 789 1170 824 705.
1204 790 1254 832 (a.
1281 790 1321 824 c,
1347 790 1421 832 49.)

64 868 248 913 Pompeio
266 867 376 902 Italia
399 868 529 913 pulso,
555 868 599 902 L.
617 869 822 903 Mescinius
841 869 978 909 Rufus,
1006 868 1201 904 Ciceronis
1226 874 1335 904 antea
1355 876 1531 913 quaestor

65 915 104 949 in
128 915 345 960 provincia,
376 915 413 949 in
440 915 564 957 illius,
598 922 779 958 tamquam
805 916 861 950 rei
887 914 1080 960 publicae,
1118 922 1239 950 castra
1270 916 1430 950 transire
1455 927 1530 951 non·

133 962 245 1007 plane
271 967 395 996 certus
420 961 629 1006 cogitabat,
662 973 770 1006 quem
796 963 931 997 Cicero
956 961 1146 996 corfirmat
1171 969 1227 1005 et,
1252 968 1293 997 ut
1317 969 1462 1000 maneat

497 1007 535 1041 in
560 1008 763 1052 sententia,
799 1009 942 1043 suadet.
979 1009 1093 1042 1—2.

612 1088 798 1122 CICERO
824 1088 976 1123 RUFO.

179 1156 274 1198 Etsi
303 1156 409 1197 mihi
436 1169 652 1207 nunquam
682 1157 858 1198 dubium
885 1160 991 1212 fuit,
1022 1160 1126 1211 quin
1144 1159 1223 1201 tibi
1245 1169 1379 1199 essem
1400 1156 1529 1198 caris-

67 1215 217 1264 simus,
262 1215 402 1254 tamen
441 1215 632 1265 quotidie
667 1216 799 1267 magis
836 1215 880 1255 id
921 1217 1153 1269 perspicio:
1204 1217 1427 1266 exstatque
1468 1214 1527 1266 id,

65 1271 177 1324 quod
205 1271 311 1311 mihi
331 1271 571 1311 ostenderas
600 1271 849 1323 quibusdam
868 1273 1025 1325 literis,
1056 1275 1138 1314 hoc
1168 1275 1209 1313 te
1231 1271 1528 1312 studiosiorem

64 1329 109 1369 in
149 1341 214 1369 me
254 1327 430 1368 colendo
467 1329 579 1380 sore,
626 1341 751 1380 quam
791 1329 834 1368 in
864 1330 1085 1381 provincia
1112 1331 1284 1382 fuisses,
1319 1351 1376 1358 —
1435 1328 1527 1377 etsi,

64 1398 157 1426 meo
197 1385 381 1432 iudicio,
434 1385 542 1425 nihil
583 1386 635 1425 ad
664 1388 781 1425 tuum
811 1388 1076 1437 provinciale
1107 1387 1298 1428 officium
1329 1385 1427 1426 addi
1455 1397 1530 1438 po-

11 1450 12 1455 ’
64 1445 146 1484 test
185 1464 243 1472 ·-—
300 1454 382 1493 quo
419 1442 597 1482 liberius
636 1442 843 1483 iudicium
881 1457 970 1484 esse
1005 1447 1148 1497 posset
1182 1447 1313 1485 tuum.
1380 1443 1530 1494 Itaque

64 1513 131 1541 me
152 1502 193 1539 et
214 1499 453 1550 superiores
474 1501 624 1540 literae
643 1504 739 1540 tuae
768 1500 988 1541 admodum
1009 1501 1348 1552 delectaverunt,
1378 1499 1530 1551 quibus

65 1558 108 1597 et
138 1558 426 1609 exspectatum
448 1569 584 1596 meum
615 1557 837 1597 adventum
868 1558 1006 1599 abste
1035 1561 1227 1600 amanter
1250 1557 1443 1599 videbam
1473 1559 1529 1609 et,

62 1627 193 1667 quum
229 1614 356 1654 aliter
393 1625 462 1653 res
500 1613 724 1654 cecidisset
772 1626 823 1654 ac
862 1616 1075 1669 putasses,
1132 1617 1176 1656 te
1214 1627 1308 1655 meo
1348 1613 1529 1655 consilio

64 1733 316 1777 magistratum
344 1744 438 1767 anno
464 1733 639 1777 proximo
665 1735 724 1768 vel
751 1734 928 1781 deinceps
953 1736 1127 1780 gessisse.
1157 1736 1267 1772 SCH.
1306 1736 1433 1770 Ueber
1457 1735 1531 1780 Op-

60 1781 145 1824 pius
170 1790 198 1814 S.
227 1780 271 1814 ad
297 1779 408 1813 Amic.
437 1781 487 1820 V,
516 1782 547 1813 l.
586 1781 629 1813 ad
658 1782 701 1815 Q.
727 1781 789 1815 Fr.
816 1782 896 1825 ΙΙΙ,
922 1785 950 1817 l.
980 1802 1021 1807 —-
1059 1784 1109 1817 M.
1139 1783 1289 1816 Curtius
1311 1783 1529 1817 Postumus.

14 1839 15 1843 ¹
65 1826 103 1861 S.
130 1827 175 1860 ad
202 1826 247 1860 Q.
272 1826 332 1859 Fr.
361 1826 423 1868 ΙΙ,
451 1826 505 1859 15.
534 1827 589 1860 16.
624 1827 701 1869 ΙΙΙ,
729 1830 761 1862 1.
812 1828 857 1861 ad
883 1829 996 1863 Attic.
1023 1830 1080 1872 X,
1107 1831 1162 1864 13.
1196 1830 1274 1872 IX,
1300 1830 1322 1863 2
1348 1830 1450 1872 (343,
1475 1829 1528 1871 3).

65 1872 164 1914 XII,
190 1873 245 1905 49.
279 1872 401 1913 XIV,
427 1872 460 1905 9.
488 1891 531 1896 —-
565 1873 759 1916 ‹Itbaphum
783 1875 924 1917 cogitat
950 1876 971 1909 i.
991 1888 1020 1909 e.
1047 1887 1166 1920 augur
1191 1876 1274 1909 fieri
1299 1875 1414 1920 cupit.
1452 1876 1530 1909 Au-

65 1929 178 1963 gures
196 1919 291 1951 enim
318 1928 485 1962 purpura
510 1917 565 1951 bis
581 1919 693 1953 tincta
709 1921 918 1956 utebantur.
953 1922 1142 1956 Manutius
1159 1921 1387 1966 comparavit
1407 1923 1529 1956 locum

67 1966 112 1999 nd
139 1964 245 1998 Attic.
275 1965 334 2005 II,
359 1965 380 1998 9
407 1966 481 2008 (ep.
505 1964 538 1998 h.
561 1965 618 1999 ed.
636 1967 729 2008 35.):
769 1966 916 2001 Vatinii
946 1972 1129 2001 strumam
1154 1969 1354 2002 sacerdotii
1383 1967 1526 2014 διβάφῳ

67 2012 233 2045 vestiant.
267 2010 373 2044 SCH.
409 2027 452 2035 --
500 2011 676 2053 infector,
714 2012 781 2046 der
804 2013 948 2048 F‘arber
981 2015 1059 2048 halt
1092 2015 1154 2047 ibn
1179 2015 1274 2047 noch
1300 2016 1369 2048 auf.
1418 2015 1528 2048 Nam-

67 2058 143 2092 lich
170 2058 293 2092 Ciisar.
321 2075 365 2081 —-
413 2057 602 2100 adspersi,
637 2058 759 2091 obiter
782 2059 913 2094 adieci.
939 2079 984 2085 —
1019 2062 1057 2093 in
1082 2060 1288 2099 stomacho,
1326 2061 1442 2094 selbst
1467 2058 1529 2093 bei

67 2105 177 2138 iibler
201 2104 339 2137 Laune.
366 2122 410 2127 —
457 2104 599 2146 ridere,
639 2105 828 2139 scherzen.
855 2126 900 2131 -
936 2107 1070 2139 suadeo
1096 2108 1230 2140 videas.
1269 2107 1394 2141 Velim
1420 2116 1530 2140 cures

17 2146 18 2153 ¹
67 2149 242 2196 praeberi
275 2150 335 2183 vel
368 2149 448 2182 dari
486 2160 713 2183 nummorum
747 2152 846 2194 quod
884 2153 1042 2196 scripsi3
1093 2164 1173 2186 nam
1205 2153 1264 2187 his
1299 2154 1379 2187 sine
1413 2151 1530 2186 dubio

68 2198 216 2240 egebat.
265 2196 416 2230 Terent.
445 2195 645 2230 Heautont.
673 2197 750 2239 III,
776 2200 816 2240 l,
842 2199 902 2232 50:
942 2199 1045 2232 aliud
1070 2199 1207 2241 lenias,
1241 2201 1401 2241 scribes,
1435 2199 1529 2232 vide.

18 2247 19 2251 ’
69 2243 115 2277 ad
140 2242 253 2277 Attic.
280 2243 341 2284 V,
368 2244 387 2276 1
414 2242 466 2285 (h.
493 2243 550 2276 ed.
580 2243 690 2285 184.):
724 2248 762 2276 ut
782 2245 981 2288 prandium
1006 2245 1109 2279 uobis
1132 2246 1283 2281 videret.
1313 2243 1530 2281 GRONOV.

159 2311 306 2345 RUFO.
354 2309 394 2345 S.
420 2322 481 2356 ep.
501 2311 632 2346 CCCII
658 2311 706 2345 im
723 2312 808 2346 Ans.
842 2313 1062 2357 CXCVIII,
1087 2315 1108 2349 4
1134 2315 1207 2348 und
1233 2325 1280 2349 zu
1306 2326 1364 2360 ep.
1379 2312 1532 2349 CCCVI

19 2362 20 2377 ³
69 2369 126 2392 am
151 2358 270 2392 Ende.

160 2417 194 2449 1.
221 2418 416 2458 exstatque,
440 2415 517 2449 und
532 2425 571 2449 es
587 2414 734 2460 springt
752 2415 789 2449 in
808 2415 869 2449 die
890 2417 1033 2461 Augen.
1055 2436 1098 2442 —
1131 2417 1200 2451 etsi
1214 2443 1222 2452 .
1236 2442 1244 2452 .
1266 2418 1362 2452 nihil
1377 2443 1385 2451 .
1399 2443 1426 2451 ..
1443 2415 1533 2450 addo·

69 2465 206 2506 potest,
241 2460 417 2504 obgleich
445 2487 452 2494 .
473 2487 481 2495 .
503 2488 512 2496 .
538 2472 619 2495 man
644 2473 717 2495 von
742 2462 817 2496 Dir
842 2462 944 2496 nicht
968 2465 1080 2498 Mehr
1105 2465 1308 2508 verlangen
1334 2465 1452 2505 kann,
1477 2463 1533 2497 als

20 2542 21 2546 ,
73 2509 165 2543 Was
190 2508 251 2542 Du
279 2508 316 2540 in
341 2507 499 2540 Deinem
532 2507 740 2551 damallgen
765 2509 1152 2544 Dienstverhaltnisse
1188 2520 1233 2543 zu
1259 2510 1330 2544 mir
1359 2509 1536 2553 geleistet

73 2554 108 2589 d.
130 2555 152 2588 i.
179 2553 354 2597 obgleich
378 2553 440 2587 Du
466 2553 538 2586 alle
562 2554 746 2588 Pflichten
773 2556 971 2590 desselben
996 2557 1125 2590 ersiillt
1150 2557 1245 2590 hast.
1270 2577 1315 2582 —
1349 2567 1418 2600 quo
1443 2555 1533 2588 libe-

21 2620 22 2623 =
75 2604 156 2634 rius
182 2626 190 2634 .
212 2626 219 2634 .
238 2626 246 2634 .
273 2604 391 2643 tuum,
430 2599 494 2641 „ie
519 2601 622 2634 mehr
655 2611 694 2635 es
720 2601 809 2635 ietzt
833 2601 895 2636 die
919 2602 1013 2636 sreie
1038 2602 1227 2645 Wirkung
1250 2602 1393 2637 Deines
1419 2602 1534 2636 unbe-

22 2654 23 2669 ³
76 2647 260 2691 fangenen
294 2645 463 2680 Urtheils
498 2645 578 2680 sein
611 2646 770 2681 konne.’'
821 2649 902 2682 Der
931 2648 1179 2691 wortreiche,
1217 2648 1537 2693 kunstlichperio-

22 2722 24 2740 N
79 2693 209 2727 dische
220 2692 293 2727 Stil
319 2693 483 2735 verram,
509 2692 593 2727 dass
619 2693 744 2727 dieser
767 2693 876 2728 Brief
899 2695 959 2729 ein
985 2694 1385 2738 Complimentenbrief
1407 2695 1465 2730 ist.
1494 2712 1537 2718 —

23 2747 24 2775 t
81 2740 296 2783 adventum,
341 2737 464 2773 meino
488 2738 716 2784 Gegenwart
747 2739 784 2774 in
810 2740 917 2774 Rom.
951 2759 995 2767 —-
1039 2750 1118 2774 meo
1142 2742 1318 2785 consilio,
1361 2742 1454 2776 tiber
1477 2740 1540 2775 die
