1795 3043
0 2307 9 2699 auu—<---*

324 188 396 245 Μ.
475 188 537 243 Τ.
620 185 1328 242 CICERONIS

102 286 1555 379 EPISTOLAE

153 429 317 475 POST
352 425 800 473 DECESSIONEM
831 426 874 470 E
917 424 1260 470 PROVINCIA
1294 424 1505 479 USQUE

386 496 468 541 AD
512 493 766 539 INITIUM
805 493 992 538 BELLI
1037 493 1263 538 CIVILIS

304 582 587 625 EXTREMIS
621 582 906 624 MENSIBUS
945 581 994 622 A.
1024 582 1077 624 U.
1110 582 1152 622 C.
1181 581 1360 623 DCCW.

618 658 645 693 S
671 659 701 694 C
725 660 761 694 R
786 660 803 693 1
827 660 861 695 P
889 660 922 693 T
948 661 981 694 Α
1005 660 1049 693 Ε.

257 812 571 860 EPISTOLA
614 812 896 858 CCLXXXI.
969 811 1050 871 (ad
1083 811 1174 856 Att.
1209 809 1286 855 VI.
1322 810 1395 868 S.)

320 899 402 935 Ser.
428 899 572 944 Ephesi
596 899 677 933 Kal.
704 900 786 934 Oct.
813 900 858 933 A.
885 899 930 933 U.
958 899 997 933 C.
1026 898 1102 932 704.
1128 898 1179 942 (a.
1202 897 1242 932 C.
1268 897 1342 939 50.)

108 969 224 1005 Attici
260 968 380 1003 literis
414 979 434 1001 a
464 967 626 1001 Batonio
660 967 824 1012 acceptis
849 979 889 1001 se
913 967 1106 1009 laetatum,
1143 965 1265 999 allatis
1296 971 1416 998 autem
1442 964 1486 997 ab
1513 975 1558 997 eo

106 1015 311 1051 «erroribus
337 1014 569 1049 Caesarianis
594 1015 834 1048 cohorruisse
859 1013 999 1047 scribit.
1028 1012 1150 1046 1—2.
1198 1012 1259 1045 De
1281 1010 1385 1044 Hirri
1410 1010 1561 1053 repulsa

162 1062 254 1106 quid
280 1061 314 1095 ei
339 1061 531 1103 videatur,
566 1060 724 1103 quaerit.
748 1063 784 1096 3.
834 1060 879 1093 de
904 1059 1038 1092 itinere
1063 1069 1130 1093 suo
1157 1058 1281 1091 refert.
1308 1057 1343 1091 4.
1394 1062 1432 1089 ut
1456 1055 1503 1089 de

498 1105 687 1151 triumpho
713 1117 780 1140 suo
806 1105 966 1149 cogitet,
990 1110 1107 1148 rogat.
1132 1104 1165 1139 5.

596 1175 778 1211 CICERO
810 1174 997 1210 ATTICO
1029 1172 1070 1210 S.

111 1227 267 1296 Quum
294 1257 568 1298 instituissem
597 1257 650 1298 ad
679 1259 722 1297 te
750 1257 935 1298 scribere
964 1258 1255 1306 calamumque
1279 1253 1562 1304 sumpsissem,

109 1313 313 1355 Batonius
342 1327 364 1353 e
394 1314 491 1354 navi
518 1315 635 1354 recta
664 1314 717 1354 ad
746 1327 812 1354 me
840 1314 955 1353 venit
974 1313 1138 1353 domum
1156 1310 1316 1364 Ephesi
1345 1312 1386 1349 et
1415 1309 1566 1361 episto-

109 1371 195 1412 lam
225 1372 339 1410 tuam
365 1369 547 1410 reddidit
574 1370 712 1422 pridie
740 1370 837 1412 Kal.
868 1369 1083 1409 Octobres.
1153 1369 1352 1408 Laetatus
1382 1378 1472 1406 sum
1509 1367 1567 1405 se-

111 1428 275 1468 licitate
315 1427 590 1480 navigationis
625 1429 743 1479 tuae,
784 1427 1098 1479 opportunitate
1127 1426 1286 1473 Piliae,
1330 1424 1456 1463 etiam
1483 1434 1568 1461 me-

112 1485 288 1524 hercule
316 1496 505 1524 sermone
535 1483 719 1524 eiusdem
747 1482 798 1523 de
828 1483 1023 1536 coniugio
1054 1482 1222 1522 Tulliae
1251 1492 1385 1522 meae.
1443 1480 1566 1519 Bato·
1589 1482 1618 1520 2

112 1542 207 1582 nius
238 1543 374 1580 autem
410 1541 537 1580 miros
576 1542 760 1580 terrores
791 1540 844 1580 ad
871 1552 938 1580 me
967 1539 1108 1579 attulit
1138 1538 1434 1578 Caesarianos:
1473 1548 1570 1576 cum

114 1598 246 1650 Lepta
278 1597 402 1637 etiam
428 1598 553 1649 plura
581 1598 750 1637 locutus
781 1599 862 1636 est:
902 1608 1040 1648 spero,
1069 1595 1196 1645 falsa,
1227 1595 1299 1636 sed
1329 1596 1443 1635 certe
1475 1594 1571 1632 hor-

115 1655 278 1695 ribilia:
321 1654 553 1694 exercitum
589 1655 706 1693 nullo
745 1653 868 1693 modo
897 1653 1186 1694 dimissurum:
1221 1665 1315 1693 cum
1347 1652 1422 1691 illo
1453 1662 1573 1702 prae-

115 1714 226 1752 tores
253 1710 509 1763 designatos,
546 1710 733 1751 Cassium
771 1711 986 1751 tribunum
1016 1710 1177 1763 plebis,
1216 1709 1445 1748 Lentulum
1476 1719 1572 1746 con-

115 1769 247 1808 sulem
276 1768 436 1809 facere:
465 1768 668 1819 Pompeio
686 1768 730 1807 in
751 1767 890 1808 animo
911 1780 999 1807 esse
1029 1766 1178 1807 urbem
1206 1767 1458 1817 relinquere.
1490 1762 1572 1803 Sed
1596 1776 1622 1814 3

115 1824 220 1865 heus
249 1825 316 1876 tu,
354 1824 558 1876 numquid
592 1825 765 1865 moleste
806 1826 890 1864 fers
918 1824 970 1864 de
999 1825 1098 1873 illo,
1142 1824 1215 1876 qui
1253 1835 1296 1863 se
1327 1823 1432 1862 solet
1461 1822 1574 1860 ante-

210 1950 241 1982 1.
277 1952 375 1981 recta
400 1947 480 1989 via,
513 1948 672 1992 gerades
702 1949 863 1993 VVeges,
897 1949 1026 1982 sosort.
1049 1966 1091 1973 --
1139 1947 1237 1991 prid.
1269 1947 1357 1981 Kal.
1388 1947 1482 1988 Oct.,
1518 1956 1572 1978 arn

119 1996 177 2029 30.
196 1994 428 2039 September.
449 2013 491 2018 —
534 1995 661 2036 naz-ig.
687 1998 768 2027 tuae
799 2006 847 2028 ex
872 1993 988 2038 Epiro
1023 1994 1061 2027 in
1086 1993 1243 2028 Italiam.
1262 2012 1305 2018 -
1345 1996 1483 2036 opport.
1510 1991 1576 2025 Pi-

122 2040 194 2074 liae
219 2041 349 2074 uxoris
375 2048 478 2082 tuae,
517 2052 610 2082 quae
637 2040 704 2074 tibi
730 2041 874 2074 obviam
899 2051 1098 2085 progressa
1123 2046 1334 2084 opportune
1363 2037 1575 2072 advenienti

124 2086 340 2121 occurrerit.
364 2086 570 2121 MANUT.
617 2098 696 2131 opp.
724 2088 816 2120 iiber
842 2087 906 2119 das
937 2098 978 2121 so
1004 2087 1187 2131 gelegene
1211 2085 1577 2126 Zusammentreffen,

125 2133 330 2168 Antreffen.
355 2151 400 2157 —-
438 2133 584 2174 contug.
612 2135 677 2166 mit
703 2133 913 2167 Dolabella.

215 2179 247 2212 2.
285 2178 483 2221 Batonius,
512 2179 706 2213 Ciceronis
731 2180 882 2213 amicus.
900 2198 940 2203 —
984 2179 1131 2213 caesar.
1159 2191 1204 2212 =
1226 2179 1272 2212 de
1298 2179 1475 2216 Caesare,
1507 2176 1578 2210 den

127 2224 241 2258 Ci'isar
276 2225 557 2258 betreffend.—
597 2225 644 2260 Q.⁷
674 2226 809 2270 Lepta,
841 2225 1032 2268 praefecto
1058 2226 1210 2259 fabrum.
1246 2224 1336 2259 Vid.
1371 2225 1413 2258 ad
1447 2222 1577 2257 Famii.

129 2269 200 2311 111,
219 2272 239 2304 7
265 2270 499 2313 (CCXLIV).
537 2270 576 2305 S.
602 2282 648 2305 zu
672 2283 731 2315 ep.
753 2271 899 2313 CCL11‚
914 2271 970 2305 22.
996 2271 1146 2305 DXXI.
1172 2271 1388 2305 DCXXXI.
1427 2270 1480 2303 Er
1505 2279 1582 2301 war

129 2315 193 2349 bei
219 2315 381 2350 Cicero's
416 2316 668 2360 Kriegsheere
701 2318 738 2350 in
764 2317 920 2351 Cilicien
954 2328 1127 2361 gewesen
1160 2317 1234 2350 und
1266 2317 1467 2360 begleitete
1505 2314 1582 2355 ihu,

132 2361 193 2395 bei
225 2361 306 2394 dem
326 2373 381 2411 *er
413 2362 488 2395 viel
521 2364 613 2407 gast,
651 2363 740 2397 ietzt
763 2364 826 2397 auf
847 2363 970 2397 seiner
994 2363 1212 2397 Rnckreise.
1230 2382 1275 2389 —
1313 2374 1392 2396 cum
1425 2362 1490 2394 z'llo
1518 2387 1526 2394 .
1544 2386 1552 2393 .
1574 2386 1582 2393 .

132 2408 270 2449 facere,
298 2407 436 2440 hielten
462 2418 501 2442 es
524 2409 590 2442 mit
615 2409 762 2443 ihm.-
799 2410 1021 2444 amasium
1045 2410 1267 2453 Longinum,
1294 2408 1479 2442 tribunum
1505 2406 1584 2451 ple-

133 2453 192 2487 bis
218 2452 462 2496 designatum.
502 2454 555 2488 Er
578 2466 656 2489 war
680 2455 739 2488 ein
764 2455 911 2490 Bruder
937 2457 1002 2488 des
1026 2455 1305 2499 nachmahligen
1322 2454 1494 2488 Morders
1521 2452 1585 2485 des

136 2500 283 2540 casam,
309 2500 391 2533 dem
417 2510 464 2533 er
488 2501 636 2535 selbst
660 2502 724 2535 mit
748 2501 923 2545 hitzigem
942 2501 1047 2535 Eifer
1071 2502 1218 2544 anhing.
1236 2521 1280 2526 -
1311 2501 1353 2533 L.
1373 2497 1586 2532 Cornelium

138 2545 328 2579 Lentulum
354 2545 467 2586 Orus,
501 2557 596 2580 cons,
621 2547 864 2590 designatum.
903 2547 1042 2581 Dieser
1073 2559 1153 2581 war
1176 2548 1265 2581 aber
1290 2546 1337 2579 im
1363 2543 1587 2587 Gegentheil

139 2591 291 2635 eisriger
316 2591 576 2636 Pompeianer.
619 2593 706 2628 Von
739 2594 811 2627 den
843 2594 928 2627 acht
961 2594 1164 2627 erwiihlten
1189 2594 1368 2626 Pratoren
1401 2590 1587 2624 erkliirten

139 2636 218 2671 sich
241 2648 310 2671 nur
334 2637 501 2682 Lepidus
526 2649 558 2672 u.
586 2638 746 2673 Roscius
770 2640 828 2673 fur
854 2639 924 2673 den
950 2641 1072 2675 Ciisar.

229 2685 262 2718 3.
289 2683 374 2717 heus·
398 2686 455 2717 tu!
481 2683 667 2718 ein*w0rt
692 2685 739 2719 im
764 2686 992 2721 Vertrauen!
1009 2704 1052 2711 —
1085 2686 1128 2719 de
1152 2685 1219 2717 illo
1246 2683 1285 2717 C.
1303 2682 1438 2724 Hirro,
1478 2682 1591 2723 „dass

144 2728 182 2762 C.
205 2728 338 2764 Hirrus
369 2730 430 2764 bei
463 2729 585 2765 seiner
617 2732 857 2776 Bewerbung
889 2743 949 2767 um
984 2731 1047 2766 die
1080 2730 1259 2766 Aedilitiit
1292 2729 1497 2764 {ibex-mahts
1528 2728 1592 2772 (im
