1795 3043
221 103 322 151 562
469 96 537 149 Μ.
571 96 627 141 T.
674 94 1018 142 CICERONIS
1064 95 1438 142 EPISTOLAE.

171 216 200 258 2
222 211 420 263 tunisque
438 208 798 250 deliberavissem.
842 208 961 257 Quod
983 220 1109 261 negas
1138 210 1418 261 praecipuum
1432 209 1539 250 mihi
1558 210 1695 251 ullum

223 265 826 318 incommodumiinpendere3
868 267 945 306 etsi
975 266 1057 306 ista
1076 278 1143 306 res
1174 267 1293 318 [non]
1317 267 1426 307 nihil
1445 267 1573 307 habet
1594 279 1693 308 con-

226 326 467 377 solationis,
517 325 658 364 tamen
711 324 837 363 etiam
883 324 1117 376 praecipua
1163 325 1296 364 multa
1336 325 1454 382 sunt,
1499 337 1607 375 quae
1644 325 1692 364 tu
1733 326 1736 327 ⁷

225 384 419 437 profecto
449 381 591 429 vides,
628 381 676 421 ut
706 383 824 428 sunt,
866 383 908 420 et
938 382 1182 433 gravissima
1212 393 1302 420 esse
1333 383 1375 420 et
1403 394 1470 421 me
1490 382 1696 422 facillime
1746 411 1747 415 ,

227 442 363 481 vitare
381 439 589 490 potuisse:
621 451 671 477 ea
688 439 828 477 tamen
859 440 982 478 erunt
998 439 1186 490 minora,
1216 438 1274 485 si,
1306 439 1354 478 ut
1372 439 1509 480 adhuc
1535 441 1695 479 factum
1747 452 1748 455 ¹

177 503 206 543 3
230 499 313 549 est,
351 495 715 537 administratione
745 495 1049 547 diligentiaque
1079 497 1152 534 tua
1181 495 1448 537 levabantur.
1507 496 1696 537 Pecunia

229 553 342 606 apud
372 552 600 606 Egnatium
640 554 716 593 est.
776 552 841 592 Sit
870 566 894 592 a
925 564 1016 604 me,
1059 554 1106 592 ut
1144 553 1220 593 est.
1279 550 1425 604 Neque
1456 553 1569 592 enim
1598 553 1696 601 hoc,

232 611 344 664 quod
380 612 545 664 agitur,
590 609 759 650 videtur
799 608 1044 648 diuturnum
1074 621 1164 649 esse
1194 621 1316 661 posse
1328 623 1340 658 3
1389 610 1436 648 ut
1474 610 1585 649 scire
1614 610 1699 650 iam

230 667 414 722 possim,
457 667 558 719 quid
593 668 773 708 maxime
814 678 918 718 opus
949 666 1023 706 sit:
1070 668 1149 706 etsi
1186 677 1287 718 egeo
1327 666 1454 707 rebus
1483 667 1699 717 omnibus3

232 725 346 778 quod
363 725 401 765 is
419 736 589 776 quoque
618 724 664 763 in
684 723 884 776 angustiis
901 724 984 774 est,
1013 724 1186 774 quicum
1207 736 1371 772 sumus;
1413 723 1484 764 cui
1507 736 1702 777 magnam

234 782 425 824 dedimus
464 781 690 833 pecuniam
728 782 940 827 mutuam,
995 780 1215 831 opina-ntes
1264 781 1412 829 nobis,
1462 781 1703 821 constitutis

236 840 386 888 rebus,
433 851 526 879 eam
556 851 646 878 rem
688 839 816 878 etiam
845 838 997 877 honori
1027 838 1133 879 sore.
1191 838 1280 890 Tur,
1318 839 1367 877 ut
1395 839 1520 878 antea
1548 838 1704 890 fecisti,

237 898 389 944 velim,
441 895 477 936 si
518 896 592 947 qui
629 896 777 942 erunt,
828 895 881 935 ad
917 907 1022 944 quos
1067 893 1228 945 aliquid
1271 895 1541 934 scribendum
1578 909 1603 935 a
1639 907 1706 935 me

238 955 478 1006 existimes,
517 953 609 1004 ipse
639 951 852 993 conficias.
910 952 1014 992 Tuis
1044 953 1219 992 salutem
1251 951 1331 991 dic.
1391 952 1523 1003 Cura,
1561 955 1608 992 ut
1637 966 1707 994 va-

239 1014 341 1053 leas.
401 1011 451 1050 In
483 1010 635 1061 primis
664 1009 732 1056 id,
786 1009 897 1060 quod
928 1009 1100 1060 scribis,
1151 1009 1346 1048 omnibus
1375 1008 1503 1048 rebus
1533 1021 1635 1049 cura
1665 1011 1708 1049 et

239 1068 440 1123 provide,
471 1079 525 1106 ne
544 1066 648 1119 quid
680 1068 720 1106 ei
751 1064 877 1114 desit,
910 1066 962 1106 de
991 1079 1075 1118 qua
1106 1066 1188 1107 scis
1216 1078 1283 1107 me
1303 1065 1584 1107 miserrimum
1602 1078 1706 1107 esse.

240 1126 386 1167 Idibus
415 1126 507 1166 Iun.
541 1137 594 1166 ex
625 1124 792 1165 castris.

1717 1182 1732 1212 i

428 1286 743 1333 EPISTOLA
780 1286 1047 1333 CCCXCII.
1095 1285 1177 1344 (ad
1212 1285 1419 1333 Att.X1.
1457 1287 1526 1345 4.)

245 1375 325 1413 Ser.
351 1376 388 1410 in
414 1374 547 1410 castris
571 1374 747 1420 Pompeii
785 1374 886 1409 circa
910 1374 965 1409 Id.
994 1373 1149 1410 Quintil.
1176 1375 1222 1410 A.
1249 1374 1294 1408 U.
1321 1374 1361 1409 C.
1388 1375 1466 1409 706.
1501 1375 1548 1418 (a.
1575 1373 1617 1410 C.
1642 1373 1715 1417 48.)
1763 1394 1764 1398 =

335 1455 511 1492 Breviter
535 1455 741 1499 respondet
760 1454 877 1489 Attici
902 1454 1026 1489 litelis
1051 1456 1097 1490 ab
1123 1454 1273 1490 Isidoro
1298 1454 1475 1501 acceptis.
1507 1456 1580 1489 1—
1589 1454 1624 1490 2.

747 1536 934 1570 CECERO
964 1535 1153 1570 ATTICO
1189 1536 1228 1572 S.

361 1607 525 1660 Accepi
565 1605 618 1647 ab
659 1605 820 1646 Isidoro
865 1607 1013 1646 literas
1054 1608 1096 1646 et
1132 1609 1278 1658 postea
1316 1607 1434 1648 datas
1464 1607 1596 1649 binas.
1653 1608 1721 1650 Ex
1766 1619 1768 1662 g

249 1666 456 1720 proximis
497 1664 675 1718 cognovi
714 1663 891 1715 praedia
929 1675 1014 1703 11011
1051 1665 1227 1705 venisse.
1286 1665 1460 1705 Videbis
1504 1678 1624 1719 ergo,
1672 1667 1722 1706 ut
1758 1666 1768 1697 ’ἒ

252 1724 511 1765 sustentetur
549 1734 627 1774 per
666 1722 718 1761 ie.
778 1721 841 1761 De
869 1721 1109 1773 Frusinati,
1162 1723 1196 1762 si
1236 1722 1356 1761 modo
1394 1723 1529 1763 futuri
1565 1736 1721 1772 sumus,

253 1866 297 1872 —
329 1847 372 1880 de
400 1847 537 1887 salute,
576 1845 632 1878 ins
637 1845 743 1878 ofern
778 1855 851 1879 ’νο-1
883 1844 951 1878 der
976 1844 1115 1880 Vel-{im
1110 1845 1239 1887 hlnng
1270 1844 1395 1879 seiner
1419 1845 1586 1880 Tochter
1619 1847 1725 1882 seine

253 1892 447 1928 hausliche
469 1891 685 1926 Wohlsalnt
710 1902 793 1925 zum
819 1895 933 1934 guten
955 1891 1090 1924 Theile
1116 1891 1181 1924 mit
1206 1892 1357 1936 abhing.

256 1962 258 1965 v
345 1939 377 1972 2.
413 1938 679 1972 incommodum
715 1949 736 1970 a
769 1938 928 1971 Caes-axe
966 1957 1009 1961 —-
1059 1938 1293 1981 [12012anlez'l.
1341 1937 1404 1972 Sic
1430 1938 1477 1972 de
1504 1937 1661 1974 Co1'rad.
1690 1944 1727 1974 et

255 1985 417 2030 Malasp.
451 1984 639 2020 sententia
670 1984 799 2018 Lamb.
849 1995 908 2017 reo
942 1983 1037 2018 nihil
1068 1986 1165 2019 Cett.
1202 1995 1283 2018 cum
1316 1984 1410 2018 Cdd.
1450 1985 1648 2020 ORELLI.
1681 2004 1725 2011 —

255 2033 394 2076 factum
419 2036 470 2065 est
496 2042 516 2064 a
542 2036 589 2064 te.

347 2080 382 2114 3.
418 2077 580 2112 Pecunia
606 2089 662 2121 ap.
688 2077 785 2120 Egn.
813 2081 875 2110 est.
911 2076 948 2111 S.
976 2088 1033 2120 ep.
1052 2078 1142 2119 336,
1169 2077 1203 2110 2.
1237 2078 1318 2120 387,
1344 2079 1379 2112 3.
1415 2077 1506 2120 302,
1532 2078 1566 2112 9.
1592 2096 1635 2102 —
1669 2077 1729 2112 Sit

258 2135 282 2158 α
306 2135 382 2166 me,
415 2128 453 2157 ut
477 2128 548 2166 est,
586 2135 670 2166 mag
704 2134 742 2157 es
775 2124 1045 2166 meinetwegen
1079 2123 1176 2156 noch
1200 2123 1332 2166 liinger
1357 2124 1419 2157 bei
1445 2124 1519 2157 ihm
1553 2124 1730 2168 angelegt
1774 2130 1775 2135 ’

258 2170 447 2205 bleiben.⁷²
497 2169 651 2204 Attikus
682 2170 744 2203 hat
775 2170 854 2203 also
889 2170 954 2203 anf
983 2170 1066 2203 eine
1101 2169 1238 2202 andere
1266 2171 1337 2203 Art
1360 2170 1458 2203 Rath
1491 2181 1536 2203 zu
1563 2171 1729 2204 schaffen

258 2224 440 2261 gewusst.
473 2235 518 2241 ——
565 2216 650 2258 hoc,
684 2217 778 2260 quod
803 2217 952 2259 agitur,
994 2216 1056 2249 die
1080 2217 1360 2260 gegenwiirtige
1385 2216 1586 2260 politische
1610 2217 1728 2261 Lage,

259 2264 328 2297 der
354 2263 486 2306 Krieg.
514 2281 559 2287 —-
591 2262 678 2306 qnid
702 2263 859 2295 maxime
885 2272 973 2305 opus
994 2262 1062 2305 sit,
1097 2272 1205 2295 wozu
1232 2262 1293 2296 ich
1319 2262 1446 2296 diesen
1472 2263 1731 2307 Nothpfennig

260 2320 319 2343 am
343 2309 568 2351 Nothigsten
593 2309 831 2351 gebrauchen
857 2308 997 2342 werde.
1023 2327 1067 2333 -—
1100 2307 1243 2352 qustum
1266 2320 1389 2342 sumus
1413 2309 1436 2343 i.
1457 2320 1487 2342 e.
1513 2309 1732 2353 Pompeius,
1766 2338 1770 2342 .

262 2356 345 2389 dem
372 2367 413 2389 er
439 2356 500 2388 die
526 2354 664 2387 andere
691 2356 815 2388 Home
842 2355 907 2388 (195
934 2354 1074 2388 Geides
1099 2353 1275 2397 gelieiien
1301 2355 1421 2398 hatte,
1455 2365 1532 2389 was
1558 2366 1631 2389 von
1656 2355 1732 2389 ihm

260 2402 326 2436 bei
351 2401 421 2435 den
448 2400 706 2434 Publikaoem
733 2411 778 2434 zn
804 2401 975 2444 Ephesus
1002 2412 1082 2434 war
1107 2401 1258 2444 ant'angs
1292 2402 1466 2445 angelegt
1491 2402 1659 2436 worden.
1686 2421 1730 2427 -

258 2449 470 2482 constitutis
502 2448 604 2489 reb„
646 2445 755 2480 wenn
788 2445 1067 2482 unsere‘ffiache
1101 2451 1166 2490 gut
1198 2448 1370 2481 abiaufen
1398 2448 1525 2482 sollte.
1565 2467 1607 2472 —
1654 2448 1732 2493 ipse

263 2495 447 2537 conficias.
499 2493 682 2527 Dieselbe
707 2494 836 2535 Eine,
864 2494 937 2527 wie
963 2506 1022 2538 ep.
1040 2495 1128 2536 387,
1155 2494 1186 2526 4.
1214 2512 1258 2518 —-
1301 2495 1394 2538 quod
1417 2494 1551 2528 scribis
1575 2506 1621 2527 =
1644 2506 1733 2539 pro-

263 2541 392 2575 mittis.
421 2560 464 2565 —
514 2540 648 2573 omnib.
676 2540 772 2581 reb„
808 2540 873 2573 auf
893 2539 966 2573 alle
991 2539 1178 2583 megliche
1202 2540 1284 2574 Art.
1322 2559 1365 2565 -—-
1414 2543 1465 2584 ei,
1500 2540 1661 2575 Tulliae.
1690 2559 1732 2566 -

264 2588 360 2622 Idib.
387 2588 491 2629 Imz.,
526 2596 583 2618 am
611 2587 666 2620 13.
688 2586 829 2619 Iunius.

356 2635 390 2667 l.
430 2634 474 2666 ab
506 2633 674 2675 Isidoro,
721 2631 837 2666 Attici
877 2631 1027 2666 liberto.
1067 2650 1110 2656 -—-
1162 2633 1340 2677 praedict,
1384 2644 1479 2678 quae
1515 2633 1734 2668 venditurus

265 2690 377 2714 eram.
421 2699 460 2704 -
515 2683 555 2711 ut
585 2682 803 2711 sustentetur
838 2678 976 2713 Tullia.
1017 2696 1061 2703 —
1109 2679 1152 2713 de
1185 2680 1378 2713 Frusinati
1409 2679 1590 2724 praediO,
1634 2679 1735 2723 quod

265 2724 488 2760 vendiderat
515 2735 595 2758 cum
622 2725 839 2759 conditione
865 2724 1128 2766 redemtionis,
1170 2725 1409 2768 redimendo,
1448 2731 1487 2759 ut
1511 2725 1653 2760 diserte
1677 2728 1735 2760 est

267 2783 326 2818 ep.
355 2773 433 2807 408.
476 2771 710 2805 ERNESTI.
768 2771 946 2815 Frusino,
988 2782 1049 2806 wo
1082 2771 1217 2806 Cicero
1250 2771 1351 2808 diess
1381 2771 1556 2816 Landgut
1593 2772 1735 2817 besaSS,
