1795 3043
440 60 751 107 EPISTOLA
788 60 1113 107 CCCLXXIV.
1410 67 1511 116 521

53 187 108 217 ne
136 186 232 217 cum
263 172 451 228 praemio
479 173 647 226 quidem
675 173 886 215 voluimus
916 175 1038 214 esse?
1096 172 1261 215 Deinde
1288 173 1370 215 hoc
1398 174 1510 224 vide,
1535 181 1562 221 4

54 245 139 273 non
176 245 266 274 esse
306 232 511 273 iudicium
551 232 603 272 de
637 232 726 271 tota
764 233 1034 271 contentione
1070 231 1113 271 iu
1144 231 1382 284 Hispaniis:
1427 233 1512 273 nisi

52 291 184 338 forte,
215 290 269 330 iis
298 289 485 341 amissis,
516 302 630 330 arma
648 287 892 340 Pompeium
921 288 1187 329 abiecturum
1216 290 1358 342 putas:
1389 288 1513 329 cuius

53 359 176 388 omne
215 346 440 387 consilium
469 346 822 386 Themistocleum
864 347 937 384 est.
995 346 1221 386 Existimat
1253 347 1390 399 enim,
1437 346 1514 398 qui

54 417 170 444 mare
198 406 360 453 teneat,
391 416 486 443 eum
516 414 686 443 necesse
719 401 837 454 [esse]
869 414 1010 442 rerum
1041 403 1181 454 potiri.
1239 404 1386 456 Itaque
1409 416 1515 444 nun-

54 473 181 512 quam
228 461 271 501 id
311 461 420 514 egit,
468 462 516 501 ut
553 459 783 512 Hispaniae
825 472 902 511 per
941 473 984 499 se
1025 462 1295 510 tenerentur3
1348 460 1513 501 navalis

53 520 283 570 apparatus
313 519 353 558 ei
384 529 549 570 semper
577 516 866 568 antiquissima
896 529 999 556 cura
1026 517 1124 559 fuit.
1181 517 1408 572 Navigabit
1436 517 1514 571 igi-

50 575 142 627 tur,
185 587 312 626 quum
350 576 431 615 erit
470 579 658 626 tempus,
709 573 905 614 maximis
936 573 1141 614 classibus
1182 576 1223 614 et
1263 575 1316 615 ad
1345 575 1515 616 Italiam

52 632 248 674 accedet:
294 633 338 673 in
379 645 462 683 qua
496 643 572 671 nos
607 631 799 672 sedentes
840 630 941 683 quid
972 631 1157 672 erimus?
1215 631 1323 673 Nam
1353 632 1515 673 medios

53 701 144 729 esse
173 690 257 729 iam
286 702 368 729 uon
399 688 560 729 licebit.
619 688 833 729 Classibus
862 688 1175 729 adversabimur
1202 689 1359 742 igitur?
1399 688 1516 741 quod

51 747 208 786 malum
237 746 371 786 maius
400 758 473 785 seu
498 747 661 786 tantum
691 746 899 798 denique?
941 746 1042 797 quid
1059 745 1253 798 turpius?
1310 747 1376 787 An
1409 747 1439 798 †
1468 745 1517 787 ni

50 803 174 844 valde
202 803 304 844 hinc
334 803 524 843 abcentis
551 804 664 844 solus
693 804 773 843 tuti
804 803 975 844 scelus?
1034 803 1244 850 eiusdem,
1275 816 1370 844 cum
1393 804 1516 845 Pom-

48 860 149 912 peio
181 861 223 899 et
252 873 349 901 cum
371 861 550 912 reliquis
567 860 832 913 principibus
861 873 944 900 non
973 860 1138 901 feram?
1196 861 1317 908 Quod
1347 862 1385 902 si
1415 861 1515 910 iam,
1536 862 1567 906 5

52 917 179 957 misso
209 917 371 965 officio,
412 917 596 969 periculi
624 919 734 958 ratio
764 917 960 959 habenda
989 920 1071 958 est:
1112 917 1164 958 ab
1195 918 1281 959 illis
1313 920 1375 959 est
1404 919 1518 972 peri-

53 975 219 1027 culum,
271 975 306 1015 si
345 987 553 1026 peccaro,
603 975 655 1015 ab
685 976 789 1027 hoc,
835 975 1015 1015 sirecte
1043 976 1215 1024 fecero;
1268 988 1348 1016 nec
1379 977 1518 1016 ullum

53 1032 98 1072 in
129 1032 196 1072 his
226 1032 348 1071 malis
375 1032 599 1072 consilium
628 1033 822 1085 periculo
851 1044 1031 1073 vacuum
1059 1031 1245 1072 inveniri
1274 1034 1433 1085 potest3
1470 1036 1519 1073 ut

142 1156 176 1189 4.
208 1155 308 1198 vide,
353 1154 536 1189 bedenke.
577 1173 622 1180 —
669 1164 741 1187 non
775 1164 851 1188 esse
885 1153 997 1188 indic.
1041 1159 1135 1198 cet.‚
1183 1154 1268 1189 dass
1302 1154 1369 1190 der
1400 1167 1522 1201 ganze

51 1201 171 1237 Streit
197 1201 233 1236 ia
256 1201 359 1235 nicht
384 1202 422 1235 in
449 1200 613 1246 Spanien
638 1200 877 1234 entschieden
904 1200 1013 1234 wird.
1041 1220 1086 1226 -
1125 1201 1195 1244 iis,
1232 1203 1318 1236 Asc.
1348 1204 1379 1236 1.
1415 1204 1519 1238 Crat.

50 1248 155 1284 vict.
184 1249 216 1282 1.
247 1248 374 1281 Lamb.
400 1248 466 1282 his.
492 1267 536 1273 —
585 1247 778 1280 consilium
807 1246 977 1280 leemz‘st.
1002 1251 1073 1287 est,
1108 1247 1242 1281 dessen
1267 1259 1408 1292 ganzer
1422 1250 1522 1285 Plan

50 1294 118 1328 mit
142 1294 225 1327 dem
250 1295 368 1328 Plane
393 1294 458 1327 des
484 1292 762 1328 Themistokles
789 1293 962 1326 derselbe
988 1293 1049 1327 ist.
1099 1294 1268 1338 Cogitat,
1303 1296 1403 1338 quod
1430 1296 1522 1331 olim

50 1341 326 1375 Themistocles
352 1346 481 1374 contra
505 1341 661 1382 Persas,
695 1339 814 1379 classe
840 1339 977 1372 bellum
1002 1350 1150 1382 gerere.
1185 1340 1294 1376 SCH.
1344 1342 1431 1385 vgl.
1460 1354 1519 1388 ep.

51 1387 227 1430 CCCIV,
253 1389 284 1421 3.
311 1405 355 1411 —
397 1387 502 1430 [esse]
538 1384 684 1420 Inserui
710 1396 784 1418 esse
808 1396 890 1418 cum
915 1386 1045 1419 Lamb.
1079 1396 1151 1420 om.
1183 1387 1280 1421 Cett.
1315 1399 1397 1422 cum
1424 1389 1518 1425 Cdd.

53 1434 129 1467 ΟΕ.
158 1451 200 1458 ——
228 1443 298 1477 per
321 1443 358 1465 se
382 1436 514 1475 tener„
549 1438 587 1465 ut
612 1431 693 1476 ipse
714 1431 928 1476 Hispaniam
954 1431 1183 1477 provinciam
1209 1444 1313 1467 suam
1338 1446 1523 1478 praesens

51 1480 252 1513 obtineret.
301 1479 393 1513 Nam
417 1489 565 1523 semper
590 1489 658 1522 per
682 1478 828 1521 legatos
853 1478 1188 1512 administraverat.
1215 1480 1448 1516 ERNESTI.
1475 1501 1520 1507 —

50 1527 196 1559 navalis
220 1537 347 1569 appar.
363 1551 373 1567 ‚
406 1527 662 1568 ausgerustete
688 1524 896 1558 Seemacht.
923 1544 964 1550 —
1001 1525 1140 1558 medios
1164 1536 1259 1569 esse,
1298 1529 1445 1561 neutral
1470 1538 1521 1563 zu

53 1572 219 1607 bleiben.
254 1591 297 1597 —
349 1572 537 1605 classibus
561 1571 584 1604 i.
606 1582 639 1604 e.
666 1570 849 1614 Pompeio
876 1570 948 1604 del.
982 1571 1028 1604 de
1053 1572 1194 1605 Manut.
1220 1574 1406 1607 sententia
1430 1574 1521 1609 Sch.

53 1619 148 1653 Lan.
183 1638 226 1643 —
273 1628 335 1651 seu
366 1622 506 1651 tantum
536 1618 698 1660 denique.
749 1616 814 1650 Sic
840 1617 946 1650 Rom.
979 1617 1107 1651 Lamb.
1143 1618 1234 1652 Ern.
1283 1620 1366 1653 Non
1392 1621 1520 1664 placet

52 1665 151 1699 istud
176 1676 249 1698 seu.
283 1664 453 1698 Deberet
479 1674 562 1698 esse
586 1667 660 1696 aut.
695 1661 770 1697 Sed
796 1662 895 1697 inter
921 1669 1063 1697 ceteras
1087 1672 1255 1708 praestat
1278 1666 1372 1700 haec
1389 1667 1520 1711 lectio,

53 1711 153 1755 quod
190 1711 235 1745 ad
269 1710 488 1745 sententiam
521 1709 696 1755 pertinet.
750 1709 829 1744 Pro
863 1720 925 1742 seu
957 1709 1023 1742 alii
1058 1711 1209 1745 scilicet.
1268 1713 1330 1746 De
1362 1713 1521 1748 Graevii

50 1764 208 1792 sentent.
240 1756 327 1791 Sch.
364 1757 457 1791 Liin.
484 1757 578 1800 quod
601 1755 738 1788 malum
761 1755 905 1789 mains?
940 1756 1103 1800 denique.
1132 1757 1328 1794 ORELLI.
1356 1779 1399 1784 —-
1432 1760 1522 1804 quid

53 1805 223 1849 turpius?
253 1802 412 1836 niimlich
438 1803 491 1836 als
517 1802 631 1836 solch'
656 1801 740 1835 eine
765 1802 1076 1836 Undankbarkeit
1100 1814 1219 1847 gegen
1235 1805 1454 1850 Pompeius.
1473 1825 1520 1832 —-

53 1853 116 1885 An
151 1851 174 1892 ἦ·
206 1850 245 1882 ni
276 1849 382 1882 valde
414 1848 497 1882 hinc
529 1848 689 1881 abcentis
718 1848 818 1881 solus
849 1849 919 1881 tuti
948 1849 1077 1882 scelus.
1126 1850 1252 1885 Locus
1286 1851 1397 1886 foede
1434 1864 1523 1887 cor-

56 1902 200 1941 ruptus.
252 1896 354 1928 Haec
381 1902 436 1928 est
461 1895 648 1939 scriptura
673 1894 738 1928 Cd.
766 1895 918 1929 Decurt.
948 1895 1022 1930 OR.
1071 1895 1137 1929 Ich
1154 1898 1301 1932 mochte
1326 1899 1521 1933 vorschla-

54 1954 144 1987 gen:
183 1944 260 1984 An,
294 1941 357 1985 qui
392 1941 517 1975 vali-:le
542 1940 627 1973 hinc
652 1941 784 1974 absens
810 1947 847 1974 et
872 1941 974 1975 solus
1006 1941 1116 1976 huius
1142 1943 1211 1976 tuli
1236 1945 1379 1989 scelus,
1419 1945 1524 1980 eius-

55 1990 137 2023 dem
164 1999 244 2022 cum
271 1988 302 2021 P
330 2014 365 2021 ..
386 2014 393 2021 .
418 2014 425 2020 .
452 1998 523 2020 nou
551 1987 687 2020 feram?
734 1987 854 2030 „oder
887 1988 999 2021 sollte
1031 1988 1114 2030 ich,
1150 1989 1218 2022 der
1249 1989 1311 2024 ich
1336 2002 1407 2024 von
1435 1992 1521 2027 hier

54 2037 236 2069 vei-banni
262 2034 334 2067 und
361 2034 549 2067 verlassen
576 2033 641 2066 des
656 2033 786 2067 Ciisars
798 2034 932 2068 Frevel
958 2033 1048 2076 (d.i.
1075 2034 1139 2067 das
1165 2035 1280 2069 durch
1296 2036 1358 2070 ihn
1386 2038 1521 2084 haupt-

54 2081 220 2116 siichiich
259 2080 440 2114 erwirkte
471 2080 596 2122 Exsil)
637 2080 787 2123 mannig
825 2086 976 2124 ertrug,
1020 2080 1219 2115 desselben
1250 2084 1387 2117 Frevel
1428 2085 1520 2119 ietzt

55 2129 157 2162 nicht
183 2128 278 2160 noch
304 2126 425 2160 lieber
451 2137 494 2159 an
523 2126 588 2159 der
605 2125 708 2160 Seite
732 2126 798 2160 des
812 2126 1018 2172 Pompeius
1036 2127 1108 2160 und
1135 2127 1203 2161 der
1217 2129 1378 2174 iibrigen
1397 2130 1521 2166 Staat-

55 2175 158 2208 chess
185 2180 312 2216 tragen
340 2172 373 2205 d.
400 2172 424 2206 i.
454 2172 674 2216 bekampt‘en
701 2173 891 2206 wollenZ''
939 2173 1076 2215 Diess,
1119 2173 1258 2208 deucht
1289 2176 1378 2219 mir,
1418 2185 1521 2223 passt

0 2243 1 2247 ,
55 2228 123 2265 gut
148 2230 230 2253 zum
259 2219 608 2262 Vorbergehendeu
636 2218 707 2251 und
734 2219 967 2262 Folgenden.
1017 2219 1091 2253 Zur
1108 2219 1229 2255 Sache
1254 2223 1328 2266 vgl.
1356 2235 1417 2268 ep.
1435 2226 1519 2267 366,

0 2260 1 2291 ἶ
57 2268 79 2302 2
105 2279 139 2300 ιι.
164 2269 197 2301 3.
247 2266 338 2307 356,
364 2267 396 2300 3.
437 2266 522 2298 Asc.
552 2267 582 2298 1.
612 2266 709 2299 Crat.
743 2265 863 2308 geben
890 2268 928 2298 in
953 2265 1116 2299 absentia
1143 2267 1382 2313 (PompeiiZ).
1417 2271 1446 2304 Ι.
1473 2270 1516 2304 F.

0 2294 1 2364 1
56 2314 224 2348 Gronov.
251 2311 362 2345 lies't:
396 2314 457 2346 An
483 2311 643 2346 invalidi
667 2315 698 2344 el
720 2312 877 2344 absentis
900 2312 998 2345 solus
1023 2312 1092 2345 tuli
1114 2314 1240 2348 scelus.
1276 2315 1393 2350 Hand.
1421 2317 1521 2350 Tur-

0 2365 2 2399 ξ
57 2360 142 2393 sell.
180 2360 212 2392 1.
249 2369 284 2403 p.
307 2359 392 2392 350:
431 2361 537 2392 Anne
569 2359 690 2391 salide
722 2357 788 2391 ltoc
821 2359 979 2392 absentis
1008 2359 1118 2393 solus.
1170 2360 1216 2393 de
1248 2362 1384 2395 Mutet.
1418 2373 1520 2408 susp.

56 2405 153 2440 Lall.
184 2406 245 2439 An
271 2404 332 2448 qui
356 2404 434 2437 eius
458 2405 614 2438 absentis
638 2404 737 2437 solus
762 2404 832 2438 tuli
853 2405 981 2438 scelus.
1016 2406 1082 2439 cfr.
1109 2405 1273 2450 Madvig.
1301 2409 1333 2441 1.
1362 2409 1472 2452 pg44.

147 2462 181 2496 5.
209 2461 320 2494 misso
336 2461 469 2504 officio,
494 2473 602 2496 wenn
620 2461 680 2496 ich
701 2472 795 2504 nun,
822 2462 940 2496 ohne
964 2462 1210 2497 Riicksicht
1235 2464 1313 2498 auf
1333 2465 1521 2507 Pflicht,

56 2509 161 2542 bloss
186 2507 308 2542 meine
334 2508 475 2542 Gesahr
499 2508 537 2542 in
562 2509 752 2552 Anschlag
778 2508 935 2552 bringen
960 2509 1045 2543 soll.
1069 2527 1116 2535 —
1149 2509 1194 2542 ab
1217 2510 1298 2544 illis
1321 2523 1366 2545 =
1389 2523 1411 2546 a
1428 2513 1522 2547 Cae-

58 2555 153 2589 saris
178 2555 368 2599 parssbus,
408 2564 450 2588 so
482 2554 568 2588 lauf*
601 2554 661 2589 ich
694 2555 755 2589 bei
780 2556 913 2589 Ciisars
936 2554 1066 2589 Partei
1093 2555 1207 2589 oder
1234 2556 1366 2592 dessen
1391 2558 1522 2594 Partei

58 2600 241 2635 nehmend
268 2600 427 2642 Gesahr,
464 2599 586 2634 indem
619 2601 679 2635 ich
704 2601 788 2635 eine
813 2600 940 2636 Siinde
974 2601 1146 2644 zugleich
1172 2601 1337 2637 dadurch
1363 2605 1518 2650 begehe.

58 2647 153 2689 Vgl.
186 2647 230 2679 ab
257 2657 296 2679 eo
332 2647 367 2680 in
407 2657 464 2690 ep.
494 2647 761 2690 CCCLXXII,
793 2648 828 2682 2.
861 2666 905 2673 —
953 2648 998 2681 ab
1031 2646 1118 2689 hoc,
1156 2643 1223 2682 bei
1255 2649 1395 2685 diesem
1432 2652 1469 2687 d.
1496 2652 1522 2687 i.

58 2703 168 2726 wenn
206 2692 267 2727 ich
305 2692 366 2726 die
390 2692 519 2727 Partei
544 2693 610 2727 des
636 2694 839 2739 Pompeius
865 2694 1049 2738 ergreife,
1097 2693 1186 2727 lau?
1216 2695 1276 2730 ich
1309 2697 1522 2740 gleichsam

59 2737 221 2781 Gesalir3
256 2739 345 2773 aber
370 2738 431 2773 ich
457 2738 594 2774 handle
617 2739 713 2775 doch
737 2741 855 2780 recht.
881 2758 926 2766 --
968 2750 1033 2773 nee
1058 2739 1174 2774 ullum
1199 2766 1207 2775 .
1226 2768 1261 2777 ..
1289 2753 1370 2777 cum
1392 2744 1522 2788 salute,
