1795 3043
234 87 336 134 112
491 80 556 127 M.
594 80 649 126 Τ.
686 77 1026 126 CICERONIS
1059 78 1434 128 EPISTOLAE.

235 194 397 244 referri
442 197 662 246 senatique
707 195 944 233 consultum
981 195 1084 244 fieri
1122 195 1284 244 possit:
1333 196 1407 246 qui
1442 195 1680 246 impedierit

226 252 510 305 prohibuerit,
540 265 632 290 eum
662 257 856 290 senatum
887 253 1130 290 existimare
1169 257 1322 290 contra
1351 265 1439 290 rem
1464 252 1680 302 publicam

229 310 398 359 fecisse.
458 310 506 347 Si
544 311 636 361 quis
677 308 771 346 huie
802 308 847 347 S.
882 309 923 347 C.
953 309 1276 357 intercessisset,
1313 311 1485 348 senatui
1506 312 1680 360 placere

237 368 540 405 auctoritatem
569 365 780 417 perscribi
817 371 859 403 et
886 365 936 404 de
966 378 1017 403 ea
1046 378 1093 403 re
1132 364 1192 403 ad
1230 370 1426 404 senatum
1458 369 1679 417 populum-

237 437 315 474 que
343 422 532 518 1117110116.
566 478 607 518 C.
636 476 876 518 intercessit
908 476 953 519 C.
975 476 1164 527 Caelius,
1203 476 1249 516 L.
1271 475 1486 530 Vinicius,
1516 477 1679 519 Reor-

236 534 389 586 nelius,
419 535 463 574 C.
494 535 642 575 Vibius
672 536 809 575 Pansa
838 534 1015 587 [tribuni
1043 533 1215 586 plebis].

184 602 213 642 7
352 595 459 634 Item
493 596 664 633 senatui
694 595 864 644 placere
894 593 944 631 cle
972 592 1200 641 militibus,
1237 594 1311 644 qui
1339 595 1383 632 in
1413 595 1597 633 exercitu
1631 593 1675 633 C.

236 649 437 689 Caesaris
465 656 589 689 sunt:
630 652 702 702 qui
740 663 888 688 eorum
929 650 1141 700 stipendia
1184 653 1364 689 emerita
1400 656 1478 689 aut
1505 661 1676 696 causas,

235 707 384 758 quibus
413 707 462 745 de
491 711 629 747 causis
658 709 776 745 missi
796 709 896 756 fieri
923 706 1116 756 debeant,
1147 706 1347 755 habeant,
1377 708 1436 746 ad
1464 707 1572 745 hunc
1603 720 1673 746 or-

235 764 373 802 dinem
403 763 573 812 referri,
603 770 652 802 ut
679 777 822 802 eorum
852 765 968 802 ratio
1007 763 1218 802 habeatur
1251 778 1484 816 causaeque
1521 777 1674 817 cogno·

233 827 424 859 scantur.
482 821 531 858 Si
558 823 650 872 quis
689 820 783 858 huic
815 820 856 858 S.
879 821 922 860 C.
954 822 1267 865 intercessisset,
1296 823 1466 860 senatui
1485 821 1673 871 placere,

234 880 537 916 auctoritatem
557 877 770 927 perscribi
798 883 839 915 et
868 877 918 915 de
948 890 999 915 ea
1017 891 1040 914 r
1043 891 1063 915 e
1081 877 1263 916 adhunc
1289 878 1478 916 ordinem
1501 876 1670 925 referri.

346 932 459 972 Huic
482 933 524 974 S.
542 933 583 972 C
602 933 842 972 intercessit
872 932 914 972 C.
938 933 1115 983 Caelius,
1147 932 1188 971 C.
1201 932 1349 979 Pansa,
1375 932 1534 972 tribuni
1555 932 1670 1000 pleb.

182 1000 212 1039 8
347 992 537 1042 Itemque
571 994 741 1030 senatui
771 993 943 1041 placere
984 993 1028 1029 in
1071 992 1263 1030 Ciliciam
1295 993 1585 1041 provinciam,
1624 993 1669 1029 in

234 1053 328 1087 octo
357 1049 543 1099 reliquas
565 1051 834 1098 provinci‚as
864 1060 969 1099 quas
991 1050 1208 1097 praetorii
1228 1061 1310 1098 pro
1334 1054 1537 1098 Ρναεΐωε
1567 1047 1671 1086 obti-

231 1110 395 1152 nerent,
425 1118 508 1154 eos,
538 1107 610 1156 qui
631 1111 855 1155 praetores
877 1104 1064 1153 fuerunt
1087 1118 1216 1156 neque
1237 1107 1280 1142 in
1293 1107 1558 1155 provinciam
1577 1118 1669 1143 cum

230 1164 406 1212 imperio
428 1161 627 1211 fuerunt,
656 1175 758 1213 quos
787 1175 931 1200 eorum
963 1174 1012 1199 ex
1043 1162 1085 1199 S.
1104 1162 1147 1200 C.
1175 1175 1266 1199 cum
1298 1163 1473 1211 imperio
1501 1164 1545 1200 in
1570 1176 1670 1211 pro-

228 1221 391 1257 vincias
417 1232 497 1268 pro
520 1225 725 1268 praetore
754 1221 868 1256 mitti
897 1224 1124 1267 oporteret,
1155 1231 1223 1256 eos
1241 1220 1395 1257 sortito
1425 1221 1469 1256 itz
1494 1220 1670 1269 provin-

226 1328 369 1350 moram
394 1318 525 1358 afferre
548 1328 594 1349 Ξ
618 1317 774 1359 Verzug
799 1316 835 1349 in
861 1316 932 1349 den
957 1316 1058 1359 weg
1083 1317 1214 1359 legem
1248 1315 1313 1349 mit
1328 1317 1418 1359 folg.
1446 1327 1512 1360 quo
1536 1317 1667 1350 miuus.

227 1364 266 1400 S.
293 1363 444 1397 Ramsh.
473 1363 500 1405 §.
530 1364 609 1405 193,
636 1364 669 1406 1,
696 1363 728 1396 2.
758 1362 900 1395 Grotef.
928 1363 957 1405 ᾖ.
984 1364 1119 1396 403.-
1145 1363 1189 1396 R.
1206 1361 1245 1395 P.
1257 1362 1297 1395 Ρ.
1312 1363 1355 1396 R.
1372 1363 1410 1397 Q.
1445 1363 1508 1397 Sic
1534 1362 1669 1408 scripsi

226 1421 277 1444 ex
300 1410 461 1444 formula
485 1415 629 1443 servata
653 1409 967 1452 apudVari-onem
995 1409 1056 1452 (L.
1076 1408 1158 1441 Lat.
1187 1410 1220 1451 6,
1247 1409 1279 1442 9.
1304 1419 1394 1452 pag.
1406 1409 1483 1443 263.
1512 1408 1668 1454 Speng.)

224 1456 250 1490 i.
280 1467 311 1489 e.
342 1456 384 1488 de
408 1466 447 1487 re
468 1455 616 1498 publica
640 1455 773 1498 Populi
796 1455 954 1487 Romani
975 1455 1183 1490 Quiritium.
1211 1454 1287 1488 Md.
1316 1456 1412 1488 Crat.
1442 1455 1543 1491 Vict.
1572 1457 1603 1489 1.
1632 1456 1665 1489 2.

224 1502 359 1535 Graev.
384 1500 527 1534 Bened.
554 1502 597 1534 de
622 1502 741 1544 repub.
773 1501 811 1535 Q.
837 1500 878 1534 P.
907 1501 995 1534 Ern.
1025 1500 1110 1535 Sch.
1138 1501 1231 1533 Liin.
1260 1501 1302 1533 de
1325 1501 1447 1544 repub.
1476 1512 1547 1534 om.
1570 1502 1608 1536 Q.
1622 1502 1664 1536 P.

222 1547 352 1582 Lamb.
380 1547 422 1579 de
447 1557 521 1589 rep.
547 1558 653 1590 quam
673 1548 845 1590 primum.
875 1546 1070 1580 ORELLI.
1098 1565 1141 1570 -—
1161 1547 1288 1589 possit.
1323 1547 1400 1580 Md.
1424 1558 1542 1590 posse.
1573 1548 1668 1582 For·

224 1601 346 1628 tasse·
368 1597 501 1636 posset,
529 1601 568 1626 ut
593 1604 704 1637 saepe
730 1594 802 1626 hoc
829 1599 971 1636 tempus
998 1593 1035 1625 in
1060 1592 1231 1626 formulis
1257 1593 1407 1635 legitur.
1438 1594 1509 1627 OR.
1534 1612 1579 1617 —
1608 1594 1667 1627 in-

223 1640 466 1681 tercessisset,
515 1640 630 1673 sollte
675 1639 768 1672 Eius
774 1639 890 1682 pruch
934 1639 1067 1681 gethan
1106 1639 1238 1671 haben.
1289 1638 1354 1672 Sic
1389 1639 1481 1672 Cdd.
1522 1639 1667 1683 aliquot

224 1686 379 1728 (Dresd.
400 1688 430 1718 l.
458 1686 618 1724 Toruav
637 1691 723 1725 cet„
749 1684 813 1728 qui
839 1695 951 1727 saepe
969 1684 1045 1717 Md.
1069 1684 1290 1727 scripturam
1306 1684 1528 1727 exhibent..)
1554 1686 1669 1719 iuter-

222 1733 370 1767 cesserit
394 1732 489 1765 Cett.
520 1726 592 1764 OR.
630 1730 668 1765 S.
695 1731 846 1764 Ramsh.
874 1731 902 1774 §.
931 1730 1009 1772 162,
1036 1732 1068 1764 3.
1098 1731 1177 1772 164,
1204 1731 1273 1771 ΙΙΙ,
1302 1733 1333 1765 7.
1361 1732 1440 1773 166,
1468 1732 1502 1774 2,
1531 1743 1560 1764 c.
1590 1733 1665 1776 vgl.

280 1782 311 1813 7.
340 1790 374 1811 u.
402 1779 433 1812 S.
458 1789 515 1810 am
546 1777 666 1811 Ende.
693 1795 738 1802 —-
768 1780 862 1810 auct.
893 1776 1093 1819 perseum,
1129 1776 1213 1809 (1355
1250 1776 1318 1810 dei
1350 1776 1465 1810 Ratlis
1469 1778 1666 1813 beschluss

222 1806 278 1859 315
303 1825 433 1858 blosse
462 1823 837 1865 Willenserklaiung
871 1822 1119 1867 plotokollirt
1152 1822 1293 1856 werde.
1345 1823 1383 1857 S.
1418 1833 1463 1856 zu
1489 1824 1517 1867 §.
1544 1825 1576 1857 4.
1605 1836 1662 1859 am

220 1871 341 1906 Ende.
376 1889 418 1894 -—
451 1871 703 1914 populumque.
751 1869 846 1902 Hier
876 1868 924 1901 ist
954 1868 1079 1911 nicht,
1112 1868 1186 1902 wie
1216 1868 1314 1901 beim
1348 1875 1472 1902 ersten
1510 1869 1664 1904 Senats·

217 1917 416 1952 beschluss
431 1917 611 1960 plebemve
628 1915 878 1957 hinzugefugt
913 1915 1016 1947 Aber
1040 1925 1080 1947 es
1106 1914 1241 1947 fanden
1258 1914 1338 1947 sich
1359 1915 1452 1947 auch
1474 1916 1661 1959 sogleicli,

217 1962 425 1998 besonders
455 1963 544 1996 weil
576 1962 640 1994 das
681 1968 766 1994 veto
802 1967 927 1993 unters
932 1967 992 2003 agt
1020 1960 1169 2003 winde,
1203 1960 1500 1995 Protestirende.
1549 1962 1664 1998 (33537-

215 2010 321 2044 hatte
346 2014 453 2041 unter
478 2008 550 2041 den
575 2007 737 2052 plebeiis
763 2007 833 2040 den
859 2010 944 2049 gros
929 2013 1029 2039 asten
1054 2007 1224 2049 Anhang.

311 2057 342 2088 7
393 2055 437 2087 de
461 2055 538 2087 mil.
553 2079 562 2096 ,
596 2054 633 2087 in
658 2053 806 2086 Betreff
833 2052 901 2085 der
933 2052 1132 2094 Soldaten‚
1164 2051 1410 2095 K1ieger.—
1433 2057 1536 2096 sunt,
1578 2053 1658 2088 die·

215 2111 303 2136 nen.
328 2100 402 2133 sint
427 2100 473 2133 de
497 2101 586 2134 Ern.
616 2110 697 2133 con.
725 2099 811 2133 Sch.
832 2099 863 2132 2.
892 2099 984 2131 Liin.
1013 2117 1055 2122 —
1080 2099 1162 2141 stip.
1186 2109 1291 2131 877787.
1348 2079 1548 2142 .lzabeanl‚
1576 2100 1660 2135 ihre

216 2147 302 2181 Zeit
324 2146 544 2190 ausgedient
576 2146 712 2179 hatten.
762 2146 869 2178 Dazu
901 2144 1055 2178 wuiden
1080 2146 1123 2178 10
1146 2144 1338 2186 Feldzfige
1364 2145 1398 2178 d.
1427 2145 1449 2178 i.
1478 2147 1521 2180 10
1546 2146 1658 2180 Iahre

215 2193 442 2227 wirklichen
458 2192 636 2225 Dienstes
654 2191 849 2225 erfordert.
865 2210 906 2215 —
925 2202 1068 2233 causas,
1087 2191 1213 2234 quibus
1228 2191 1270 2223 de
1285 2192 1417 2224 causis.
1445 2190 1482 2224 S.
1501 2192 1653 2227 Ramsh.

212 2241 242 2284 §.
272 2240 351 2281 159,
377 2241 412 2281 3,
441 2238 475 2271 d.
500 2238 588 2271 Not.
613 2238 645 2271 2.
675 2257 715 2262 —
740 2237 846 2270 missi
868 2237 949 2279 fieri
974 2237 1145 2278 debeant,
1173 2237 1320 2269 miissen
1345 2237 1533 2271 entlassen
1557 2250 1656 2272 wer-

213 2286 298 2319 den.
349 2284 387 2319 S.
414 2284 562 2317 Ramsh.
589 2284 617 2327 §.
646 2285 725 2325 168,
750 2284 797 2326 Β,
821 2284 854 2317 2.
882 2284 967 2317 Not.
984 2284 1017 2317 2.
1045 2282 1186 2316 Grotef.
1211 2283 1238 2325 ἕ.
1266 2282 1347 2325 205,
1372 2283 1454 2318 312.
1479 2302 1522 2310 —
1546 2286 1595 2318 ad
1618 2284 1653 2319 17.

212 2332 293 2366 ord.
329 2337 554 2365 senatorum.
587 2348 632 2354 —
662 2334 700 2362 ut
720 2341 793 2363 eor.
822 2333 892 2363 rat.
920 2329 999 2362 hab.
1028 2335 1097 2362 cet.
1115 2353 1124 2370 ‚
1158 2327 1272 2361 damit
1302 2329 1469 2363 Bedacht
1503 2332 1568 2364 auf
1597 2332 1654 2365 sie

209 2379 336 2413 kiinne
361 2386 582 2420 genommen
608 2387 642 2409 u.
671 2376 753 2409 ihre
775 2375 894 2410 Sache
920 2375 1137 2408 [intersucht
1159 2374 1324 2409 werden.
1351 2394 1395 2400 ——
1427 2376 1653 2410 intercessis-

210 2428 275 2458 set.
327 2422 391 2457 Sic
416 2422 493 2456 Md.
520 2422 618 2455 Crat.
655 2422 758 2457 Vict.
786 2424 818 2455 1.
846 2423 878 2455 2.
913 2420 1054 2455 Bened.
1091 2420 1334 2454 intercesserit
1365 2422 1490 2457 Lamb.
1517 2423 1652 2459 Graev.

210 2471 301 2505 Ern.
329 2468 416 2503 Sch.
443 2469 538 2501 Lijn.
568 2467 640 2500 ΟΒ.
668 2467 706 2501 S.
736 2479 782 2501 zu
808 2468 835 2510 §.
862 2469 895 2502 6.
943 2467 995 2500 Ε5
1013 2466 1155 2508 schim),
1183 2467 1238 2500 315
1257 2467 1388 2501 wollte
1414 2479 1494 2501 man
1519 2469 1652 2504 Casars

208 2515 498 2559 Kriegesmacht
522 2514 586 2547 auf
607 2513 712 2546 diese
737 2514 806 2546 Art
829 2512 1061 2554 verringern.
1089 2531 1131 2536 -
1157 2513 1205 2545 ad
1236 2512 1328 2546 hunc
1360 2515 1536 2548 ordinem.
1585 2514 1651 2549 Sic

208 2562 317 2598 Vict.
343 2561 376 2595 2.
402 2560 481 2595 Md.
508 2567 578 2594 cet.
606 2560 654 2593 ad
676 2564 838 2593 senatum
858 2559 1099 2604 populumque
1129 2559 1257 2593 Lamb.
1285 2559 1418 2594 Graev.
1443 2560 1533 2593 Ern.
1559 2560 1648 2597 Sch.

208 2609 303 2642 Li'm.
323 2607 396 2641 ΟΒ.

300 2655 333 2687 8.
383 2654 422 2686 in
449 2652 634 2693 Ciliciam,
659 2660 719 2685 wo
744 2650 879 2684 Cicero
910 2661 998 2685 war.
1026 2669 1068 2676 -
1089 2661 1160 2694 pro
1181 2653 1371 2693 praetore3
1408 2649 1470 2685 hic
1494 2657 1530 2684 et
1554 2650 1650 2687 infra

205 2710 284 2752 pro.
296 2699 530 2751 praetoribus
558 2698 713 2731 malebat
739 2697 902 2730 Gronov.
931 2716 974 2721 —-
999 2697 1038 2729 in
1059 2708 1301 2751 protutelam.
1352 2678 1416 2731 Sic
1440 2697 1514 2731 Md.
1543 2698 1645 2733 Vict.

202 2746 242 2779 .2.
268 2746 309 2779 iu
327 2745 523 2790 prouincia
546 2745 642 2779 Cett.
670 2744 743 2777 OR.
772 2762 813 2768 —-
841 2753 884 2776 ea:
907 2743 944 2777 S.
974 2743 1032 2786 C.,
1067 2746 1244 2787 vermbge
1269 2743 1335 2778 des
1366 2742 1416 2777 im
1440 2744 1469 2778 1.
1498 2744 1562 2778 702
1586 2744 1649 2777 ab·
