1795 3043
327 106 641 155 EPISTOLA
691 104 958 152 CCCXLII.
1029 105 1311 153 CCCXLIII.
1452 114 1551 161 431

89 222 282 275 placeat,
315 221 527 274 explicas!
586 219 680 260 Non
711 230 801 259 esse
830 230 896 258 me
925 232 1009 260 una
1039 232 1135 260 cum
1150 219 1352 272 Pompeio
1371 221 1553 273 gaudes3

89 291 141 320 ac
163 279 392 332 proponis,
424 290 550 330 quam
580 278 633 317 sit
663 278 787 328 turpe
816 287 881 315 me
911 276 1079 328 adesse,
1115 290 1242 328 quum
1272 275 1373 328 quid
1401 277 1453 317 de
1473 278 1551 318 illo

88 336 360 385 detrahatur3
409 335 528 376 nefas
565 346 655 374 esse
695 332 946 386 approbare.
1004 334 1140 374 Certe.
1202 334 1360 375 Contra
1386 334 1550 387 igitur?

91 393 188 441 Dii,
238 392 399 444 inquis,
451 393 748 432 averruncent.
818 389 928 438 Quid
967 401 1065 442 ergo
1102 390 1198 438 fiet,
1254 391 1290 431 si
1331 391 1374 432 in
1415 393 1550 432 altero

89 452 229 490 scelus
268 452 354 501 est,
399 449 442 489 in
479 449 614 489 altero
653 445 937 500 supplicium?
1005 447 1280 501 Impetrabis,
1325 448 1484 500 inquis,
1527 462 1552 489 a

90 507 292 554 Caesare,
342 508 390 547 ut
429 505 509 546 tibi
549 505 694 545 abesse
731 505 861 545 liceat
901 505 943 543 et
974 516 1062 544 esse
1092 506 1242 546 otioso.
1303 505 1553 558 Supplican-

89 564 189 604 dum
217 562 380 616 igitur?
438 563 652 603 Miserum.
718 560 854 613 Quid,
901 562 938 601 si
975 565 1060 600 non‘
1091 561 1352 614 impetraro?
1415 563 1472 603 Et
1500 562 1552 602 de

88 621 305 673 triumpho
342 620 445 668 erit,
489 619 654 671 inquis,
704 618 927 671 integrum.
992 618 1124 670 Quid,
1161 619 1198 660 si
1228 620 1310 659 hoc
1340 618 1430 670 ipso
1460 631 1554 672 pre-

88 678 211 719 mar?
278 675 527 729 Accipiam?
597 674 707 723 Quid
740 675 934 718 foedius?
992 675 1181 729 Negem3
1239 675 1471 728 Repudiari
1508 688 1554 716 se

88 736 245 784 totum,
299 734 430 787 magis
466 733 594 773 etiam
633 745 759 783 quam
794 733 896 772 olim
932 733 975 772 in
1014 734 1211 773 xxviratu
1248 733 1429 785 putabit.
1488 733 1551 773 Ao

88 793 218 839 solet,
251 802 378 842 quum
407 802 451 830 se
480 792 654 843 purgat,
682 790 725 829 in
757 802 823 829 me
854 791 1050 830 conferre
1078 802 1241 830 omnem
1260 791 1432 831 illorum
1449 792 1554 830 tem·

87 861 239 901 porum
269 849 463 899 culpam:
521 848 580 887 ita
610 858 677 886 me
707 845 789 886 sibi
819 847 958 887 fuisse.
977 847 1218 894 inimicum,
1257 849 1305 887 ut
1340 860 1394 887 ne
1423 847 1554 886 hono-

87 918 176 946 rem
204 904 373 957 quidem
402 918 427 945 a
456 916 501 944 se
531 904 728 956 accipere
757 904 920 944 vellem.
980 904 1145 951 Quanto
1174 916 1288 945 nunc
1328 905 1409 945 hoc
1439 903 1553 943 idem

89 961 275 1014 accipiet
314 961 530 1013 asperius?
601 961 738 1001 Tanto
780 961 969 1013 scilicet,
1024 963 1181 1012 quanto
1218 963 1261 1001 et
1302 962 1438 1001 honor
1477 961 1550 1000 hic

87 1018 165 1059 illo
195 1020 258 1059 est
288 1018 468 1071 amplior
497 1019 539 1057 et
565 1017 659 1070 ipse
686 1016 913 1060 robustior.
972 1016 1078 1058 Nam
1107 1018 1218 1069 quod
1246 1029 1374 1070 negas
1406 1020 1448 1057 te
1477 1017 1551 1057 du·
1573 1016 1602 1055 2

87 1076 253 1123 bitare,
297 1076 398 1126 quin
435 1087 585 1127 magna
621 1074 665 1114 in
705 1073 863 1114 offensa
896 1075 974 1114 sim
1004 1074 1116 1126 apud
1145 1075 1417 1126 Pompeium,
1467 1086 1552 1114 non

88 1132 210 1174 video
241 1144 431 1179 causam,
464 1144 540 1172 cur
567 1132 629 1170 ita
658 1132 734 1182 sit,
765 1132 846 1170 hoc
877 1130 1045 1182 quidem
1074 1132 1275 1183 tempore.
1335 1130 1418 1178 Qui
1440 1131 1554 1170 enim

90 1189 244 1230 amisso
276 1187 460 1228 Corfinio
489 1187 672 1239 denique
701 1188 927 1228 certiorem
957 1200 1024 1227 me
1053 1188 1121 1228 sui
1150 1189 1322 1229 consilii
1350 1187 1478 1240 fecit,
1518 1189 1556 1228 is

89 1247 290 1298 queretur
319 1243 589 1285 Brundisium
626 1257 693 1284 me
732 1256 816 1284 non
855 1245 1045 1296 venisse,
1094 1257 1222 1297 quum
1256 1247 1371 1285 inter
1408 1257 1475 1284 me
1513 1247 1556 1285 et

88 1302 361 1343 Brundisium
391 1301 544 1342 Caesar
573 1299 708 1341 esset?
766 1300 930 1340 Deinde
961 1302 1088 1341 etiam
1115 1302 1198 1342 scit
1225 1298 1557 1350 ἀπαρρησίαστον

91 1371 182 1400 esse
211 1359 256 1398 in
288 1370 338 1398 ea
367 1370 495 1398 causa
525 1358 744 1408 querelam
774 1370 906 1399 suam.
963 1357 1034 1397 Me
1063 1360 1187 1410 putat
1225 1358 1278 1399 de
1305 1358 1557 1410 municipio·

91 1503 191 1545 XV,
228 1503 291 1536 10:
340 1501 390 1535 O!
422 1500 536 1535 Bruti
565 1504 732 1534 amanter
760 1501 919 1545 scriptas
946 1503 1084 1538 literas.
1122 1503 1231 1538 SCH.
1266 1522 1312 1529 —·
1354 1505 1553 1548 perditam,

21 1535 25 1588 ἶ
91 1551 131 1582 o!
166 1548 288 1581 meine
312 1547 415 1590 Lage
439 1557 537 1580 muss
563 1546 659 1580 doch
683 1557 778 1590 ganz
802 1547 939 1582 heillos
964 1549 1054 1583 sein.
1080 1567 1126 1574 —
1172 1561 1236 1590 ac,
1272 1550 1363 1584 Ern.
1390 1560 1492 1594 susp.
1518 1554 1558 1583 at

23 1595 25 1622 1
88 1594 283 1640 proponi-5²,
321 1593 394 1627 und
426 1593 548 1626 stellst
577 1592 649 1627 mir
682 1593 779 1627 doch
803 1604 880 1629 vor.
917 1612 961 1619 —-
1007 1606 1063 1628 ‘me
1087 1596 1211 1629 adesse
1236 1596 1318 1629 scil.
1344 1596 1381 1630 in
1408 1602 1555 1639 senatu,

91 1651 201 1676 wenn
226 1639 286 1674 ich
311 1639 373 1672 bei
398 1639 517 1672 einen]
544 1649 615 1672 von
642 1640 756 1673 Gasar
780 1641 1197 1676 zusammenberufenen
1222 1641 1360 1677 Senate
1384 1652 1431 1676 zu
1456 1642 1555 1676 Rom

25 1712 27 1720 ,
91 1687 191 1722 mich
221 1685 402 1721 einfande.
435 1703 479 1709 -—
526 1685 569 1718 de
592 1684 682 1728 illo,
716 1685 918 1730 Pompeio,
959 1688 1191 1731 detrahatur,
1235 1699 1345 1723 wann
1380 1699 1463 1722 man
1489 1688 1555 1722 da-

26 1727 30 1767 2,
91 1733 209 1767 selbst
241 1731 367 1765 Etwas
401 1741 484 1765 zum
516 1731 739 1765 Nachtheile
775 1730 840 1765 des
871 1732 1074 1776 Pompeius
1116 1735 1298 1778 verfiigte.
1336 1753 1381 1759 —
1437 1736 1554 1777 nefas,

90 1778 158 1813 alii
182 1788 246 1811 nec
271 1779 329 1819 fas
353 1788 427 1810 esse
452 1787 509 1811 me
533 1778 606 1811 hoc
630 1777 844 1821 approbare.
870 1797 913 1802 —
965 1779 1102 1813 Contra
1126 1780 1273 1823 igitur?
1303 1780 1412 1814 Nunc
1437 1780 1555 1824 igitur

91 1832 220 1870 aperte
244 1823 396 1858 Caesari
422 1833 625 1875 repugnem
651 1829 687 1857 et
710 1823 747 1857 in
778 1824 1021 1858 offensionem
1052 1825 1134 1860 eius
1166 1826 1371 1861 incurram?
1404 1846 1447 1851 —
1494 1828 1556 1870 fiet

29 1894 33 1910 ,
92 1881 114 1905 a
138 1881 265 1904 me.—
301 1869 535 1913 supplz'cmm,
562 1868 720 1903 offensio
740 1870 911 1904 Caesaris
937 1871 1056 1906 instar
1080 1872 1258 1917 supplicii
1284 1879 1321 1906 et
1345 1872 1555 1918 periculum

30 1912 33 1961 Ἰ
92 1914 294 1960 supplicii,
342 1914 452 1957 quale
490 1914 579 1948 olim
612 1915 761 1958 pertuli.
799 1917 1014 1952 CORRAD.
1065 1918 1154 1954 Vid.
1190 1930 1248 1964 ep.
1273 1920 1354 1954 339.
1386 1938 1432 1945 —-
1478 1929 1555 1952 esse

30 1969 37 2007 '¹
92 1963 226 2004 otioso,
256 1960 331 1995 und
359 1959 458 1994 Dich
493 1961 587 1994 aller
612 1960 926 2005 Siaatsgeschaste
959 1974 1005 1997 zu
1031 1966 1285 2010 entschlagen.
1330 1965 1458 1999 Ueber
1482 1965 1554 1998 den

92 2008 298 2052 doppelten
311 2006 435 2041 DatiV.
464 2006 526 2041 bei
548 2007 658 2040 liceat
682 2018 756 2041 esse
780 2018 808 2042 s.
834 2009 981 2044 Ramsh.
1010 2010 1038 2052 ἓ.
1052 2013 1132 2054 168,
1158 2013 1203 2050 Α,
1229 2012 1313 2046 Not.
1339 2012 1371 2045 2.
1406 2011 1553 2045 Grotef.

32 2057 34 2061 ’
92 2055 122 2098 §.
146 2054 224 2088 205.
249 2072 294 2078 —
340 2053 537 2096 integrum.
583 2053 685 2087 Falls
710 2053 769 2087 ich
795 2055 1082 2100 zuriickbliebe‚
1116 2057 1248 2092 wiirde
1271 2057 1365 2091 auch
1390 2067 1437 2091 zu
1462 2056 1558 2091 mei-

0 2115 1 2122 *
38 2098 40 2133 ζ
90 2111 176 2136 nem
207 2099 413 2144 Triumphe
444 2099 546 2133 Rath
577 2099 729 2133 werden
760 2099 928 2142 konnen,
970 2110 1072 2146 sagst
1100 2104 1174 2138 Du.
1214 2122 1259 2130 —
1294 2115 1446 2147 premar
1469 2103 1493 2137 i.
1522 2114 1553 2138 e.

92 2146 182 2190 quid
207 2145 239 2180 si
266 2146 336 2179 hoc
360 2145 443 2190 ipso
470 2144 657 2190 triumpho
682 2146 773 2180 mihi
799 2157 819 2180 a
844 2148 1003 2182 Caesare
1035 2149 1187 2183 decreto
1220 2150 1381 2193 urgear't
1430 2149 1466 2184 in
1492 2149 1555 2183 die

0 2207 2 2215 ν
40 2211 42 2230 a
91 2193 260 2226 Klemme
283 2191 412 2225 kamet
434 2210 480 2218 —-
516 2192 712 2236 Accipiam
738 2192 982 2237 triumphum?
1016 2195 1186 2229 Namlich
1211 2196 1296 2231 falls
1322 2207 1363 2230 er
1387 2196 1465 2230 mir·
1481 2206 1554 2228 von

91 2239 205 2273 Gasar
240 2238 448 2282 angeboten
482 2238 626 2273 wiirde.
664 2256 709 2262 —
755 2238 923 2280 Negem?
962 2242 1229 2286 ausschlagenz
1257 2261 1302 2267 —-
1349 2241 1556 2286 Repudiari

93 2283 174 2318 scil.
201 2294 222 2317 a
246 2295 314 2318 me.
340 2302 385 2308 —
423 2284 645 2324 XXviratu,
672 2283 854 2318 welchem
881 2286 1053 2329 Collegio
1079 2299 1152 2321 von
1177 2289 1221 2324 20
1240 2289 1421 2324 Mannern
1439 2289 1556 2322 casar

92 2329 153 2364 die
179 2329 437 2373 Vollziehung
461 2330 585 2364 seines
611 2330 860 2374 Agrarischen
887 2332 1068 2367 Gesetzes
1091 2335 1283 2379 iibertrug.
1320 2335 1375 2368 Er
1399 2335 1465 2368 bot
1490 2333 1556 2366 da·

92 2375 183 2409 mals
209 2384 275 2408 zur
299 2375 383 2409 Zeit
408 2376 472 2410 des
498 2376 654 2411 Clodius
680 2377 762 2410 dem
789 2377 921 2411 Cicero
945 2378 1007 2412 die
1032 2380 1149 2414 durch
1175 2382 1245 2415 den
1271 2381 1355 2414 Tod
1389 2380 1454 2413 des
1480 2379 1555 2413 Co-

91 2420 241 2456 sconius
267 2421 451 2465 erledigte
476 2421 596 2456 Stelle
621 2422 660 2456 in
686 2423 825 2457 diesem
852 2424 1024 2467 Collegio
1057 2436 1119 2469 an;
1161 2428 1294 2462 Cicero
1332 2426 1466 2468 schlug
1498 2425 1554 2458 sie

91 2468 182 2502 aber
207 2477 283 2501 aus.
327 2465 364 2500 S.
391 2478 451 2512 ep.
478 2468 605 2509 XLV,
631 2469 666 2502 5.
699 2488 744 2494 —-
772 2470 943 2503 villorum
968 2475 1071 2514 temp.
1100 2474 1262 2518 culpam,
1303 2472 1375 2505 alle
1409 2471 1552 2506 Schuld

93 2524 248 2548 unserer
273 2512 479 2556 damaligen
492 2513 847 2558 Misshelligkeiten.
883 2517 971 2551 Von
990 2518 1043 2551 ita
1068 2518 1124 2552 bis
1149 2520 1266 2562 accip.
1292 2518 1421 2550 vellem
1439 2517 1552 2559 hangt

92 2560 137 2593 ab
163 2570 235 2593 von
262 2559 403 2600 dicen-⁹,
435 2569 511 2593 was
537 2559 575 2593 in
601 2562 766 2603 conferre
791 2562 979 2596 versteckt
1004 2563 1109 2609 liegt.
1136 2583 1176 2592 -
1225 2563 1431 2606 robustior,
1459 2562 1552 2596 viel-

2 2599 29 2623 ·3
95 2605 376 2649 vermogender.

181 2673 214 2706 2.
252 2672 317 2705 leoc
336 2672 479 2715 quidem
490 2675 658 2715 tempore.
692 2675 744 2708 Im
761 2675 953 2710 Unwillen
979 2676 1120 2720 spricht
1137 2676 1269 2710 Cicero
1296 2677 1399 2711 diese
1416 2678 1550 2711 Worte

49 2724 54 2745 ³1
93 2717 173 2751 dem
210 2718 362 2752 Attikus
401 2717 505 2751 nach.
541 2736 584 2742 —
645 2719 828 2768 ἀπαῤῥ.,
871 2734 942 2756 non
975 2723 1063 2756 satis
1095 2723 1251 2757 liberum
1288 2734 1357 2757 nec
1389 2723 1549 2757 fiduciae

93 2763 240 2807 plenum
265 2763 337 2799 sibi
363 2763 420 2799 ius
446 2766 527 2798 esse
546 2765 733 2808 querelae.
749 2766 857 2802 SCH.
888 2769 927 2802 in
952 2767 1019 2802 kae
1044 2779 1165 2812 causa,
1190 2769 1226 2802 in
1241 2769 1379 2804 diesem
1391 2770 1548 2804 Paucae.
