<?xml version="1.0" encoding="UTF-8"?>
<!DOCTYPE html PUBLIC "-//W3C//DTD XHTML 1.0 Transitional//EN"
    "http://www.w3.org/TR/xhtml1/DTD/xhtml1-transitional.dtd">
<html xmlns="http://www.w3.org/1999/xhtml" xml:lang="en" lang="en">
 <head>
  <title>
</title>
<meta http-equiv="Content-Type" content="text/html;charset=utf-8" />
  <meta name='ocr-system' content='tesseract 3.04.00' />
  <meta name='ocr-capabilities' content='ocr_page ocr_carea ocr_par ocr_line ocrx_word'/>
</head>
<body>
  <div class='ocr_page' id='page_1' title='image "./epistolaeadattic02ciceuoft_0100.png"; bbox 0 0 1795 3043; ppageno 0'>
   <div class='ocr_carea' id='block_1_1' title="bbox 217 36 1418 94">
    <p class='ocr_par' dir='ltr' id='par_1_1' title="bbox 217 36 1418 94">
     <span class='ocr_line' id='line_1_1' title="bbox 217 36 1418 94; baseline -0.003 -7"><span class='ocrx_word' id='word_1_1' title='bbox 217 47 285 94; x_wconf 82' lang='grc'><strong>92</strong></span> <span class='ocrx_word' id='word_1_2' title='bbox 489 38 554 86; x_wconf 91' lang='grc' dir='ltr'><strong>Μ.</strong></span> <span class='ocrx_word' id='word_1_3' title='bbox 589 38 644 84; x_wconf 91' lang='grc' dir='ltr'><strong>Τ.</strong></span> <span class='ocrx_word' id='word_1_4' title='bbox 681 36 1017 85; x_wconf 90' lang='lat' dir='ltr'>CICERONIS</span> <span class='ocrx_word' id='word_1_5' title='bbox 1049 36 1418 85; x_wconf 86' lang='lat' dir='ltr'>EPISTOLAE.</span> 
     </span>
    </p>
   </div>
   <div class='ocr_carea' id='block_1_2' title="bbox 165 150 1720 1177">
    <p class='ocr_par' dir='ltr' id='par_1_2' title="bbox 165 150 1720 1177">
     <span class='ocr_line' id='line_1_2' title="bbox 216 150 1669 205; baseline -0.003 -10"><span class='ocrx_word' id='word_1_6' title='bbox 216 154 490 205; x_wconf 84' lang='lat' dir='ltr'><strong>cissimusque</strong></span> <span class='ocrx_word' id='word_1_7' title='bbox 516 151 663 204; x_wconf 85' lang='lat' dir='ltr'><strong>populi</strong></span> <span class='ocrx_word' id='word_1_8' title='bbox 694 150 870 192; x_wconf 87' lang='lat' dir='ltr'><strong>Romani</strong></span> <span class='ocrx_word' id='word_1_9' title='bbox 901 151 1180 192; x_wconf 81' lang='lat' dir='ltr'><strong>existimatur:</strong></span> <span class='ocrx_word' id='word_1_10' title='bbox 1214 151 1423 192; x_wconf 85' lang='lat' dir='ltr'><strong>Pacorum</strong></span> <span class='ocrx_word' id='word_1_11' title='bbox 1456 150 1584 191; x_wconf 90' lang='lat' dir='ltr'><strong>Orodi</strong></span> <span class='ocrx_word' id='word_1_12' title='bbox 1606 162 1669 191; x_wconf 86' lang='lat' dir='ltr'><strong>re-</strong></span> 
     </span>
     <span class='ocr_line' id='line_1_3' title="bbox 215 208 1669 265; baseline -0.003 -13"><span class='ocrx_word' id='word_1_13' title='bbox 215 212 282 265; x_wconf 81' lang='lat' dir='ltr'><strong>gis</strong></span> <span class='ocrx_word' id='word_1_14' title='bbox 330 212 585 252; x_wconf 87' lang='lat' dir='ltr'><strong>Parthorum</strong></span> <span class='ocrx_word' id='word_1_15' title='bbox 633 208 771 248; x_wconf 85' lang='lat' dir='ltr'><strong>filium</strong></span> <span class='ocrx_word' id='word_1_16' title='bbox 814 221 912 249; x_wconf 91' lang='lat' dir='ltr'><strong>cum</strong></span> <span class='ocrx_word' id='word_1_17' title='bbox 958 220 1190 261; x_wconf 78' lang='lat' dir='ltr'><strong>permagno</strong></span> <span class='ocrx_word' id='word_1_18' title='bbox 1237 208 1429 259; x_wconf 80' lang='lat' dir='ltr'><strong>equitatu</strong></span> <span class='ocrx_word' id='word_1_19' title='bbox 1467 208 1669 248; x_wconf 83' lang='lat' dir='ltr'><strong>Parthico</strong></span> 
     </span>
     <span class='ocr_line' id='line_1_4' title="bbox 215 265 1670 318; baseline -0.004 -8"><span class='ocrx_word' id='word_1_20' title='bbox 215 268 418 310; x_wconf 78' lang='lat' dir='ltr'><strong>transisse</strong></span> <span class='ocrx_word' id='word_1_21' title='bbox 447 267 707 318; x_wconf 83' lang='lat' dir='ltr'><strong>Euphratem</strong></span> <span class='ocrx_word' id='word_1_22' title='bbox 736 267 778 306; x_wconf 87' lang='lat' dir='ltr'><strong>et</strong></span> <span class='ocrx_word' id='word_1_23' title='bbox 808 268 944 307; x_wconf 85' lang='lat' dir='ltr'><strong>castra</strong></span> <span class='ocrx_word' id='word_1_24' title='bbox 982 265 1170 318; x_wconf 80' lang='lat' dir='ltr'><strong>posuisse</strong></span> <span class='ocrx_word' id='word_1_25' title='bbox 1210 265 1353 318; x_wconf 82' lang='lat' dir='ltr'><strong>Tybae</strong></span> <span class='ocrx_word' id='word_1_26' title='bbox 1392 277 1670 317; x_wconf 81' lang='lat' dir='ltr'><strong>magnumque</strong></span> 
     </span>
     <span class='ocr_line' id='line_1_5' title="bbox 215 321 1669 376; baseline -0.005 -9"><span class='ocrx_word' id='word_1_27' title='bbox 215 327 444 367; x_wconf 74' lang='lat' dir='ltr'><strong>tumultum</strong></span> <span class='ocrx_word' id='word_1_28' title='bbox 481 335 570 363; x_wconf 82' lang='lat' dir='ltr'><strong>esse</strong></span> <span class='ocrx_word' id='word_1_29' title='bbox 606 323 650 362; x_wconf 90' lang='lat' dir='ltr'><strong>in</strong></span> <span class='ocrx_word' id='word_1_30' title='bbox 687 324 908 374; x_wconf 75' lang='lat' dir='ltr'><strong>provincia</strong></span> <span class='ocrx_word' id='word_1_31' title='bbox 938 323 1061 376; x_wconf 83' lang='lat' dir='ltr'><strong>Syria</strong></span> <span class='ocrx_word' id='word_1_32' title='bbox 1102 322 1344 362; x_wconf 83' lang='lat' dir='ltr'><strong>excitatum.</strong></span> <span class='ocrx_word' id='word_1_33' title='bbox 1403 321 1563 362; x_wconf 88' lang='lat' dir='ltr'><strong>Eodem</strong></span> <span class='ocrx_word' id='word_1_34' title='bbox 1598 321 1669 361; x_wconf 78' lang='lat' dir='ltr'><strong>‘die</strong></span> 
     </span>
     <span class='ocr_line' id='line_1_6' title="bbox 216 379 1669 432; baseline -0.005 -8"><span class='ocrx_word' id='word_1_35' title='bbox 216 384 271 424; x_wconf 85' lang='lat' dir='ltr'><strong>ab</strong></span> <span class='ocrx_word' id='word_1_36' title='bbox 301 380 536 422; x_wconf 84' lang='lat' dir='ltr'><strong>Iamblicho</strong></span> <span class='ocrx_word' id='word_1_37' title='bbox 566 380 801 432; x_wconf 78' lang='lat' dir='ltr'><strong>phylarcho</strong></span> <span class='ocrx_word' id='word_1_38' title='bbox 829 379 1029 428; x_wconf 82' lang='lat' dir='ltr'><strong>Arabum,</strong></span> <span class='ocrx_word' id='word_1_39' title='bbox 1060 391 1183 430; x_wconf 89' lang='lat' dir='ltr'><strong>quem</strong></span> <span class='ocrx_word' id='word_1_40' title='bbox 1216 379 1405 418; x_wconf 78' lang='lat' dir='ltr'><strong>hommes</strong></span> <span class='ocrx_word' id='word_1_41' title='bbox 1443 379 1669 430; x_wconf 82' lang='lat' dir='ltr'><strong>opinantur</strong></span> 
     </span>
     <span class='ocr_line' id='line_1_7' title="bbox 216 436 1667 488; baseline -0.004 -8"><span class='ocrx_word' id='word_1_42' title='bbox 216 439 327 480; x_wconf 88' lang='lat' dir='ltr'><strong>bene</strong></span> <span class='ocrx_word' id='word_1_43' title='bbox 358 438 513 478; x_wconf 88' lang='lat' dir='ltr'><strong>sentire</strong></span> <span class='ocrx_word' id='word_1_44' title='bbox 544 438 807 488; x_wconf 86' lang='lat' dir='ltr'><strong>amicumque</strong></span> <span class='ocrx_word' id='word_1_45' title='bbox 850 449 940 477; x_wconf 86' lang='lat' dir='ltr'><strong>esse</strong></span> <span class='ocrx_word' id='word_1_46' title='bbox 970 437 1033 477; x_wconf 90' lang='lat' dir='ltr'><strong>rei</strong></span> <span class='ocrx_word' id='word_1_47' title='bbox 1062 436 1259 487; x_wconf 79' lang='lat' dir='ltr'><strong>publicae</strong></span> <span class='ocrx_word' id='word_1_48' title='bbox 1289 437 1478 482; x_wconf 82' lang='lat' dir='ltr'><strong>nostrae,</strong></span> <span class='ocrx_word' id='word_1_49' title='bbox 1516 436 1667 474; x_wconf 85' lang='lat' dir='ltr'><strong>literae</strong></span> 
     </span>
     <span class='ocr_line' id='line_1_8' title="bbox 168 492 1667 540; baseline -0.005 -1"><span class='ocrx_word' id='word_1_50' title='bbox 168 500 196 540; x_wconf 89' lang='lat'>3</span> <span class='ocrx_word' id='word_1_51' title='bbox 220 497 272 537; x_wconf 88' lang='lat' dir='ltr'><strong>de</strong></span> <span class='ocrx_word' id='word_1_52' title='bbox 300 495 450 535; x_wconf 88' lang='lat' dir='ltr'><strong>iisdem</strong></span> <span class='ocrx_word' id='word_1_53' title='bbox 478 493 607 534; x_wconf 86' lang='lat' dir='ltr'><strong>rebus</strong></span> <span class='ocrx_word' id='word_1_54' title='bbox 636 494 739 533; x_wconf 85' lang='lat' dir='ltr'><strong>mihi</strong></span> <span class='ocrx_word' id='word_1_55' title='bbox 767 493 955 534; x_wconf 77' lang='lat' dir='ltr'><strong>redditae</strong></span> <span class='ocrx_word' id='word_1_56' title='bbox 986 494 1093 532; x_wconf 83' lang='lat' dir='ltr'><strong>sunt.</strong></span> <span class='ocrx_word' id='word_1_57' title='bbox 1150 493 1227 532; x_wconf 89' lang='lat' dir='ltr'><strong>His</strong></span> <span class='ocrx_word' id='word_1_58' title='bbox 1256 493 1381 532; x_wconf 89' lang='lat' dir='ltr'><strong>rebus</strong></span> <span class='ocrx_word' id='word_1_59' title='bbox 1400 492 1555 539; x_wconf 79' lang='lat' dir='ltr'><strong>allatis,</strong></span> <span class='ocrx_word' id='word_1_60' title='bbox 1589 492 1667 531; x_wconf 90' lang='lat' dir='ltr'><strong>etsi</strong></span> 
     </span>
     <span class='ocr_line' id='line_1_9' title="bbox 215 549 1668 606; baseline -0.005 -12"><span class='ocrx_word' id='word_1_61' title='bbox 215 552 506 606; x_wconf 83' lang='lat' dir='ltr'><strong>intelligebam</strong></span> <span class='ocrx_word' id='word_1_62' title='bbox 548 551 685 590; x_wconf 81' lang='lat' dir='ltr'><strong>socios</strong></span> <span class='ocrx_word' id='word_1_63' title='bbox 720 549 887 590; x_wconf 79' lang='lat' dir='ltr'><strong>infirme</strong></span> <span class='ocrx_word' id='word_1_64' title='bbox 928 551 1132 590; x_wconf 79' lang='lat' dir='ltr'><strong>animatos</strong></span> <span class='ocrx_word' id='word_1_65' title='bbox 1171 562 1260 589; x_wconf 75' lang='lat' dir='ltr'><strong>esse</strong></span> <span class='ocrx_word' id='word_1_66' title='bbox 1290 551 1330 589; x_wconf 83' lang='lat' dir='ltr'><strong>et</strong></span> <span class='ocrx_word' id='word_1_67' title='bbox 1370 561 1573 590; x_wconf 83' lang='lat' dir='ltr'><strong>novarum</strong></span> <span class='ocrx_word' id='word_1_68' title='bbox 1603 560 1668 588; x_wconf 90' lang='lat' dir='ltr'><strong>re-</strong></span> 
     </span>
     <span class='ocr_line' id='line_1_10' title="bbox 215 606 1668 661; baseline -0.005 -10"><span class='ocrx_word' id='word_1_69' title='bbox 215 623 314 652; x_wconf 79' lang='lat' dir='ltr'><strong>rum</strong></span> <span class='ocrx_word' id='word_1_70' title='bbox 344 608 657 661; x_wconf 78' lang='lat' dir='ltr'><strong>exspectatione</strong></span> <span class='ocrx_word' id='word_1_71' title='bbox 686 620 926 659; x_wconf 82' lang='lat' dir='ltr'><strong>suspensos:</strong></span> <span class='ocrx_word' id='word_1_72' title='bbox 958 607 1177 659; x_wconf 82' lang='lat' dir='ltr'><strong>sperabam</strong></span> <span class='ocrx_word' id='word_1_73' title='bbox 1206 607 1344 646; x_wconf 79' lang='lat' dir='ltr'><strong>tamen</strong></span> <span class='ocrx_word' id='word_1_74' title='bbox 1367 618 1450 657; x_wconf 87' lang='lat' dir='ltr'><strong>eos,</strong></span> <span class='ocrx_word' id='word_1_75' title='bbox 1482 606 1533 646; x_wconf 82' lang='lat' dir='ltr'><strong>ad</strong></span> <span class='ocrx_word' id='word_1_76' title='bbox 1563 618 1668 656; x_wconf 88' lang='lat' dir='ltr'><strong>quos</strong></span> 
     </span>
     <span class='ocr_line' id='line_1_11' title="bbox 216 663 1665 716; baseline -0.006 -6"><span class='ocrx_word' id='word_1_77' title='bbox 216 670 304 710; x_wconf 83' lang='lat' dir='ltr'><strong>iam</strong></span> <span class='ocrx_word' id='word_1_78' title='bbox 339 677 602 707; x_wconf 80' lang='lat' dir='ltr'><strong>accesseram</strong></span> <span class='ocrx_word' id='word_1_79' title='bbox 642 665 797 716; x_wconf 74' lang='lat' dir='ltr'><strong>quique</strong></span> <span class='ocrx_word' id='word_1_80' title='bbox 827 666 1013 704; x_wconf 82' lang='lat' dir='ltr'><strong>nostram</strong></span> <span class='ocrx_word' id='word_1_81' title='bbox 1054 663 1411 703; x_wconf 82' lang='lat' dir='ltr'><strong>mansuetudinem</strong></span> <span class='ocrx_word' id='word_1_82' title='bbox 1449 663 1665 714; x_wconf 82' lang='lat' dir='ltr'><strong>iutegrita-</strong></span> 
     </span>
     <span class='ocr_line' id='line_1_12' title="bbox 215 720 1665 776; baseline -0.006 -10"><span class='ocrx_word' id='word_1_83' title='bbox 215 728 385 776; x_wconf 80' lang='lat' dir='ltr'><strong>temque</strong></span> <span class='ocrx_word' id='word_1_84' title='bbox 413 723 728 775; x_wconf 82' lang='lat' dir='ltr'><strong>perspexerant,</strong></span> <span class='ocrx_word' id='word_1_85' title='bbox 760 722 981 760; x_wconf 84' lang='lat' dir='ltr'><strong>amiciores</strong></span> <span class='ocrx_word' id='word_1_86' title='bbox 1009 722 1165 773; x_wconf 79' lang='lat' dir='ltr'><strong>populo</strong></span> <span class='ocrx_word' id='word_1_87' title='bbox 1187 720 1371 760; x_wconf 82' lang='lat' dir='ltr'><strong>Romano</strong></span> <span class='ocrx_word' id='word_1_88' title='bbox 1391 732 1480 760; x_wconf 91' lang='lat' dir='ltr'><strong>esse</strong></span> <span class='ocrx_word' id='word_1_89' title='bbox 1507 720 1665 767; x_wconf 79' lang='lat' dir='ltr'><strong>factos3</strong></span> 
     </span>
     <span class='ocr_line' id='line_1_13' title="bbox 167 776 1664 830; baseline -0.006 -7"><span class='ocrx_word' id='word_1_90' title='bbox 167 814 168 817; x_wconf 19' lang='grc' dir='ltr'>η</span> <span class='ocrx_word' id='word_1_91' title='bbox 218 782 416 823; x_wconf 83' lang='lat' dir='ltr'><strong>Ciliciam</strong></span> <span class='ocrx_word' id='word_1_92' title='bbox 446 781 586 819; x_wconf 84' lang='lat' dir='ltr'><strong>autem</strong></span> <span class='ocrx_word' id='word_1_93' title='bbox 614 777 841 819; x_wconf 81' lang='lat' dir='ltr'><strong>firmiorem</strong></span> <span class='ocrx_word' id='word_1_94' title='bbox 870 778 986 830; x_wconf 84' lang='lat' dir='ltr'><strong>fore,</strong></span> <span class='ocrx_word' id='word_1_95' title='bbox 1024 777 1059 816; x_wconf 88' lang='lat' dir='ltr'><strong>si</strong></span> <span class='ocrx_word' id='word_1_96' title='bbox 1090 778 1313 828; x_wconf 85' lang='lat' dir='ltr'><strong>aequitatis</strong></span> <span class='ocrx_word' id='word_1_97' title='bbox 1340 779 1508 817; x_wconf 86' lang='lat' dir='ltr'><strong>nostrae</strong></span> <span class='ocrx_word' id='word_1_98' title='bbox 1536 776 1664 828; x_wconf 86' lang='lat' dir='ltr'><strong>parti-</strong></span> 
     </span>
     <span class='ocr_line' id='line_1_14' title="bbox 217 834 1666 891; baseline -0.006 -12"><span class='ocrx_word' id='word_1_99' title='bbox 217 852 317 891; x_wconf 88' lang='lat' dir='ltr'><strong>ceps</strong></span> <span class='ocrx_word' id='word_1_100' title='bbox 345 838 462 878; x_wconf 74' lang='lat' dir='ltr'><strong>facta</strong></span> <span class='ocrx_word' id='word_1_101' title='bbox 491 838 612 876; x_wconf 88' lang='lat' dir='ltr'><strong>esset.</strong></span> <span class='ocrx_word' id='word_1_102' title='bbox 670 836 726 875; x_wconf 86' lang='lat' dir='ltr'><strong>Et</strong></span> <span class='ocrx_word' id='word_1_103' title='bbox 754 835 807 874; x_wconf 89' lang='lat' dir='ltr'><strong>ob</strong></span> <span class='ocrx_word' id='word_1_104' title='bbox 844 847 935 874; x_wconf 83' lang='lat' dir='ltr'><strong>eam</strong></span> <span class='ocrx_word' id='word_1_105' title='bbox 965 847 1134 875; x_wconf 81' lang='lat' dir='ltr'><strong>causam</strong></span> <span class='ocrx_word' id='word_1_106' title='bbox 1170 836 1212 873; x_wconf 83' lang='lat' dir='ltr'><strong>et</strong></span> <span class='ocrx_word' id='word_1_107' title='bbox 1240 836 1286 874; x_wconf 89' lang='lat' dir='ltr'><strong>ut</strong></span> <span class='ocrx_word' id='word_1_108' title='bbox 1327 834 1666 886; x_wconf 86' lang='lat' dir='ltr'><strong>opprimerentur</strong></span> 
     </span>
     <span class='ocr_line' id='line_1_15' title="bbox 215 890 1661 946; baseline -0.005 -10"><span class='ocrx_word' id='word_1_109' title='bbox 215 897 264 944; x_wconf 88' lang='lat' dir='ltr'><strong>ii,</strong></span> <span class='ocrx_word' id='word_1_110' title='bbox 296 895 370 946; x_wconf 90' lang='lat' dir='ltr'><strong>qui</strong></span> <span class='ocrx_word' id='word_1_111' title='bbox 400 906 451 933; x_wconf 81' lang='lat' dir='ltr'><strong>ex</strong></span> <span class='ocrx_word' id='word_1_112' title='bbox 483 893 663 932; x_wconf 86' lang='lat' dir='ltr'><strong>Cilicum</strong></span> <span class='ocrx_word' id='word_1_113' title='bbox 703 893 824 945; x_wconf 81' lang='lat' dir='ltr'><strong>gente</strong></span> <span class='ocrx_word' id='word_1_114' title='bbox 861 893 906 931; x_wconf 91' lang='lat' dir='ltr'><strong>in</strong></span> <span class='ocrx_word' id='word_1_115' title='bbox 937 892 1064 932; x_wconf 80' lang='lat' dir='ltr'><strong>armis</strong></span> <span class='ocrx_word' id='word_1_116' title='bbox 1093 893 1252 942; x_wconf 83' lang='lat' dir='ltr'><strong>essent,</strong></span> <span class='ocrx_word' id='word_1_117' title='bbox 1293 892 1334 930; x_wconf 93' lang='lat' dir='ltr'><strong>et</strong></span> <span class='ocrx_word' id='word_1_118' title='bbox 1362 893 1409 930; x_wconf 87' lang='lat' dir='ltr'><strong>ut</strong></span> <span class='ocrx_word' id='word_1_119' title='bbox 1448 891 1580 930; x_wconf 88' lang='lat' dir='ltr'><strong>hostis</strong></span> <span class='ocrx_word' id='word_1_120' title='bbox 1610 890 1661 936; x_wconf 88' lang='lat' dir='ltr'><strong>is,</strong></span> 
     </span>
     <span class='ocr_line' id='line_1_16' title="bbox 217 948 1662 1004; baseline -0.005 -12"><span class='ocrx_word' id='word_1_121' title='bbox 217 953 292 1004; x_wconf 89' lang='lat' dir='ltr'><strong>qui</strong></span> <span class='ocrx_word' id='word_1_122' title='bbox 323 953 431 991; x_wconf 88' lang='lat' dir='ltr'><strong>esset</strong></span> <span class='ocrx_word' id='word_1_123' title='bbox 472 951 516 991; x_wconf 91' lang='lat' dir='ltr'><strong>in</strong></span> <span class='ocrx_word' id='word_1_124' title='bbox 548 950 697 1002; x_wconf 80' lang='lat' dir='ltr'><strong>Syria,</strong></span> <span class='ocrx_word' id='word_1_125' title='bbox 735 949 865 988; x_wconf 86' lang='lat' dir='ltr'><strong>sciret</strong></span> <span class='ocrx_word' id='word_1_126' title='bbox 905 949 1136 990; x_wconf 80' lang='lat' dir='ltr'><strong>exercitum</strong></span> <span class='ocrx_word' id='word_1_127' title='bbox 1172 949 1321 999; x_wconf 86' lang='lat' dir='ltr'><strong>populi</strong></span> <span class='ocrx_word' id='word_1_128' title='bbox 1364 948 1539 988; x_wconf 88' lang='lat' dir='ltr'><strong>Romani</strong></span> <span class='ocrx_word' id='word_1_129' title='bbox 1578 959 1662 986; x_wconf 88' lang='lat' dir='ltr'><strong>non</strong></span> 
     </span>
     <span class='ocr_line' id='line_1_17' title="bbox 215 1005 1720 1056; baseline -0.005 -7"><span class='ocrx_word' id='word_1_130' title='bbox 215 1009 339 1049; x_wconf 87' lang='lat' dir='ltr'><strong>modo</strong></span> <span class='ocrx_word' id='word_1_131' title='bbox 369 1020 453 1048; x_wconf 89' lang='lat' dir='ltr'><strong>non</strong></span> <span class='ocrx_word' id='word_1_132' title='bbox 484 1007 635 1047; x_wconf 90' lang='lat' dir='ltr'><strong>cedere</strong></span> <span class='ocrx_word' id='word_1_133' title='bbox 665 1006 717 1045; x_wconf 93' lang='lat' dir='ltr'><strong>iis</strong></span> <span class='ocrx_word' id='word_1_134' title='bbox 747 1005 904 1045; x_wconf 85' lang='lat' dir='ltr'><strong>nuntiis</strong></span> <span class='ocrx_word' id='word_1_135' title='bbox 934 1005 1100 1053; x_wconf 82' lang='lat' dir='ltr'><strong>allatis,</strong></span> <span class='ocrx_word' id='word_1_136' title='bbox 1133 1005 1205 1044; x_wconf 89' lang='lat' dir='ltr'><strong>sed</strong></span> <span class='ocrx_word' id='word_1_137' title='bbox 1236 1006 1364 1045; x_wconf 84' lang='lat' dir='ltr'><strong>etiam</strong></span> <span class='ocrx_word' id='word_1_138' title='bbox 1394 1005 1567 1056; x_wconf 78' lang='lat' dir='ltr'><strong>propius</strong></span> <span class='ocrx_word' id='word_1_139' title='bbox 1597 1016 1664 1043; x_wconf 85' lang='lat' dir='ltr'><strong>ac·</strong></span> <span class='ocrx_word' id='word_1_140' title='bbox 1709 1046 1720 1051; x_wconf 65' lang='lat'><strong>-</strong></span> 
     </span>
     <span class='ocr_line' id='line_1_18' title="bbox 165 1059 1663 1112; baseline -0.005 -6"><span class='ocrx_word' id='word_1_141' title='bbox 165 1073 195 1112; x_wconf 88' lang='grc'>4</span> <span class='ocrx_word' id='word_1_142' title='bbox 220 1066 385 1112; x_wconf 86' lang='lat' dir='ltr'><strong>cedere,</strong></span> <span class='ocrx_word' id='word_1_143' title='bbox 418 1064 651 1105; x_wconf 83' lang='lat' dir='ltr'><strong>exercitum</strong></span> <span class='ocrx_word' id='word_1_144' title='bbox 680 1062 732 1103; x_wconf 84' lang='lat' dir='ltr'><strong>ad</strong></span> <span class='ocrx_word' id='word_1_145' title='bbox 762 1064 945 1102; x_wconf 79' lang='lat' dir='ltr'><strong>Taurum</strong></span> <span class='ocrx_word' id='word_1_146' title='bbox 975 1062 1140 1102; x_wconf 87' lang='lat' dir='ltr'><strong>institui</strong></span> <span class='ocrx_word' id='word_1_147' title='bbox 1156 1061 1322 1102; x_wconf 85' lang='lat' dir='ltr'><strong>ducere.</strong></span> <span class='ocrx_word' id='word_1_148' title='bbox 1383 1061 1479 1108; x_wconf 85' lang='lat' dir='ltr'><strong>Sed,</strong></span> <span class='ocrx_word' id='word_1_149' title='bbox 1511 1061 1546 1100; x_wconf 90' lang='lat' dir='ltr'><strong>si</strong></span> <span class='ocrx_word' id='word_1_150' title='bbox 1562 1059 1663 1111; x_wconf 88' lang='lat' dir='ltr'><strong>quid</strong></span> 
     </span>
     <span class='ocr_line' id='line_1_19' title="bbox 181 1118 1664 1177; baseline -0.005 -13"><span class='ocrx_word' id='word_1_151' title='bbox 181 1156 184 1159; x_wconf 90' lang='lat'><strong>.</strong></span> <span class='ocrx_word' id='word_1_152' title='bbox 216 1123 331 1177; x_wconf 83' lang='lat' dir='ltr'><strong>apud</strong></span> <span class='ocrx_word' id='word_1_153' title='bbox 359 1134 434 1163; x_wconf 87' lang='lat' dir='ltr'><strong>vos</strong></span> <span class='ocrx_word' id='word_1_154' title='bbox 464 1121 697 1162; x_wconf 75' lang='lat' dir='ltr'><strong>auctoritas</strong></span> <span class='ocrx_word' id='word_1_155' title='bbox 728 1132 821 1160; x_wconf 85' lang='lat' dir='ltr'><strong>mea</strong></span> <span class='ocrx_word' id='word_1_156' title='bbox 850 1120 1051 1172; x_wconf 83' lang='lat' dir='ltr'><strong>ponderis</strong></span> <span class='ocrx_word' id='word_1_157' title='bbox 1081 1118 1229 1170; x_wconf 83' lang='lat' dir='ltr'><strong>habet,</strong></span> <span class='ocrx_word' id='word_1_158' title='bbox 1260 1119 1304 1158; x_wconf 88' lang='lat' dir='ltr'><strong>iu</strong></span> <span class='ocrx_word' id='word_1_159' title='bbox 1332 1118 1386 1158; x_wconf 89' lang='lat' dir='ltr'><strong>iis</strong></span> <span class='ocrx_word' id='word_1_160' title='bbox 1414 1118 1664 1170; x_wconf 88' lang='lat' dir='ltr'><strong>praesertim</strong></span> 
     </span>
    </p>
   </div>
   <div class='ocr_carea' id='block_1_3' title="bbox 176 1262 1711 2036">
    <p class='ocr_par' dir='ltr' id='par_1_3' title="bbox 211 1262 1711 1957">
     <span class='ocr_line' id='line_1_20' title="bbox 213 1262 1664 1308; baseline -0.005 -7"><span class='ocrx_word' id='word_1_161' title='bbox 213 1264 403 1301; x_wconf 81' lang='lat' dir='ltr'><strong>zwischen</strong></span> <span class='ocrx_word' id='word_1_162' title='bbox 435 1262 571 1297; x_wconf 85' lang='lat' dir='ltr'><strong>beiden</strong></span> <span class='ocrx_word' id='word_1_163' title='bbox 605 1262 932 1304; x_wconf 77' lang='lat' dir='ltr'><strong>ausgebrochenen</strong></span> <span class='ocrx_word' id='word_1_164' title='bbox 964 1263 1108 1307; x_wconf 73' lang='lat' dir='ltr'><strong>Kriege</strong></span> <span class='ocrx_word' id='word_1_165' title='bbox 1140 1263 1177 1297; x_wconf 88' lang='lat' dir='ltr'><strong>iu</strong></span> <span class='ocrx_word' id='word_1_166' title='bbox 1202 1263 1399 1308; x_wconf 77' lang='lat' dir='ltr'><strong>Agrippa&#39;s</strong></span> <span class='ocrx_word' id='word_1_167' title='bbox 1425 1262 1664 1297; x_wconf 80' lang='lat' dir='ltr'><strong>Seeschlacht</strong></span> 
     </span>
     <span class='ocr_line' id='line_1_21' title="bbox 216 1308 1660 1347; baseline -0.003 -1"><span class='ocrx_word' id='word_1_168' title='bbox 216 1313 284 1347; x_wconf 76' lang='lat'><strong>724</strong></span> <span class='ocrx_word' id='word_1_169' title='bbox 313 1322 345 1345; x_wconf 86' lang='lat' dir='ltr'><strong>a.</strong></span> <span class='ocrx_word' id='word_1_170' title='bbox 377 1309 422 1343; x_wconf 85' lang='lat' dir='ltr'><strong>U.</strong></span> <span class='ocrx_word' id='word_1_171' title='bbox 455 1320 487 1343; x_wconf 86' lang='lat' dir='ltr'><strong>c.</strong></span> <span class='ocrx_word' id='word_1_172' title='bbox 520 1308 598 1341; x_wconf 79' lang='lat' dir='ltr'><strong>sein</strong></span> <span class='ocrx_word' id='word_1_173' title='bbox 624 1308 765 1341; x_wconf 88' lang='lat' dir='ltr'><strong>Leben.</strong></span> <span class='ocrx_word' id='word_1_174' title='bbox 815 1308 854 1342; x_wconf 83' lang='lat' dir='ltr'><strong>S.</strong></span> <span class='ocrx_word' id='word_1_175' title='bbox 881 1308 958 1341; x_wconf 87' lang='lat' dir='ltr'><strong>Dio</strong></span> <span class='ocrx_word' id='word_1_176' title='bbox 983 1309 1084 1343; x_wconf 84' lang='lat' dir='ltr'><strong>Cass.</strong></span> <span class='ocrx_word' id='word_1_177' title='bbox 1110 1310 1152 1343; x_wconf 93' lang='lat' dir='ltr'><strong>L.</strong></span> <span class='ocrx_word' id='word_1_178' title='bbox 1180 1312 1236 1344; x_wconf 69' lang='lat'><strong>50.</strong></span> <span class='ocrx_word' id='word_1_179' title='bbox 1263 1321 1292 1342; x_wconf 89' lang='lat' dir='ltr'><strong>e.</strong></span> <span class='ocrx_word' id='word_1_180' title='bbox 1323 1311 1376 1342; x_wconf 64' lang='lat'><strong>14.</strong></span> <span class='ocrx_word' id='word_1_181' title='bbox 1404 1308 1526 1343; x_wconf 79' lang='lat' dir='ltr'><strong>Strab.</strong></span> <span class='ocrx_word' id='word_1_182' title='bbox 1553 1308 1660 1347; x_wconf 78' lang='lat' dir='ltr'><strong>XIV,</strong></span> 
     </span>
     <span class='ocr_line' id='line_1_22' title="bbox 213 1353 1662 1398; baseline -0.005 -5"><span class='ocrx_word' id='word_1_183' title='bbox 213 1359 316 1394; x_wconf 84' lang='lat' dir='ltr'><strong>Flor.</strong></span> <span class='ocrx_word' id='word_1_184' title='bbox 341 1356 407 1392; x_wconf 91' lang='lat' dir='ltr'><strong>IV.</strong></span> <span class='ocrx_word' id='word_1_185' title='bbox 441 1366 477 1388; x_wconf 91' lang='lat' dir='ltr'><strong>u.</strong></span> <span class='ocrx_word' id='word_1_186' title='bbox 502 1354 694 1389; x_wconf 82' lang='lat' dir='ltr'><strong>Plutarch.</strong></span> <span class='ocrx_word' id='word_1_187' title='bbox 742 1353 839 1387; x_wconf 87' lang='lat' dir='ltr'><strong>Eine</strong></span> <span class='ocrx_word' id='word_1_188' title='bbox 864 1355 1019 1398; x_wconf 63' lang='lat' dir='ltr'><strong>Minae,</strong></span> <span class='ocrx_word' id='word_1_189' title='bbox 1052 1356 1195 1389; x_wconf 81' lang='lat' dir='ltr'><strong>welche</strong></span> <span class='ocrx_word' id='word_1_190' title='bbox 1221 1355 1419 1398; x_wconf 82' lang='lat' dir='ltr'><strong>beweiset‚</strong></span> <span class='ocrx_word' id='word_1_191' title='bbox 1452 1355 1535 1388; x_wconf 82' lang='lat' dir='ltr'><strong>dass</strong></span> <span class='ocrx_word' id='word_1_192' title='bbox 1560 1354 1662 1387; x_wconf 87' lang='lat' dir='ltr'><strong>Dion</strong></span> 
     </span>
     <span class='ocr_line' id='line_1_23' title="bbox 212 1400 1660 1445; baseline -0.004 -7"><span class='ocrx_word' id='word_1_193' title='bbox 212 1404 289 1439; x_wconf 89' lang='lat' dir='ltr'><strong>und</strong></span> <span class='ocrx_word' id='word_1_194' title='bbox 316 1404 449 1437; x_wconf 85' lang='lat' dir='ltr'><strong>Cicero</strong></span> <span class='ocrx_word' id='word_1_195' title='bbox 475 1400 602 1435; x_wconf 82' lang='lat' dir='ltr'><strong>Seinen</strong></span> <span class='ocrx_word' id='word_1_196' title='bbox 627 1401 769 1434; x_wconf 84' lang='lat' dir='ltr'><strong>Namen</strong></span> <span class='ocrx_word' id='word_1_197' title='bbox 795 1401 931 1444; x_wconf 78' lang='lat' dir='ltr'><strong>richtig</strong></span> <span class='ocrx_word' id='word_1_198' title='bbox 956 1401 1199 1445; x_wconf 81' lang='lat' dir='ltr'><strong>geschrieben</strong></span> <span class='ocrx_word' id='word_1_199' title='bbox 1221 1402 1353 1443; x_wconf 75' lang='lat' dir='ltr'><strong>haben,</strong></span> <span class='ocrx_word' id='word_1_200' title='bbox 1379 1401 1494 1435; x_wconf 85' lang='lat' dir='ltr'><strong>findet</strong></span> <span class='ocrx_word' id='word_1_201' title='bbox 1518 1401 1597 1434; x_wconf 85' lang='lat' dir='ltr'><strong>sich</strong></span> <span class='ocrx_word' id='word_1_202' title='bbox 1624 1400 1660 1433; x_wconf 89' lang='lat' dir='ltr'><strong>in</strong></span> 
     </span>
     <span class='ocr_line' id='line_1_24' title="bbox 213 1446 1659 1491; baseline -0.003 -6"><span class='ocrx_word' id='word_1_203' title='bbox 213 1449 343 1486; x_wconf 83' lang='lat' dir='ltr'><strong>Maffei</strong></span> <span class='ocrx_word' id='word_1_204' title='bbox 374 1447 528 1489; x_wconf 87' lang='lat' dir='ltr'><strong>Antiqq.</strong></span> <span class='ocrx_word' id='word_1_205' title='bbox 554 1446 729 1488; x_wconf 79' lang='lat' dir='ltr'><strong>Aquitan.</strong></span> <span class='ocrx_word' id='word_1_206' title='bbox 764 1458 799 1480; x_wconf 89' lang='lat' dir='ltr'><strong>u.</strong></span> <span class='ocrx_word' id='word_1_207' title='bbox 834 1447 871 1480; x_wconf 89' lang='lat' dir='ltr'><strong>in</strong></span> <span class='ocrx_word' id='word_1_208' title='bbox 898 1448 1029 1481; x_wconf 75' lang='lat' dir='ltr'><strong>dessen</strong></span> <span class='ocrx_word' id='word_1_209' title='bbox 1064 1450 1219 1483; x_wconf 86' lang='lat' dir='ltr'><strong>Verona</strong></span> <span class='ocrx_word' id='word_1_210' title='bbox 1243 1449 1426 1481; x_wconf 81' lang='lat' dir='ltr'><strong>illustrata</strong></span> <span class='ocrx_word' id='word_1_211' title='bbox 1456 1449 1500 1482; x_wconf 83' lang='lat' dir='ltr'><strong>P.</strong></span> <span class='ocrx_word' id='word_1_212' title='bbox 1525 1447 1598 1490; x_wconf 81' lang='lat' dir='ltr'>III,</span> <span class='ocrx_word' id='word_1_213' title='bbox 1623 1458 1659 1491; x_wconf 87' lang='lat' dir='ltr'><strong>p.</strong></span> 
     </span>
     <span class='ocr_line' id='line_1_25' title="bbox 213 1493 1705 1538; baseline -0.004 -6"><span class='ocrx_word' id='word_1_214' title='bbox 213 1497 293 1532; x_wconf 83' lang='lat'><strong>235.</strong></span> <span class='ocrx_word' id='word_1_215' title='bbox 335 1514 378 1520; x_wconf 89' lang='lat'>—</span> <span class='ocrx_word' id='word_1_216' title='bbox 420 1494 556 1528; x_wconf 62' lang='lat' dir='ltr'><strong>Pacbr.</strong></span> <span class='ocrx_word' id='word_1_217' title='bbox 602 1493 718 1526; x_wconf 78' lang='grc' dir='ltr'><strong>0νόᾱί</strong></span> <span class='ocrx_word' id='word_1_218' title='bbox 750 1494 928 1534; x_wconf 72' lang='lat' dir='ltr'><strong>(Horodz&#39;s</strong></span> <span class='ocrx_word' id='word_1_219' title='bbox 957 1494 1114 1535; x_wconf 82' lang='lat' dir='ltr'><strong>Beued.)</strong></span> <span class='ocrx_word' id='word_1_220' title='bbox 1164 1494 1204 1528; x_wconf 81' lang='lat' dir='ltr'><strong>S.</strong></span> <span class='ocrx_word' id='word_1_221' title='bbox 1236 1504 1282 1527; x_wconf 83' lang='lat' dir='ltr'><strong>zu</strong></span> <span class='ocrx_word' id='word_1_222' title='bbox 1320 1506 1377 1538; x_wconf 86' lang='lat' dir='ltr'><strong>ep.</strong></span> <span class='ocrx_word' id='word_1_223' title='bbox 1413 1494 1585 1536; x_wconf 80' lang='lat' dir='ltr'>CCXIV,</span> <span class='ocrx_word' id='word_1_224' title='bbox 1628 1495 1659 1527; x_wconf 88' lang='lat' dir='ltr'><strong>l.</strong></span> <span class='ocrx_word' id='word_1_225' title='bbox 1698 1527 1705 1535; x_wconf 65' lang='lat'><em>„</em></span> 
     </span>
     <span class='ocr_line' id='line_1_26' title="bbox 215 1537 1711 1584; baseline -0.004 -6"><span class='ocrx_word' id='word_1_226' title='bbox 215 1541 369 1584; x_wconf 90' lang='lat' dir='ltr'>CCXII,</span> <span class='ocrx_word' id='word_1_227' title='bbox 393 1541 424 1574; x_wconf 91' lang='lat' dir='ltr'><strong>l.</strong></span> <span class='ocrx_word' id='word_1_228' title='bbox 450 1540 533 1573; x_wconf 90' lang='lat' dir='ltr'><strong>Der</strong></span> <span class='ocrx_word' id='word_1_229' title='bbox 557 1537 783 1581; x_wconf 74' lang='lat' dir='ltr'><strong>eigentliche</strong></span> <span class='ocrx_word' id='word_1_230' title='bbox 808 1540 1039 1573; x_wconf 79' lang='lat' dir='ltr'><strong>Heerfiihrer</strong></span> <span class='ocrx_word' id='word_1_231' title='bbox 1062 1550 1140 1573; x_wconf 78' lang='lat' dir='ltr'><strong>war</strong></span> <span class='ocrx_word' id='word_1_232' title='bbox 1167 1541 1303 1574; x_wconf 77' lang='lat' dir='ltr'><strong>Osaces</strong></span> <span class='ocrx_word' id='word_1_233' title='bbox 1331 1543 1372 1582; x_wconf 79' lang='grc'><strong>(5.</strong></span> <span class='ocrx_word' id='word_1_234' title='bbox 1400 1551 1457 1584; x_wconf 88' lang='lat' dir='ltr'><strong>ep.</strong></span> <span class='ocrx_word' id='word_1_235' title='bbox 1484 1541 1564 1583; x_wconf 76' lang='lat'>228,</span> <span class='ocrx_word' id='word_1_236' title='bbox 1589 1541 1660 1581; x_wconf 88' lang='lat'><strong>3.);</strong></span> <span class='ocrx_word' id='word_1_237' title='bbox 1699 1538 1711 1550; x_wconf 56' lang='lat'><strong>&#39;⁶</strong></span> 
     </span>
     <span class='ocr_line' id='line_1_27' title="bbox 214 1585 1662 1629; baseline -0.004 -5"><span class='ocrx_word' id='word_1_238' title='bbox 214 1590 283 1624; x_wconf 87' lang='lat' dir='ltr'><strong>der</strong></span> <span class='ocrx_word' id='word_1_239' title='bbox 306 1587 422 1623; x_wconf 84' lang='lat' dir='ltr'><strong>Prinz</strong></span> <span class='ocrx_word' id='word_1_240' title='bbox 447 1586 542 1618; x_wconf 90' lang='lat' dir='ltr'><strong>noch</strong></span> <span class='ocrx_word' id='word_1_241' title='bbox 568 1595 613 1617; x_wconf 87' lang='lat' dir='ltr'><strong>zu</strong></span> <span class='ocrx_word' id='word_1_242' title='bbox 637 1585 746 1628; x_wconf 73' lang='lat' dir='ltr'><strong>iuug,</strong></span> <span class='ocrx_word' id='word_1_243' title='bbox 771 1586 898 1618; x_wconf 73' lang='lat' dir='ltr'><strong>verlor</strong></span> <span class='ocrx_word' id='word_1_244' title='bbox 922 1587 1048 1629; x_wconf 68' lang='lat' dir='ltr'><strong>§pater</strong></span> <span class='ocrx_word' id='word_1_245' title='bbox 1071 1585 1151 1619; x_wconf 83' lang='lat' dir='ltr'><strong>sein</strong></span> <span class='ocrx_word' id='word_1_246' title='bbox 1175 1586 1304 1620; x_wconf 80' lang='lat' dir='ltr'><strong>Lebeu</strong></span> <span class='ocrx_word' id='word_1_247' title='bbox 1332 1586 1368 1619; x_wconf 89' lang='lat' dir='ltr'><strong>in</strong></span> <span class='ocrx_word' id='word_1_248' title='bbox 1393 1586 1460 1619; x_wconf 87' lang='lat' dir='ltr'><strong>der</strong></span> <span class='ocrx_word' id='word_1_249' title='bbox 1486 1586 1662 1620; x_wconf 60' lang='lat' dir='ltr'><strong>Scillacht</strong></span> 
     </span>
     <span class='ocr_line' id='line_1_28' title="bbox 214 1630 1659 1676; baseline -0.003 -6"><span class='ocrx_word' id='word_1_250' title='bbox 214 1636 281 1670; x_wconf 80' lang='lat' dir='ltr'><strong>des</strong></span> <span class='ocrx_word' id='word_1_251' title='bbox 305 1632 519 1669; x_wconf 81' lang='lat' dir='ltr'><strong>Ventidius.</strong></span> <span class='ocrx_word' id='word_1_252' title='bbox 569 1630 606 1665; x_wconf 86' lang='lat' dir='ltr'><strong>S.</strong></span> <span class='ocrx_word' id='word_1_253' title='bbox 640 1630 715 1664; x_wconf 87' lang='lat' dir='ltr'><strong>Dio</strong></span> <span class='ocrx_word' id='word_1_254' title='bbox 742 1632 799 1664; x_wconf 81' lang='lat'><strong>40.</strong></span> <span class='ocrx_word' id='word_1_255' title='bbox 825 1632 879 1665; x_wconf 80' lang='lat'><strong>49.</strong></span> <span class='ocrx_word' id='word_1_256' title='bbox 918 1631 1048 1665; x_wconf 76' lang='lat' dir='ltr'><strong>lustin.</strong></span> <span class='ocrx_word' id='word_1_257' title='bbox 1073 1632 1127 1664; x_wconf 75' lang='lat'><strong>42.</strong></span> <span class='ocrx_word' id='word_1_258' title='bbox 1156 1651 1198 1657; x_wconf 90' lang='lat'><strong>—</strong></span> <span class='ocrx_word' id='word_1_259' title='bbox 1235 1633 1372 1676; x_wconf 76' lang='lat' dir='ltr'><strong>Tybae,</strong></span> <span class='ocrx_word' id='word_1_260' title='bbox 1413 1632 1567 1666; x_wconf 77' lang='lat' dir='ltr'><strong>ienseits</strong></span> <span class='ocrx_word' id='word_1_261' title='bbox 1594 1632 1659 1665; x_wconf 81' lang='lat' dir='ltr'><strong>des</strong></span> 
     </span>
     <span class='ocr_line' id='line_1_29' title="bbox 211 1676 1659 1726; baseline -0.003 -12"><span class='ocrx_word' id='word_1_262' title='bbox 211 1681 412 1726; x_wconf 69' lang='lat' dir='ltr'><strong>Eupluats,</strong></span> <span class='ocrx_word' id='word_1_263' title='bbox 437 1676 661 1716; x_wconf 79' lang='lat' dir='ltr'><strong>unbekannt,</strong></span> <span class='ocrx_word' id='word_1_264' title='bbox 688 1678 734 1710; x_wconf 92' lang='lat' dir='ltr'><strong>ob</strong></span> <span class='ocrx_word' id='word_1_265' title='bbox 760 1678 864 1711; x_wconf 82' lang='lat' dir='ltr'><strong>Dorf</strong></span> <span class='ocrx_word' id='word_1_266' title='bbox 883 1678 975 1712; x_wconf 86' lang='lat' dir='ltr'><strong>oder</strong></span> <span class='ocrx_word' id='word_1_267' title='bbox 999 1677 1123 1718; x_wconf 78' lang='lat' dir='ltr'><strong>Stadt3</strong></span> <span class='ocrx_word' id='word_1_268' title='bbox 1149 1685 1251 1712; x_wconf 76' lang='lat' dir='ltr'><strong>sonst</strong></span> <span class='ocrx_word' id='word_1_269' title='bbox 1277 1678 1453 1719; x_wconf 69' lang='lat' dir='ltr'><strong>nirgends</strong></span> <span class='ocrx_word' id='word_1_270' title='bbox 1478 1679 1659 1711; x_wconf 71' lang='lat' dir='ltr'><strong>erwahnt.</strong></span> 
     </span>
     <span class='ocr_line' id='line_1_30' title="bbox 213 1724 1658 1767; baseline -0.003 -6"><span class='ocrx_word' id='word_1_271' title='bbox 213 1748 256 1754; x_wconf 90' lang='lat'><strong>--</strong></span> <span class='ocrx_word' id='word_1_272' title='bbox 281 1724 505 1767; x_wconf 76' lang='lat' dir='ltr'><strong>Iamblz‘cho,</strong></span> <span class='ocrx_word' id='word_1_273' title='bbox 529 1724 813 1767; x_wconf 79' lang='lat' dir='ltr'><strong>Sampsicerami</strong></span> <span class='ocrx_word' id='word_1_274' title='bbox 850 1724 954 1767; x_wconf 85' lang='lat' dir='ltr'><strong>(Vid.</strong></span> <span class='ocrx_word' id='word_1_275' title='bbox 981 1734 1039 1767; x_wconf 84' lang='lat' dir='ltr'><strong>ep.</strong></span> <span class='ocrx_word' id='word_1_276' title='bbox 1066 1724 1147 1758; x_wconf 87' lang='lat' dir='ltr'><strong>XL.</strong></span> <span class='ocrx_word' id='word_1_277' title='bbox 1173 1725 1295 1758; x_wconf 88' lang='lat' dir='ltr'>XLII.</span> <span class='ocrx_word' id='word_1_278' title='bbox 1321 1724 1464 1758; x_wconf 85' lang='lat' dir='ltr'>XLIII·</span> <span class='ocrx_word' id='word_1_279' title='bbox 1489 1725 1658 1766; x_wconf 82' lang='lat' dir='ltr'>XLIX),</span> 
     </span>
     <span class='ocr_line' id='line_1_31' title="bbox 211 1769 1665 1815; baseline -0.003 -8"><span class='ocrx_word' id='word_1_280' title='bbox 211 1776 480 1809; x_wconf 79' lang='lat' dir='ltr'><strong>Emesenorum</strong></span> <span class='ocrx_word' id='word_1_281' title='bbox 507 1769 628 1812; x_wconf 75' lang='lat' dir='ltr'><strong>reguli</strong></span> <span class='ocrx_word' id='word_1_282' title='bbox 653 1770 734 1803; x_wconf 76' lang='lat' dir='ltr'><strong>filio</strong></span> <span class='ocrx_word' id='word_1_283' title='bbox 761 1769 912 1812; x_wconf 83' lang='lat' dir='ltr'><strong>(Strabo</strong></span> <span class='ocrx_word' id='word_1_284' title='bbox 938 1770 980 1803; x_wconf 92' lang='lat' dir='ltr'><strong>L.</strong></span> <span class='ocrx_word' id='word_1_285' title='bbox 1003 1770 1109 1805; x_wconf 92' lang='lat' dir='ltr'>XVI.</span> <span class='ocrx_word' id='word_1_286' title='bbox 1135 1781 1171 1814; x_wconf 89' lang='lat' dir='ltr'><strong>p.</strong></span> <span class='ocrx_word' id='word_1_287' title='bbox 1190 1771 1290 1807; x_wconf 81' lang='lat'><strong>1092.</strong></span> <span class='ocrx_word' id='word_1_288' title='bbox 1317 1770 1375 1804; x_wconf 86' lang='lat' dir='ltr'><strong>ed.</strong></span> <span class='ocrx_word' id='word_1_289' title='bbox 1401 1771 1553 1812; x_wconf 78' lang='lat' dir='ltr'><strong>Almel.)</strong></span> <span class='ocrx_word' id='word_1_290' title='bbox 1567 1771 1665 1815; x_wconf 67' lang='lat' dir='ltr'><strong>phy-&#39;</strong></span> 
     </span>
     <span class='ocr_line' id='line_1_32' title="bbox 211 1816 1659 1861; baseline -0.004 -6"><span class='ocrx_word' id='word_1_291' title='bbox 211 1819 352 1861; x_wconf 74' lang='lat' dir='ltr'><strong>lachm,</strong></span> <span class='ocrx_word' id='word_1_292' title='bbox 379 1818 498 1852; x_wconf 88' lang='lat' dir='ltr'><strong>einem</strong></span> <span class='ocrx_word' id='word_1_293' title='bbox 522 1816 638 1850; x_wconf 86' lang='lat' dir='ltr'><strong>Emir.</strong></span> <span class='ocrx_word' id='word_1_294' title='bbox 685 1816 831 1859; x_wconf 84' lang='lat' dir='ltr'><strong>August</strong></span> <span class='ocrx_word' id='word_1_295' title='bbox 856 1816 1053 1859; x_wconf 72' lang='lat' dir='ltr'><strong>bestatigte</strong></span> <span class='ocrx_word' id='word_1_296' title='bbox 1078 1816 1209 1850; x_wconf 78' lang='lat' dir='ltr'><strong>dessen</strong></span> <span class='ocrx_word' id='word_1_297' title='bbox 1235 1817 1361 1852; x_wconf 87' lang='lat' dir='ltr'><strong>Sohne</strong></span> <span class='ocrx_word' id='word_1_298' title='bbox 1386 1816 1490 1851; x_wconf 74' lang='lat' dir='ltr'><strong>diese</strong></span> <span class='ocrx_word' id='word_1_299' title='bbox 1514 1818 1659 1852; x_wconf 72' lang='lat' dir='ltr'><strong>Wurde</strong></span> 
     </span>
     <span class='ocr_line' id='line_1_33' title="bbox 211 1862 1658 1912; baseline -0.002 -13"><span class='ocrx_word' id='word_1_300' title='bbox 211 1867 269 1912; x_wconf 86' lang='lat' dir='ltr'><strong>(S.</strong></span> <span class='ocrx_word' id='word_1_301' title='bbox 302 1865 378 1899; x_wconf 80' lang='lat' dir='ltr'><strong>Dio</strong></span> <span class='ocrx_word' id='word_1_302' title='bbox 406 1864 494 1898; x_wconf 83' lang='lat' dir='ltr'><strong>libr.</strong></span> <span class='ocrx_word' id='word_1_303' title='bbox 526 1864 584 1896; x_wconf 84' lang='lat'><strong>50.</strong></span> <span class='ocrx_word' id='word_1_304' title='bbox 621 1873 653 1896; x_wconf 77' lang='lat' dir='ltr'><strong>u,</strong></span> <span class='ocrx_word' id='word_1_305' title='bbox 686 1863 759 1905; x_wconf 76' lang='lat'>54),</span> <span class='ocrx_word' id='word_1_306' title='bbox 803 1863 857 1896; x_wconf 84' lang='lat' dir='ltr'><strong>als</strong></span> <span class='ocrx_word' id='word_1_307' title='bbox 892 1862 959 1895; x_wconf 87' lang='lat' dir='ltr'><strong>der</strong></span> <span class='ocrx_word' id='word_1_308' title='bbox 984 1863 1101 1897; x_wconf 83' lang='lat' dir='ltr'><strong>Vater</strong></span> <span class='ocrx_word' id='word_1_309' title='bbox 1137 1874 1220 1896; x_wconf 75' lang='lat' dir='ltr'><strong>vom</strong></span> <span class='ocrx_word' id='word_1_310' title='bbox 1257 1863 1441 1898; x_wconf 85' lang='lat' dir='ltr'><strong>Antonius</strong></span> <span class='ocrx_word' id='word_1_311' title='bbox 1473 1874 1519 1897; x_wconf 87' lang='lat' dir='ltr'><strong>zu</strong></span> <span class='ocrx_word' id='word_1_312' title='bbox 1551 1863 1658 1897; x_wconf 90' lang='lat' dir='ltr'><strong>Tode</strong></span> 
     </span>
     <span class='ocr_line' id='line_1_34' title="bbox 211 1908 1658 1957; baseline -0.002 -11"><span class='ocrx_word' id='word_1_313' title='bbox 211 1913 392 1957; x_wconf 80' lang='lat' dir='ltr'><strong>gesoltert</strong></span> <span class='ocrx_word' id='word_1_314' title='bbox 421 1920 511 1943; x_wconf 86' lang='lat' dir='ltr'><strong>war.</strong></span> <span class='ocrx_word' id='word_1_315' title='bbox 561 1908 697 1942; x_wconf 86' lang='lat' dir='ltr'><strong>Strabo</strong></span> <span class='ocrx_word' id='word_1_316' title='bbox 736 1916 850 1942; x_wconf 83' lang='lat' dir='ltr'><strong>neunt</strong></span> <span class='ocrx_word' id='word_1_317' title='bbox 883 1908 945 1941; x_wconf 90' lang='lat' dir='ltr'><strong>ihn</strong></span> <span class='ocrx_word' id='word_1_318' title='bbox 981 1909 1090 1942; x_wconf 89' lang='lat' dir='ltr'><strong>einen</strong></span> <span class='ocrx_word' id='word_1_319' title='bbox 1114 1909 1241 1952; x_wconf 77' lang='lat' dir='ltr'><strong>Konig</strong></span> <span class='ocrx_word' id='word_1_320' title='bbox 1264 1920 1336 1943; x_wconf 89' lang='lat' dir='ltr'><strong>von</strong></span> <span class='ocrx_word' id='word_1_321' title='bbox 1367 1909 1513 1944; x_wconf 79' lang='lat' dir='ltr'><strong>Emesa.</strong></span> <span class='ocrx_word' id='word_1_322' title='bbox 1539 1929 1583 1935; x_wconf 87' lang='lat'>—</span> <span class='ocrx_word' id='word_1_323' title='bbox 1614 1911 1658 1944; x_wconf 79' lang='lat' dir='ltr'><strong>de</strong></span> 
     </span>
    </p>

    <p class='ocr_par' dir='ltr' id='par_1_4' title="bbox 176 1954 1655 2036">
     <span class='ocr_line' id='line_1_35' title="bbox 176 1954 1655 2036; baseline -0.003 -41"><span class='ocrx_word' id='word_1_324' title='bbox 176 1994 181 1995; x_wconf 23' lang='lat'><em>⁷</em></span> <span class='ocrx_word' id='word_1_325' title='bbox 211 1960 420 2036; x_wconf 71' lang='lat' dir='ltr'><strong>iisdemLz</strong></span> <span class='ocrx_word' id='word_1_326' title='bbox 451 1955 567 1990; x_wconf 81' lang='lat' dir='ltr'><strong>isdem</strong></span> <span class='ocrx_word' id='word_1_327' title='bbox 604 1954 680 1990; x_wconf 83' lang='lat' dir='ltr'><strong>Md.</strong></span> <span class='ocrx_word' id='word_1_328' title='bbox 711 1966 759 1989; x_wconf 66' lang='lat' dir='ltr'><strong><em>z</em></strong></span> <span class='ocrx_word' id='word_1_329' title='bbox 789 1956 923 1989; x_wconf 69' lang='lat' dir='ltr'><strong>eisdem</strong></span> <span class='ocrx_word' id='word_1_330' title='bbox 961 1955 1057 1991; x_wconf 77' lang='lat' dir='ltr'><strong>cett.</strong></span> <span class='ocrx_word' id='word_1_331' title='bbox 1094 1962 1246 2000; x_wconf 81' lang='lat' dir='ltr'><strong>praeter</strong></span> <span class='ocrx_word' id='word_1_332' title='bbox 1287 1956 1384 1990; x_wconf 82' lang='lat' dir='ltr'><strong>Crat.</strong></span> <span class='ocrx_word' id='word_1_333' title='bbox 1420 1956 1520 1993; x_wconf 87' lang='lat' dir='ltr'><strong>Vict.</strong></span> <span class='ocrx_word' id='word_1_334' title='bbox 1552 1959 1587 1991; x_wconf 91' lang='lat'><strong>1.</strong></span> <span class='ocrx_word' id='word_1_335' title='bbox 1620 1957 1655 1991; x_wconf 85' lang='lat'><strong>2.</strong></span> 
     </span>
    </p>
   </div>
   <div class='ocr_carea' id='block_1_4' title="bbox 208 2058 1657 2752">
    <p class='ocr_par' dir='ltr' id='par_1_5' title="bbox 208 2058 1657 2707">
     <span class='ocr_line' id='line_1_36' title="bbox 303 2058 1657 2102; baseline -0.001 -8"><span class='ocrx_word' id='word_1_336' title='bbox 303 2063 336 2097; x_wconf 86' lang='lat'><strong>3.</strong></span> <span class='ocrx_word' id='word_1_337' title='bbox 385 2060 528 2102; x_wconf 66' lang='lat' dir='ltr'><strong>‘infirme</strong></span> <span class='ocrx_word' id='word_1_338' title='bbox 552 2058 744 2098; x_wconf 76' lang='lat' dir='ltr'><strong>animatos,</strong></span> <span class='ocrx_word' id='word_1_339' title='bbox 771 2058 794 2093; x_wconf 94' lang='lat' dir='ltr'><strong>i.</strong></span> <span class='ocrx_word' id='word_1_340' title='bbox 817 2070 849 2092; x_wconf 88' lang='lat' dir='ltr'><strong>e.</strong></span> <span class='ocrx_word' id='word_1_341' title='bbox 876 2058 1064 2093; x_wconf 84' lang='lat' dir='ltr'><strong>imbecillo</strong></span> <span class='ocrx_word' id='word_1_342' title='bbox 1080 2058 1213 2100; x_wconf 87' lang='lat' dir='ltr'><strong>animo,</strong></span> <span class='ocrx_word' id='word_1_343' title='bbox 1238 2058 1383 2092; x_wconf 86' lang='lat' dir='ltr'><strong>lubrica</strong></span> <span class='ocrx_word' id='word_1_344' title='bbox 1408 2064 1446 2093; x_wconf 84' lang='lat' dir='ltr'><strong>et</strong></span> <span class='ocrx_word' id='word_1_345' title='bbox 1469 2059 1657 2093; x_wconf 86' lang='lat' dir='ltr'><strong>imbecilla</strong></span> 
     </span>
     <span class='ocr_line' id='line_1_37' title="bbox 212 2105 1656 2149; baseline -0.003 -7"><span class='ocrx_word' id='word_1_346' title='bbox 212 2108 287 2142; x_wconf 82' lang='lat' dir='ltr'><strong>fide</strong></span> <span class='ocrx_word' id='word_1_347' title='bbox 314 2117 409 2149; x_wconf 84' lang='lat' dir='ltr'><strong>esse,</strong></span> <span class='ocrx_word' id='word_1_348' title='bbox 435 2106 608 2139; x_wconf 82' lang='lat' dir='ltr'><strong>schwach</strong></span> <span class='ocrx_word' id='word_1_349' title='bbox 633 2105 672 2138; x_wconf 88' lang='lat' dir='ltr'><strong>in</strong></span> <span class='ocrx_word' id='word_1_350' title='bbox 694 2105 1011 2149; x_wconf 76' lang='lat' dir='ltr'><strong>Anhanglichkeit</strong></span> <span class='ocrx_word' id='word_1_351' title='bbox 1041 2117 1086 2139; x_wconf 87' lang='lat' dir='ltr'><strong>an</strong></span> <span class='ocrx_word' id='word_1_352' title='bbox 1111 2105 1173 2138; x_wconf 90' lang='lat' dir='ltr'><strong>die</strong></span> <span class='ocrx_word' id='word_1_353' title='bbox 1196 2106 1347 2140; x_wconf 72' lang='lat' dir='ltr'><strong>Romer.</strong></span> <span class='ocrx_word' id='word_1_354' title='bbox 1373 2124 1417 2129; x_wconf 92' lang='lat'>—</span> <span class='ocrx_word' id='word_1_355' title='bbox 1454 2116 1656 2149; x_wconf 75' lang='lat' dir='ltr'><strong>suspensos,</strong></span> 
     </span>
     <span class='ocr_line' id='line_1_38' title="bbox 211 2151 1655 2196; baseline -0.002 -8"><span class='ocrx_word' id='word_1_356' title='bbox 211 2155 287 2188; x_wconf 87' lang='lat' dir='ltr'><strong>und</strong></span> <span class='ocrx_word' id='word_1_357' title='bbox 319 2163 453 2196; x_wconf 80' lang='lat' dir='ltr'><strong>wegeu</strong></span> <span class='ocrx_word' id='word_1_358' title='bbox 476 2151 703 2194; x_wconf 80' lang='lat' dir='ltr'><strong>Erwartuug</strong></span> <span class='ocrx_word' id='word_1_359' title='bbox 735 2151 840 2185; x_wconf 88' lang='lat' dir='ltr'><strong>einer</strong></span> <span class='ocrx_word' id='word_1_360' title='bbox 865 2162 983 2185; x_wconf 87' lang='lat' dir='ltr'><strong>neuen</strong></span> <span class='ocrx_word' id='word_1_361' title='bbox 1009 2152 1208 2194; x_wconf 83' lang='lat' dir='ltr'><strong>Wendung</strong></span> <span class='ocrx_word' id='word_1_362' title='bbox 1240 2151 1307 2184; x_wconf 90' lang='lat' dir='ltr'><strong>der</strong></span> <span class='ocrx_word' id='word_1_363' title='bbox 1330 2151 1457 2194; x_wconf 81' lang='lat' dir='ltr'><strong>Dinge</strong></span> <span class='ocrx_word' id='word_1_364' title='bbox 1489 2152 1526 2185; x_wconf 91' lang='lat' dir='ltr'><strong>in</strong></span> <span class='ocrx_word' id='word_1_365' title='bbox 1551 2152 1655 2185; x_wconf 84' lang='lat' dir='ltr'><strong>ihrer</strong></span> 
     </span>
     <span class='ocr_line' id='line_1_39' title="bbox 210 2197 1656 2240; baseline -0.003 -4"><span class='ocrx_word' id='word_1_366' title='bbox 210 2198 453 2236; x_wconf 78' lang='lat' dir='ltr'><strong>Redlichkeit</strong></span> <span class='ocrx_word' id='word_1_367' title='bbox 484 2197 746 2231; x_wconf 81' lang='lat' dir='ltr'><strong>schwankend.</strong></span> <span class='ocrx_word' id='word_1_368' title='bbox 772 2217 816 2221; x_wconf 95' lang='lat'><strong>—</strong></span> <span class='ocrx_word' id='word_1_369' title='bbox 846 2202 1008 2231; x_wconf 78' lang='lat' dir='ltr'><strong>nostram</strong></span> <span class='ocrx_word' id='word_1_370' title='bbox 1030 2201 1203 2232; x_wconf 76' lang='lat' dir='ltr'><strong>mcmsuet.</strong></span> <span class='ocrx_word' id='word_1_371' title='bbox 1230 2203 1314 2240; x_wconf 84' lang='lat' dir='ltr'><strong>cet.,</strong></span> <span class='ocrx_word' id='word_1_372' title='bbox 1354 2198 1450 2231; x_wconf 87' lang='lat' dir='ltr'><strong>mein</strong></span> <span class='ocrx_word' id='word_1_373' title='bbox 1476 2198 1656 2240; x_wconf 73' lang='lat' dir='ltr'><strong>uneigen-</strong></span> 
     </span>
     <span class='ocr_line' id='line_1_40' title="bbox 210 2243 1653 2289; baseline -0.002 -8"><span class='ocrx_word' id='word_1_374' title='bbox 210 2246 382 2289; x_wconf 78' lang='lat' dir='ltr'><strong>niitziges</strong></span> <span class='ocrx_word' id='word_1_375' title='bbox 415 2243 488 2278; x_wconf 88' lang='lat' dir='ltr'><strong>und</strong></span> <span class='ocrx_word' id='word_1_376' title='bbox 522 2245 659 2277; x_wconf 78' lang='lat' dir='ltr'><strong>sanftes</strong></span> <span class='ocrx_word' id='word_1_377' title='bbox 683 2244 910 2279; x_wconf 85' lang='lat' dir='ltr'><strong>Benehmen.</strong></span> <span class='ocrx_word' id='word_1_378' title='bbox 958 2245 1021 2278; x_wconf 80' lang='lat' dir='ltr'><strong>Ex</strong></span> <span class='ocrx_word' id='word_1_379' title='bbox 1052 2244 1192 2278; x_wconf 83' lang='lat' dir='ltr'><strong>emend.</strong></span> <span class='ocrx_word' id='word_1_380' title='bbox 1218 2243 1384 2277; x_wconf 83' lang='lat' dir='ltr'><strong>Ferrarii</strong></span> <span class='ocrx_word' id='word_1_381' title='bbox 1408 2244 1535 2277; x_wconf 79' lang='lat' dir='ltr'><strong>Lamb.</strong></span> <span class='ocrx_word' id='word_1_382' title='bbox 1563 2245 1653 2279; x_wconf 81' lang='lat' dir='ltr'><strong>Ern.</strong></span> 
     </span>
     <span class='ocr_line' id='line_1_41' title="bbox 211 2289 1653 2335; baseline -0.001 -9"><span class='ocrx_word' id='word_1_383' title='bbox 211 2294 298 2328; x_wconf 81' lang='lat' dir='ltr'><strong>Sch.</strong></span> <span class='ocrx_word' id='word_1_384' title='bbox 325 2292 418 2325; x_wconf 83' lang='lat' dir='ltr'><strong>Liin.</strong></span> <span class='ocrx_word' id='word_1_385' title='bbox 447 2290 644 2324; x_wconf 88' lang='lat' dir='ltr'><strong>ORELLI.</strong></span> <span class='ocrx_word' id='word_1_386' title='bbox 670 2290 759 2333; x_wconf 78' lang='lat' dir='ltr'><strong>vgl.</strong></span> <span class='ocrx_word' id='word_1_387' title='bbox 785 2302 844 2335; x_wconf 83' lang='lat' dir='ltr'><strong>ep.</strong></span> <span class='ocrx_word' id='word_1_388' title='bbox 872 2291 1032 2328; x_wconf 90' lang='lat' dir='ltr'>CCXII,</span> <span class='ocrx_word' id='word_1_389' title='bbox 1058 2291 1089 2324; x_wconf 88' lang='lat'><strong>2.</strong></span> <span class='ocrx_word' id='word_1_390' title='bbox 1122 2300 1241 2333; x_wconf 77' lang='lat' dir='ltr'><strong>gegen</strong></span> <span class='ocrx_word' id='word_1_391' title='bbox 1273 2289 1394 2323; x_wconf 87' lang='lat' dir='ltr'><strong>Eude.</strong></span> <span class='ocrx_word' id='word_1_392' title='bbox 1446 2291 1653 2334; x_wconf 85' lang='lat' dir='ltr'>CCLXVI,</span> 
     </span>
     <span class='ocr_line' id='line_1_42' title="bbox 209 2336 1655 2380; baseline -0.002 -7"><span class='ocrx_word' id='word_1_393' title='bbox 209 2341 246 2375; x_wconf 84' lang='lat'><strong>2.</strong></span> <span class='ocrx_word' id='word_1_394' title='bbox 284 2337 456 2379; x_wconf 91' lang='lat' dir='ltr'>CCXIV,</span> <span class='ocrx_word' id='word_1_395' title='bbox 488 2337 521 2370; x_wconf 86' lang='lat'><strong>2.</strong></span> <span class='ocrx_word' id='word_1_396' title='bbox 562 2336 740 2378; x_wconf 73' lang='lat' dir='ltr'>CCVIII,</span> <span class='ocrx_word' id='word_1_397' title='bbox 784 2339 818 2372; x_wconf 80' lang='lat'><strong>3.</strong></span> <span class='ocrx_word' id='word_1_398' title='bbox 865 2336 1045 2370; x_wconf 87' lang='lat' dir='ltr'><strong>wodurch</strong></span> <span class='ocrx_word' id='word_1_399' title='bbox 1092 2336 1196 2369; x_wconf 86' lang='lat' dir='ltr'><strong>diese</strong></span> <span class='ocrx_word' id='word_1_400' title='bbox 1234 2336 1522 2380; x_wconf 75' lang='lat' dir='ltr'><strong>Verbesseruug</strong></span> <span class='ocrx_word' id='word_1_401' title='bbox 1566 2342 1655 2370; x_wconf 80' lang='lat' dir='ltr'><strong>statt</strong></span> 
     </span>
     <span class='ocr_line' id='line_1_43' title="bbox 211 2382 1653 2426; baseline -0.003 -6"><span class='ocrx_word' id='word_1_402' title='bbox 211 2383 503 2420; x_wconf 67' lang='lat' dir='ltr'><strong>consuetudinem</strong></span> <span class='ocrx_word' id='word_1_403' title='bbox 555 2382 632 2417; x_wconf 83' lang='lat' dir='ltr'><strong>Md.</strong></span> <span class='ocrx_word' id='word_1_404' title='bbox 681 2383 779 2417; x_wconf 80' lang='lat' dir='ltr'><strong>Crat.</strong></span> <span class='ocrx_word' id='word_1_405' title='bbox 839 2382 938 2419; x_wconf 86' lang='lat' dir='ltr'><strong>Viet.</strong></span> <span class='ocrx_word' id='word_1_406' title='bbox 981 2385 1011 2416; x_wconf 94' lang='lat' dir='ltr'><strong>l.</strong></span> <span class='ocrx_word' id='word_1_407' title='bbox 1052 2382 1085 2416; x_wconf 81' lang='lat'><strong>2.</strong></span> <span class='ocrx_word' id='word_1_408' title='bbox 1138 2383 1271 2416; x_wconf 81' lang='lat' dir='ltr'><strong>Graev.</strong></span> <span class='ocrx_word' id='word_1_409' title='bbox 1324 2383 1415 2416; x_wconf 83' lang='lat' dir='ltr'><strong>Ben.</strong></span> <span class='ocrx_word' id='word_1_410' title='bbox 1473 2383 1653 2426; x_wconf 74' lang='lat' dir='ltr'><strong>bestatigt</strong></span> 
     </span>
     <span class='ocr_line' id='line_1_44' title="bbox 208 2428 1652 2473; baseline -0.003 -7"><span class='ocrx_word' id='word_1_411' title='bbox 208 2431 317 2466; x_wconf 80' lang='lat' dir='ltr'><strong>wird.</strong></span> <span class='ocrx_word' id='word_1_412' title='bbox 350 2430 551 2473; x_wconf 74' lang='lat' dir='ltr'><strong>firmiorem</strong></span> <span class='ocrx_word' id='word_1_413' title='bbox 574 2430 665 2470; x_wconf 80' lang='lat' dir='ltr'><strong>fore,</strong></span> <span class='ocrx_word' id='word_1_414' title='bbox 691 2435 827 2463; x_wconf 85' lang='lat' dir='ltr'><strong>meton.</strong></span> <span class='ocrx_word' id='word_1_415' title='bbox 867 2434 956 2462; x_wconf 83' lang='lat' dir='ltr'><strong>statt</strong></span> <span class='ocrx_word' id='word_1_416' title='bbox 981 2428 1117 2463; x_wconf 82' lang='lat' dir='ltr'><strong>Cilices</strong></span> <span class='ocrx_word' id='word_1_417' title='bbox 1142 2428 1327 2462; x_wconf 87' lang='lat' dir='ltr'><strong>firmiores</strong></span> <span class='ocrx_word' id='word_1_418' title='bbox 1351 2429 1452 2472; x_wconf 82' lang='lat' dir='ltr'><strong>fore,</strong></span> <span class='ocrx_word' id='word_1_419' title='bbox 1483 2429 1566 2462; x_wconf 84' lang='lat' dir='ltr'><strong>dass</strong></span> <span class='ocrx_word' id='word_1_420' title='bbox 1591 2429 1652 2463; x_wconf 89' lang='lat' dir='ltr'><strong>die</strong></span> 
     </span>
     <span class='ocr_line' id='line_1_45' title="bbox 209 2474 1653 2519; baseline -0.003 -7"><span class='ocrx_word' id='word_1_421' title='bbox 209 2477 364 2512; x_wconf 78' lang='lat' dir='ltr'><strong>Cilicier</strong></span> <span class='ocrx_word' id='word_1_422' title='bbox 389 2476 426 2510; x_wconf 90' lang='lat' dir='ltr'><strong>in</strong></span> <span class='ocrx_word' id='word_1_423' title='bbox 452 2475 553 2508; x_wconf 84' lang='lat' dir='ltr'><strong>ihrer</strong></span> <span class='ocrx_word' id='word_1_424' title='bbox 577 2475 701 2508; x_wconf 83' lang='lat' dir='ltr'><strong>Treue</strong></span> <span class='ocrx_word' id='word_1_425' title='bbox 718 2474 895 2519; x_wconf 78' lang='lat' dir='ltr'><strong>besestigt</strong></span> <span class='ocrx_word' id='word_1_426' title='bbox 919 2474 1071 2508; x_wconf 83' lang='lat' dir='ltr'><strong>werden</strong></span> <span class='ocrx_word' id='word_1_427' title='bbox 1100 2476 1273 2508; x_wconf 78' lang='lat' dir='ltr'><strong>miissten.</strong></span> <span class='ocrx_word' id='word_1_428' title='bbox 1301 2494 1343 2499; x_wconf 89' lang='lat'><strong>—-</strong></span> <span class='ocrx_word' id='word_1_429' title='bbox 1368 2475 1408 2508; x_wconf 79' lang='lat' dir='ltr'><strong>in</strong></span> <span class='ocrx_word' id='word_1_430' title='bbox 1432 2475 1547 2508; x_wconf 77' lang='lat' dir='ltr'><strong>armis</strong></span> <span class='ocrx_word' id='word_1_431' title='bbox 1571 2486 1653 2519; x_wconf 57' lang='lat' dir='ltr'><strong>ess„</strong></span> 
     </span>
     <span class='ocr_line' id='line_1_46' title="bbox 209 2520 1652 2564; baseline -0.003 -6"><span class='ocrx_word' id='word_1_432' title='bbox 209 2525 271 2558; x_wconf 89' lang='lat' dir='ltr'><strong>die</strong></span> <span class='ocrx_word' id='word_1_433' title='bbox 296 2522 392 2556; x_wconf 84' lang='lat' dir='ltr'><strong>noch</strong></span> <span class='ocrx_word' id='word_1_434' title='bbox 417 2527 525 2554; x_wconf 88' lang='lat' dir='ltr'><strong>unter</strong></span> <span class='ocrx_word' id='word_1_435' title='bbox 550 2522 696 2554; x_wconf 77' lang='lat' dir='ltr'><strong>Waffen</strong></span> <span class='ocrx_word' id='word_1_436' title='bbox 725 2532 846 2564; x_wconf 75' lang='lat' dir='ltr'><strong>gegen</strong></span> <span class='ocrx_word' id='word_1_437' title='bbox 871 2532 938 2555; x_wconf 85' lang='lat' dir='ltr'><strong>uns</strong></span> <span class='ocrx_word' id='word_1_438' title='bbox 964 2520 1056 2554; x_wconf 84' lang='lat' dir='ltr'><strong>sind.</strong></span> <span class='ocrx_word' id='word_1_439' title='bbox 1113 2521 1168 2554; x_wconf 89' lang='lat' dir='ltr'><strong>Er</strong></span> <span class='ocrx_word' id='word_1_440' title='bbox 1191 2521 1305 2555; x_wconf 79' lang='lat' dir='ltr'><strong>meint</strong></span> <span class='ocrx_word' id='word_1_441' title='bbox 1330 2521 1392 2554; x_wconf 88' lang='lat' dir='ltr'><strong>die</strong></span> <span class='ocrx_word' id='word_1_442' title='bbox 1418 2521 1512 2553; x_wconf 88' lang='lat' dir='ltr'><strong>noch</strong></span> <span class='ocrx_word' id='word_1_443' title='bbox 1538 2522 1652 2553; x_wconf 82' lang='lat' dir='ltr'><strong>unab-</strong></span> 
     </span>
     <span class='ocr_line' id='line_1_47' title="bbox 208 2566 1653 2613; baseline -0.003 -9"><span class='ocrx_word' id='word_1_444' title='bbox 208 2569 395 2613; x_wconf 67' lang='lat' dir='ltr'><strong>hangigen</strong></span> <span class='ocrx_word' id='word_1_445' title='bbox 418 2568 632 2603; x_wconf 85' lang='lat' dir='ltr'><strong>Bewohuer</strong></span> <span class='ocrx_word' id='word_1_446' title='bbox 656 2568 720 2601; x_wconf 79' lang='lat' dir='ltr'><strong>des</strong></span> <span class='ocrx_word' id='word_1_447' title='bbox 745 2568 915 2601; x_wconf 83' lang='lat' dir='ltr'><strong>Amanus.</strong></span> <span class='ocrx_word' id='word_1_448' title='bbox 964 2566 1000 2602; x_wconf 84' lang='lat' dir='ltr'><strong>S.</strong></span> <span class='ocrx_word' id='word_1_449' title='bbox 1027 2578 1084 2611; x_wconf 90' lang='lat' dir='ltr'><strong>ep.</strong></span> <span class='ocrx_word' id='word_1_450' title='bbox 1111 2567 1302 2610; x_wconf 89' lang='lat' dir='ltr'>CCXXII,</span> <span class='ocrx_word' id='word_1_451' title='bbox 1319 2569 1371 2602; x_wconf 86' lang='lat'><strong>10.</strong></span> <span class='ocrx_word' id='word_1_452' title='bbox 1396 2567 1653 2610; x_wconf 85' lang='lat' dir='ltr'>CCXXVIII,</span> 
     </span>
     <span class='ocr_line' id='line_1_48' title="bbox 210 2612 1652 2657; baseline -0.003 -6"><span class='ocrx_word' id='word_1_453' title='bbox 210 2617 244 2651; x_wconf 81' lang='lat'><strong>4.</strong></span> <span class='ocrx_word' id='word_1_454' title='bbox 272 2618 302 2650; x_wconf 84' lang='lat'><strong>7.</strong></span> <span class='ocrx_word' id='word_1_455' title='bbox 327 2616 361 2649; x_wconf 82' lang='lat'><strong>8.</strong></span> <span class='ocrx_word' id='word_1_456' title='bbox 389 2625 421 2648; x_wconf 92' lang='lat' dir='ltr'><strong>u.</strong></span> <span class='ocrx_word' id='word_1_457' title='bbox 447 2624 475 2646; x_wconf 82' lang='lat' dir='ltr'><strong>S.</strong></span> <span class='ocrx_word' id='word_1_458' title='bbox 502 2613 526 2646; x_wconf 83' lang='lat' dir='ltr'><strong>f.</strong></span> <span class='ocrx_word' id='word_1_459' title='bbox 554 2633 596 2638; x_wconf 89' lang='lat'>—</span> <span class='ocrx_word' id='word_1_460' title='bbox 621 2614 696 2647; x_wconf 83' lang='lat' dir='ltr'><strong>ced.</strong></span> <span class='ocrx_word' id='word_1_461' title='bbox 723 2613 770 2646; x_wconf 68' lang='lat' dir='ltr'><strong>its</strong></span> <span class='ocrx_word' id='word_1_462' title='bbox 797 2613 875 2655; x_wconf 84' lang='lat' dir='ltr'><strong>(Sic</strong></span> <span class='ocrx_word' id='word_1_463' title='bbox 892 2613 968 2647; x_wconf 82' lang='lat' dir='ltr'><strong>Md.</strong></span> <span class='ocrx_word' id='word_1_464' title='bbox 997 2613 1052 2645; x_wconf 73' lang='lat' dir='ltr'><strong>his</strong></span> <span class='ocrx_word' id='word_1_465' title='bbox 1070 2613 1182 2655; x_wconf 79' lang='lat' dir='ltr'><strong>Cett.)</strong></span> <span class='ocrx_word' id='word_1_466' title='bbox 1209 2618 1321 2657; x_wconf 62' lang='lat' dir='ltr'><strong>nunt„</strong></span> <span class='ocrx_word' id='word_1_467' title='bbox 1347 2613 1463 2646; x_wconf 89' lang='lat' dir='ltr'><strong>durch</strong></span> <span class='ocrx_word' id='word_1_468' title='bbox 1487 2612 1548 2646; x_wconf 89' lang='lat' dir='ltr'><strong>die</strong></span> <span class='ocrx_word' id='word_1_469' title='bbox 1573 2614 1652 2647; x_wconf 90' lang='lat' dir='ltr'><strong>eiu-</strong></span> 
     </span>
     <span class='ocr_line' id='line_1_49' title="bbox 209 2659 1470 2707; baseline -0.003 -11"><span class='ocrx_word' id='word_1_470' title='bbox 209 2661 431 2707; x_wconf 83' lang='lat' dir='ltr'><strong>gelaufenen</strong></span> <span class='ocrx_word' id='word_1_471' title='bbox 453 2659 703 2693; x_wconf 80' lang='lat' dir='ltr'><strong>Naehrichten</strong></span> <span class='ocrx_word' id='word_1_472' title='bbox 733 2659 813 2692; x_wconf 84' lang='lat' dir='ltr'><strong>sich</strong></span> <span class='ocrx_word' id='word_1_473' title='bbox 837 2669 919 2692; x_wconf 87' lang='lat' dir='ltr'><strong>zum</strong></span> <span class='ocrx_word' id='word_1_474' title='bbox 943 2659 1125 2693; x_wconf 87' lang='lat' dir='ltr'><strong>Weichen</strong></span> <span class='ocrx_word' id='word_1_475' title='bbox 1158 2660 1339 2703; x_wconf 75' lang='lat' dir='ltr'><strong>bewegeu</strong></span> <span class='ocrx_word' id='word_1_476' title='bbox 1364 2660 1470 2693; x_wconf 80' lang='lat' dir='ltr'><strong>lasse.</strong></span> 
     </span>
    </p>

    <p class='ocr_par' dir='ltr' id='par_1_6' title="bbox 299 2704 1652 2752">
     <span class='ocr_line' id='line_1_50' title="bbox 299 2704 1652 2752; baseline -0.002 -11"><span class='ocrx_word' id='word_1_477' title='bbox 299 2708 334 2742; x_wconf 84' lang='lat'><strong>4.</strong></span> <span class='ocrx_word' id='word_1_478' title='bbox 360 2710 498 2741; x_wconf 80' lang='lat' dir='ltr'><strong>auctor.</strong></span> <span class='ocrx_word' id='word_1_479' title='bbox 522 2718 613 2747; x_wconf 81' lang='lat' dir='ltr'><strong>mea,</strong></span> <span class='ocrx_word' id='word_1_480' title='bbox 639 2705 758 2741; x_wconf 85' lang='lat' dir='ltr'><strong>meine</strong></span> <span class='ocrx_word' id='word_1_481' title='bbox 783 2706 1040 2752; x_wconf 79' lang='lat' dir='ltr'><strong>Vorstellung.</strong></span> <span class='ocrx_word' id='word_1_482' title='bbox 1066 2725 1109 2731; x_wconf 93' lang='lat'>—</span> <span class='ocrx_word' id='word_1_483' title='bbox 1134 2706 1172 2740; x_wconf 77' lang='lat' dir='ltr'><strong>in</strong></span> <span class='ocrx_word' id='word_1_484' title='bbox 1196 2707 1257 2740; x_wconf 69' lang='lat' dir='ltr'><strong>iis.</strong></span> <span class='ocrx_word' id='word_1_485' title='bbox 1283 2707 1382 2742; x_wconf 88' lang='lat' dir='ltr'><strong>Crat.</strong></span> <span class='ocrx_word' id='word_1_486' title='bbox 1408 2705 1508 2742; x_wconf 76' lang='lat' dir='ltr'><strong>Vict.</strong></span> <span class='ocrx_word' id='word_1_487' title='bbox 1537 2707 1569 2740; x_wconf 89' lang='grc'><strong>1.</strong></span> <span class='ocrx_word' id='word_1_488' title='bbox 1595 2704 1652 2739; x_wconf 71' lang='lat' dir='ltr'><strong>lzis</strong></span> 
     </span>
    </p>
   </div>
   <div class='ocr_carea' id='block_1_5' title="bbox 1752 0 1795 3043">
    <p class='ocr_par' dir='ltr' id='par_1_7' title="bbox 1752 0 1795 3043">
     <span class='ocr_line' id='line_1_51' title="bbox 1752 0 1795 3043; baseline 0 0"><span class='ocrx_word' id='word_1_489' title='bbox 1752 0 1795 3043; x_wconf 95' lang='lat' dir='ltr'><strong> </strong></span> 
     </span>
    </p>
   </div>
  </div>
 </body>
</html>
