1795 3043
266 90 365 139 526
537 87 600 134 M.
626 87 681 133 Τ.
712 84 1054 133 CICERONIS
1088 85 1463 136 EPISTOLAE.

269 215 412 247 mare,
442 201 612 240 credere
641 213 727 240 non
752 214 950 251 possum,
979 204 1251 252 quumianti
1271 201 1421 250 facias
1450 201 1726 244 Dolabellam

270 265 312 298 et
339 259 524 297 Tulliam
551 264 697 305 tuam,
720 257 931 305 feminam
962 260 1256 305 lectissimam,
1288 261 1480 310 tantique
1510 259 1564 298 ab
1595 263 1727 300 omni-

271 316 347 354 bus
376 315 495 354 nohis
517 316 628 364 fias,·
671 314 818 366 quibus
841 315 1073 353 mehercule
1102 315 1291 368 dignitas
1315 316 1628 368 amplitudoque
1648 323 1726 356 tua

262 386 402 423 paene
432 374 577 411 carior
607 378 669 410 cst
697 385 823 423 quam
853 372 933 410 tihi
961 374 1051 423 ipsi.
1112 372 1197 410 Sed
1221 377 1364 411 tamen
1385 386 1470 411 non
1491 385 1583 411 sum
1615 364 1729 412 anbi-

270 435 414 467 tratus
450 441 539 467 esse
575 431 702 468 amici
739 442 824 467 non
854 431 1110 467 commoveri
1144 431 1274 467 etiam
1313 429 1600 479 improborum
1637 442 1728 469 ser-

271 499 417 525 mone:
467 491 594 537 atque
624 498 681 524 eo·
702 484 795 534 feci
820 486 1072 530 studiosius,
1119 485 1230 537 quod
1259 485 1499 529 iudicabam
1531 486 1727 526 duriores

264 549 416 595 partes
447 543 551 581 mihi
568 545 789 593 impositas
807 554 894 580 esse
924 542 978 581 ab
1001 542 1232 592 offensione
1249 549 1401 582 nostra
1416 570 1426 588 ‚
1459 556 1567 595 quae
1588 546 1734 596 magis.
1777 578 1780 583 .

270 614 301 639 a
330 598 549 648 ζηλοτυπίᾳ
578 613 671 640 mea
702 611 829 651 quam
858 598 912 637 ab
942 602 1104 638 iniuria
1134 606 1211 637 tua
1242 605 1351 638 nata
1381 605 1457 639 est.
1518 601 1588 638 Sic
1618 602 1729 639 enim

271 660 368 696 volo
410 663 450 696 te
486 657 565 695 tibi
593 655 874 706 persuadere,
929 656 1032 694 mihi
1069 659 1274 694 neminem
1306 669 1393 695 esse
1431 659 1641 695 cariorem
1671 663 1728 704 te,

272 721 440 765 excepto
468 714 652 753 Caesare
682 725 798 760 meo,
829 725 972 764 meque
1003 712 1112 750 illud
1139 726 1226 751 una
1257 714 1467 764 iudicare,
1503 714 1730 752 Caesarem

220 785 250 825 2
275 774 457 810 maxime
486 773 529 809 in
553 773 641 809 suis
661 770 717 809 M.
743 769 983 808 Ciceronem
1014 782 1230 819 reponere.
1292 770 1456 817 Quare,
1487 772 1547 808 mi
1568 771 1728 817 Cicero,

274 835 316 867 z‘e
343 842 476 881 rogo,
525 834 572 866 ut
606 827 686 866 tibi
714 828 858 865 omnia
889 828 1060 879 integra
1098 838 1263 874 serves,
1306 829 1393 866 eius
1417 826 1544 877 fidem
1577 830 1731 878 impro-
1769 821 1770 845 ³

272 885 362 932 bes,
406 887 478 937 qui
513 884 705 934 tihi,th
742 883 982 934 heneficium
1022 883 1169 932 daret,
1212 885 1337 934 prius
1367 886 1571 922 iniuriam
1593 884 1728 933 fecit:

271 949 425 983 contra
465 956 517 981 ne
541 940 800 993 profugias,
840 943 913 992 qui
941 946 1004 986 te,
1053 942 1134 979 etsi
1160 953 1246 979 non
1276 939 1463 986 amabit,
1505 961 1562 968 ——
1619 939 1733 993 quod
1769 985 1770 990 ¹

270 1002 462 1039 accidere
491 1012 576 1038 non
598 1004 743 1049 potest
770 1018 827 1024 —
877 1003 1022 1036 tamen
1041 998 1208 1036 salvum
1232 999 1614 1049 amplissimumque
1644 1010 1732 1037 esse

270 1062 421 1109 cupiet.
478 1055 638 1095 Dedita
670 1069 799 1105 opera
829 1055 889 1093 ad
915 1060 956 1092 te
991 1055 1291 1104 Calpurnium,
1333 1054 1731 1103 familiarissimum

270 1129 427 1162 meum,
456 1116 554 1153 misi
566 1127 579 1160 ,-
615 1118 663 1151 ut
692 1112 796 1151 mihi
822 1124 1009 1163 magnae
1037 1124 1167 1150 curae
1195 1117 1316 1150 tuam
1346 1113 1481 1150 vitam
1512 1124 1564 1151 ac
1593 1111 1733 1166 digni-

267 1178 402 1211 tatem
433 1183 520 1210 esse
548 1172 694 1209 scires.

267 1297 328 1330 fiir
361 1295 457 1329 mich
489 1295 549 1329 ist.
583 1311 626 1318 —
674 1304 745 1326 non
779 1304 951 1327 common.
1071 1294 1224 1338 improb.
1249 1304 1379 1335 serm„
1421 1293 1539 1326 selbst
1561 1292 1624 1326 bei
1649 1292 1733 1326 dem

270 1341 420 1377 Gerede
446 1341 614 1375 schlecht
640 1339 858 1373 denkender
875 1340 994 1373 Leute
1019 1339 1268 1383 gleichgultig
1294 1349 1339 1372 zu
1364 1339 1528 1373 bleiben.
1553 1357 1598 1363 —
1629 1342 1734 1382 atque

268 1400 309 1423 eo
334 1389 406 1431 feci
429 1388 581 1421 stadios.
619 1392 687 1420 cet.
706 1412 715 1429 ‚
756 1386 857 1427 „und
890 1386 950 1420 ich
980 1385 1065 1419 fand
1099 1386 1196 1419 mich
1222 1397 1279 1419 um
1306 1396 1347 1419 so
1372 1386 1477 1418 mehr
1502 1384 1596 1418 dazu
1620 1395 1735 1428 ange-

264 1436 436 1478 trieben,
473 1433 561 1468 weil
586 1432 647 1466 ich
673 1432 780 1466 dafur
805 1433 918 1475 hielt,
950 1432 1033 1465 dass
1059 1432 1130 1466 mir
1153 1443 1226 1465 von
1252 1432 1333 1465 dem
1359 1431 1548 1465 zwischen
1573 1440 1640 1464 uns
1666 1431 1735 1464 ob-

265 1482 490 1526 gewalteten
518 1479 884 1519 Illissverstandniss‚
926 1479 1087 1512 welches
1119 1479 1222 1511 mehr
1255 1489 1319 1511 aus
1353 1478 1496 1512 meiner
1520 1476 1735 1517 Eilsersucht

266 1530 321 1563 als
347 1539 412 1562 aus
438 1528 543 1561 einer
569 1526 639 1559 mir
665 1536 734 1558 von
754 1525 826 1559 Dii·
851 1526 1078 1568 zugesugten
1095 1524 1350 1568 Beleidigung
1370 1530 1621 1568 entsprungen
1639 1533 1733 1566 war,

265 1575 373 1609 desto
399 1580 596 1617 strengere
622 1571 1001 1606 Verbindlichkeiten
1028 1571 1214 1614 auferlegt
1239 1570 1378 1604 seien.'’
1423 1570 1607 1603 Antonius
1634 1569 1734 1602 hatte

263 1621 345 1657 sich
370 1631 439 1655 vor
464 1619 557 1654 zwei
583 1618 638 1652 bis
666 1617 748 1651 drei
768 1618 901 1650 Iahren
928 1619 1047 1651 neben
1064 1617 1196 1652 Cicero
1225 1627 1282 1650 um
1310 1617 1373 1650 das
1390 1616 1560 1660 Augurat
1586 1616 1735 1649 bewor-

263 1669 359 1711 ben,
404 1667 495 1701 aber
527 1665 691 1706 diesem,
731 1664 806 1697 wie
845 1663 976 1707 billig,
1014 1664 1238 1696 nachstehen
1273 1665 1434 1696 mussen.
1473 1680 1518 1688 —-
1572 1672 1645 1695 una
1678 1660 1733 1695 sic

265 1720 481 1758 usurpatum
509 1711 758 1755 suspicionem
783 1710 960 1744 movebit.
1009 1710 1091 1753 Ego
1118 1716 1239 1742 tamen
1265 1709 1301 1741 in
1331 1708 1400 1742 hoc
1425 1707 1581 1742 Antonii
1608 1707 1735 1742 stilum

264 1771 441 1805 agnosco.
481 1760 553 1793 ΟΒ.
596 1778 640 1783 -
699 1758 738 1790 in
769 1757 846 1789 suis
976 1766 1074 1800 rep„
1119 1761 1227 1788 unter
1263 1754 1324 1788 die
1357 1754 1431 1788 ihm
1463 1755 1621 1788 theuern
1658 1753 1735 1789 und

263 1808 434 1843 werthen
460 1805 633 1840 Freunde
659 1804 808 1837 recline.

358 1854 393 1888 2.
435 1857 473 1885 ul
500 1878 533 1886 ..
552 1877 559 1885 .
587 1861 730 1893 serves,
770 1848 870 1883 Dich
901 1857 974 1880 von
1011 1846 1110 1880 allen
1137 1844 1266 1880 Seiten
1301 1845 1373 1880 frei
1405 1856 1451 1880 zu
1478 1841 1657 1880 erhalten.
1689 1864 1734 1871 —-
1794 1843 1795 1846 ’

266 1901 365 1943 eius,
397 1898 590 1943 Pompeii,
624 1897 730 1940 fidem
754 1897 885 1938 impin,
925 1893 1026 1927 Dein
1054 1893 1266 1928 Vertrauen
1299 1892 1401 1926 nicht
1438 1894 1503 1926 auf
1525 1892 1594 1925 den
1621 1893 1735 1926 Mann

266 1958 314 1981 zu
355 1954 495 1980 setzen.
535 1963 581 1969 —
632 1943 738 1986 prius
775 1942 890 1975 iniur.
930 1941 1027 1981 fecit.
1083 1939 1287 1983 Pompeius
1325 1938 1519 1972 Ciceronis
1557 1937 1734 1972 exsilium

267 1993 415 2028 iuverat
451 1990 577 2026 Clodii
609 1989 849 2033 adoptionem
887 1986 1137 2029 permittendo
1172 1992 1209 2018 et
1243 1985 1406 2028 reliqua3
1457 1985 1664 2027 beneficium
1698 1983 1734 2018 ei

267 2041 417 2075 dederat
452 2037 575 2072 reditu
612 2035 786 2069 iuvando.
820 2033 1055 2067 ERNESTI.
1097 2051 1141 2056 —-
1190 2035 1317 2065 contra
1342 2042 1384 2064 ne
1405 2031 1605 2074 profugias
1636 2041 1734 2074 eum,

266 2087 487 2131 „hingegen
514 2084 587 2117 den
613 2083 723 2116 Manu
752 2081 854 2114 nicht
878 2090 922 2113 zu
948 2079 1122 2112 fliehen.''
1159 2077 1213 2111 Er
1237 2077 1351 2111 meint
1377 2077 1449 2110 den
1474 2078 1599 2111 Ciisar.
1649 2087 1735 2111 con-

267 2137 328 2166 tra
343 2143 419 2165 eum
440 2142 482 2164 ne
507 2132 595 2164 Asc.
617 2130 649 2162 1.
678 2129 777 2162 Crat.
803 2128 901 2161 Man.
929 2125 1064 2159 Graev.
1093 2124 1177 2159 Sch.
1204 2124 1297 2157 Lun.
1324 2130 1454 2157 contra
1467 2123 1545 2156 Md.
1564 2123 1734 2159 Oxon.2.

266 2179 365 2213 Ball.
391 2178 549 2211 Helmst.
582 2175 749 2211 Videtur
775 2174 914 2207 habere
940 2173 1064 2206 Oxon.
1082 2172 1114 2205 1.
1142 2174 1269 2204 contra
1284 2170 1327 2203 ab
1346 2180 1386 2202 eo
1413 2180 1455 2202 ne
1478 2169 1605 2203 Lamb.
1630 2170 1733 2203 1566.

265 2229 395 2260 contra
427 2235 469 2257 ne
502 2223 546 2255 ab
581 2232 620 2255 eo
653 2220 781 2255 Lamb.
817 2220 854 2253 in
889 2230 936 2252 m.
971 2218 1072 2253 1584.
1109 2217 1182 2250 OR.
1211 2235 1256 2241 —
1304 2216 1398 2259 quod
1430 2216 1546 2249 accid.
1584 2226 1618 2248 n.
1644 2218 1735 2259 pot„

266 2282 346 2305 was
378 2270 482 2304 nicht
513 2269 619 2301 mehr
653 2267 818 2310 mbglich
853 2265 913 2299 ist.
955 2283 996 2288 -
1046 2263 1227 2307 ampliss„
1271 2261 1319 2294 im
1352 2261 1498 2295 Genuss
1530 2261 1625 2294 aller
1660 2260 1735 2295 Dir

267 2315 565 2353 zukommenden
592 2313 894 2356 Auszeichnung.
928 2311 1017 2345 Wie
1041 2310 1137 2343 doch
1152 2307 1336 2342 Antonius
1361 2307 1397 2341 in
1417 2307 1556 2341 diesem
1577 2307 1750 2341 Liebes-⁴

239 2362 388 2399 ¹briefe
416 2362 604 2403 Hoffnung
637 2360 710 2393 und
735 2360 921 2401 Drohung
957 2356 1103 2401 spielen
1128 2356 1233 2388 lasst!
1267 2372 1309 2378 —
1360 2354 1612 2397 Calpurnium.
1664 2353 1736 2387 Est

260 2411 323 2445 Le
345 2407 570 2453 Calpurnius
603 2406 715 2448 Piso,
755 2404 1067 2438 familiarissimus
1099 2399 1267 2436 Antonii.
1322 2400 1391 2435 Qui
1422 2400 1633 2433 nominatur
1662 2410 1734 2443 pro

269 2457 378 2492 eaeo.
406 2457 468 2498 12,
502 2452 630 2488 nescio
656 2462 700 2485 an
728 2452 826 2485 idem
852 2450 911 2485 sit.
947 2448 1063 2483 ERN.
1096 2467 1140 2472 —
1188 2450 1286 2479 tuam
1310 2447 1425 2480 vitam
1448 2457 1491 2479 ac
1515 2446 1619 2488 dign.
1646 2450 1735 2479 statt

267 2501 592 2537 conservationem
618 2505 702 2532 tuae
727 2497 826 2531 vitae
851 2508 894 2531 ac
918 2494 1123 2539 dignitatis.
1164 2493 1279 2527 Harte
1304 2492 1507 2535 Drohung!
1531 2510 1575 2516 —-
1605 2491 1734 2525 Philo-

267 2550 378 2584 timus
411 2549 541 2584 literas
580 2545 715 2588 (Mdsl)
759 2546 845 2577 Asc.
876 2544 907 2576 1.
953 2542 1052 2576 Crat.
1095 2540 1221 2574 Lamb.
1266 2539 1367 2574 vict.
1402 2539 1433 2573 2.
1473 2543 1601 2571 contra
1635 2537 1731 2572 Cdd.
1766 2560 1767 2565 ,

268 2595 396 2638 Bosii,
432 2596 556 2629 Oxon.
573 2593 606 2627 2.
637 2591 730 2625 Ball.
756 2589 994 2633 (Philotimus
1018 2586 1126 2619 etiam
1151 2589 1215 2620 att.
1242 2585 1396 2619 Helmst.
1421 2584 1531 2629 prob.
1553 2583 1734 2624 Graevio)

268 2642 370 2679 Voc.
398 2642 528 2675 literas
552 2649 640 2674 sane
665 2647 797 2681 saepe,
831 2640 879 2670 ut.
894 2644 1008 2679 supra
1033 2632 1087 2676 (in
1104 2631 1166 2667 fin.
1192 2644 1251 2678 ep.
1270 2631 1370 2676 374.)
1405 2631 1530 2666 Oxon.
1547 2630 1605 2674 2.,
1637 2628 1734 2665 male
1766 2651 1767 2654 =

270 2689 445 2724 omittunt
470 2686 564 2723 Cdd.
597 2681 792 2720 ORELLI.
