<?xml version="1.0" encoding="UTF-8"?>
<!DOCTYPE html PUBLIC "-//W3C//DTD XHTML 1.0 Transitional//EN"
    "http://www.w3.org/TR/xhtml1/DTD/xhtml1-transitional.dtd">
<html xmlns="http://www.w3.org/1999/xhtml" xml:lang="en" lang="en">
 <head>
  <title>
</title>
<meta http-equiv="Content-Type" content="text/html;charset=utf-8" />
  <meta name='ocr-system' content='tesseract 3.04.00' />
  <meta name='ocr-capabilities' content='ocr_page ocr_carea ocr_par ocr_line ocrx_word'/>
</head>
<body>
  <div class='ocr_page' id='page_1' title='image "./epistolaeadattic02ciceuoft_0421.png"; bbox 0 0 1795 3043; ppageno 0'>
   <div class='ocr_carea' id='block_1_1' title="bbox 8 234 19 1821">
    <p class='ocr_par' dir='ltr' id='par_1_1' title="bbox 8 234 19 1821">
     <span class='ocr_line' id='line_1_1' title="bbox 8 234 19 1821; baseline 0 0"><span class='ocrx_word' id='word_1_1' title='bbox 8 234 19 1821; x_wconf 95' lang='lat' dir='ltr'><strong> </strong></span> 
     </span>
    </p>
   </div>
   <div class='ocr_carea' id='block_1_2' title="bbox 0 2205 37 3043">
    <p class='ocr_par' dir='ltr' id='par_1_2' title="bbox 0 2205 37 3043">
     <span class='ocr_line' id='line_1_2' title="bbox 0 2205 37 3043; baseline 0 0"><span class='ocrx_word' id='word_1_2' title='bbox 0 2205 37 3043; x_wconf 95' lang='lat' dir='ltr'><strong> </strong></span> 
     </span>
    </p>
   </div>
   <div class='ocr_carea' id='block_1_3' title="bbox 515 74 1578 129">
    <p class='ocr_par' dir='ltr' id='par_1_3' title="bbox 515 74 1578 129">
     <span class='ocr_line' id='line_1_3' title="bbox 515 74 1578 129; baseline 0.008 -8"><span class='ocrx_word' id='word_1_3' title='bbox 515 74 826 122; x_wconf 78' lang='lat' dir='ltr'><strong>EPISTOLA</strong></span> <span class='ocrx_word' id='word_1_4' title='bbox 861 75 1182 123; x_wconf 85' lang='lat' dir='ltr'><strong>CCCXXXVI.</strong></span> <span class='ocrx_word' id='word_1_5' title='bbox 1434 82 1437 83; x_wconf 45' lang='lat'><em>⁷</em></span> <span class='ocrx_word' id='word_1_6' title='bbox 1479 82 1578 129; x_wconf 77' lang='lat'><strong>411</strong></span> 
     </span>
    </p>
   </div>
   <div class='ocr_carea' id='block_1_4' title="bbox 123 183 1580 1037">
    <p class='ocr_par' dir='ltr' id='par_1_4' title="bbox 123 183 1580 1037">
     <span class='ocr_line' id='line_1_4' title="bbox 123 183 1579 241; baseline 0.001 -15"><span class='ocrx_word' id='word_1_7' title='bbox 123 183 313 239; x_wconf 84' lang='lat' dir='ltr'>fugiens,</span> <span class='ocrx_word' id='word_1_8' title='bbox 344 186 539 239; x_wconf 89' lang='lat' dir='ltr'><strong>accipere</strong></span> <span class='ocrx_word' id='word_1_9' title='bbox 567 187 708 237; x_wconf 69' lang='lat' dir='ltr'><strong>nolui,</strong></span> <span class='ocrx_word' id='word_1_10' title='bbox 745 199 882 239; x_wconf 89' lang='lat' dir='ltr'><strong>neque</strong></span> <span class='ocrx_word' id='word_1_11' title='bbox 911 200 1039 239; x_wconf 89' lang='lat' dir='ltr'><strong>quum</strong></span> <span class='ocrx_word' id='word_1_12' title='bbox 1067 190 1161 241; x_wconf 88' lang='lat' dir='ltr'><strong>post</strong></span> <span class='ocrx_word' id='word_1_13' title='bbox 1179 187 1438 229; x_wconf 85' lang='lat' dir='ltr'><strong>conditiones</strong></span> <span class='ocrx_word' id='word_1_14' title='bbox 1458 188 1579 239; x_wconf 83' lang='lat' dir='ltr'><strong>pacis</strong></span> 
     </span>
     <span class='ocr_line' id='line_1_5' title="bbox 124 242 1578 298; baseline -0.001 -14"><span class='ocrx_word' id='word_1_15' title='bbox 124 255 201 295; x_wconf 90' lang='lat' dir='ltr'><strong>per</strong></span> <span class='ocrx_word' id='word_1_16' title='bbox 229 243 278 285; x_wconf 88' lang='lat' dir='ltr'><strong>L.</strong></span> <span class='ocrx_word' id='word_1_17' title='bbox 310 242 529 285; x_wconf 84' lang='lat' dir='ltr'><strong>Caesarem</strong></span> <span class='ocrx_word' id='word_1_18' title='bbox 560 247 602 284; x_wconf 91' lang='lat' dir='ltr'><strong>et</strong></span> <span class='ocrx_word' id='word_1_19' title='bbox 629 244 836 285; x_wconf 84' lang='lat' dir='ltr'><strong>Fabatum</strong></span> <span class='ocrx_word' id='word_1_20' title='bbox 864 246 1016 284; x_wconf 86' lang='lat' dir='ltr'><strong>allatas</strong></span> <span class='ocrx_word' id='word_1_21' title='bbox 1045 246 1165 298; x_wconf 86' lang='lat' dir='ltr'><strong>cavi,</strong></span> <span class='ocrx_word' id='word_1_22' title='bbox 1192 258 1245 285; x_wconf 91' lang='lat' dir='ltr'><strong>ne</strong></span> <span class='ocrx_word' id='word_1_23' title='bbox 1275 246 1458 285; x_wconf 88' lang='lat' dir='ltr'><strong>animum</strong></span> <span class='ocrx_word' id='word_1_24' title='bbox 1487 244 1578 284; x_wconf 90' lang='lat' dir='ltr'><strong>eius</strong></span> 
     </span>
     <span class='ocr_line' id='line_1_6' title="bbox 123 298 1578 353; baseline 0.001 -14"><span class='ocrx_word' id='word_1_25' title='bbox 123 298 402 353; x_wconf 85' lang='lat' dir='ltr'><strong>offenderem,</strong></span> <span class='ocrx_word' id='word_1_26' title='bbox 446 301 517 342; x_wconf 89' lang='lat' dir='ltr'><strong>cui</strong></span> <span class='ocrx_word' id='word_1_27' title='bbox 544 301 771 353; x_wconf 91' lang='lat' dir='ltr'><strong>Pompeius</strong></span> <span class='ocrx_word' id='word_1_28' title='bbox 803 302 888 341; x_wconf 90' lang='lat' dir='ltr'><strong>iam</strong></span> <span class='ocrx_word' id='word_1_29' title='bbox 918 303 1100 341; x_wconf 87' lang='lat' dir='ltr'><strong>armatus</strong></span> <span class='ocrx_word' id='word_1_30' title='bbox 1129 304 1286 343; x_wconf 88' lang='lat' dir='ltr'><strong>armato</strong></span> <span class='ocrx_word' id='word_1_31' title='bbox 1315 302 1578 343; x_wconf 88' lang='lat' dir='ltr'><strong>consulatum</strong></span> 
     </span>
     <span class='ocr_line' id='line_1_7' title="bbox 123 357 1575 410; baseline 0 -14"><span class='ocrx_word' id='word_1_32' title='bbox 123 357 466 409; x_wconf 77' lang='lat' dir='ltr'><strong>triumphumque</strong></span> <span class='ocrx_word' id='word_1_33' title='bbox 495 358 691 399; x_wconf 82' lang='lat' dir='ltr'><strong>deferret.</strong></span> <span class='ocrx_word' id='word_1_34' title='bbox 749 357 839 400; x_wconf 89' lang='lat' dir='ltr'><strong>Nec</strong></span> <span class='ocrx_word' id='word_1_35' title='bbox 868 370 969 398; x_wconf 88' lang='lat' dir='ltr'><strong>vero</strong></span> <span class='ocrx_word' id='word_1_36' title='bbox 997 359 1104 399; x_wconf 89' lang='lat' dir='ltr'><strong>haec</strong></span> <span class='ocrx_word' id='word_1_37' title='bbox 1132 362 1331 409; x_wconf 77' lang='lat' dir='ltr'><strong>extrema</strong></span> <span class='ocrx_word' id='word_1_38' title='bbox 1355 359 1575 410; x_wconf 86' lang='lat' dir='ltr'><strong>quisquam</strong></span> 
     </span>
     <span class='ocr_line' id='line_1_8' title="bbox 123 414 1578 467; baseline 0.001 -14"><span class='ocrx_word' id='word_1_39' title='bbox 123 414 262 466; x_wconf 86' lang='lat' dir='ltr'><strong>potest</strong></span> <span class='ocrx_word' id='word_1_40' title='bbox 302 415 397 455; x_wconf 89' lang='lat' dir='ltr'><strong>iure</strong></span> <span class='ocrx_word' id='word_1_41' title='bbox 433 415 766 467; x_wconf 86' lang='lat' dir='ltr'><strong>reprehendere,</strong></span> <span class='ocrx_word' id='word_1_42' title='bbox 815 414 926 466; x_wconf 91' lang='lat' dir='ltr'><strong>quod</strong></span> <span class='ocrx_word' id='word_1_43' title='bbox 963 426 1080 455; x_wconf 90' lang='lat' dir='ltr'><strong>mare</strong></span> <span class='ocrx_word' id='word_1_44' title='bbox 1107 428 1191 455; x_wconf 90' lang='lat' dir='ltr'><strong>non</strong></span> <span class='ocrx_word' id='word_1_45' title='bbox 1221 416 1472 456; x_wconf 84' lang='lat' dir='ltr'><strong>transierim.</strong></span> <span class='ocrx_word' id='word_1_46' title='bbox 1528 414 1578 454; x_wconf 88' lang='lat' dir='ltr'><strong>Id</strong></span> 
     </span>
     <span class='ocr_line' id='line_1_9' title="bbox 125 470 1577 524; baseline 0.001 -15"><span class='ocrx_word' id='word_1_47' title='bbox 125 470 256 519; x_wconf 89' lang='lat' dir='ltr'><strong>enim,</strong></span> <span class='ocrx_word' id='word_1_48' title='bbox 302 472 383 512; x_wconf 91' lang='lat' dir='ltr'><strong>etsi</strong></span> <span class='ocrx_word' id='word_1_49' title='bbox 420 474 511 513; x_wconf 87' lang='lat' dir='ltr'><strong>erat</strong></span> <span class='ocrx_word' id='word_1_50' title='bbox 539 472 570 524; x_wconf 77' lang='lat'><strong>-1-</strong></span> <span class='ocrx_word' id='word_1_51' title='bbox 600 471 935 523; x_wconf 85' lang='lat' dir='ltr'><strong>deliberationis,</strong></span> <span class='ocrx_word' id='word_1_52' title='bbox 983 474 1125 512; x_wconf 82' lang='lat' dir='ltr'><strong>tamen</strong></span> <span class='ocrx_word' id='word_1_53' title='bbox 1166 473 1284 512; x_wconf 88' lang='lat' dir='ltr'><strong>obire</strong></span> <span class='ocrx_word' id='word_1_54' title='bbox 1319 485 1404 513; x_wconf 89' lang='lat' dir='ltr'><strong>non</strong></span> <span class='ocrx_word' id='word_1_55' title='bbox 1441 471 1577 524; x_wconf 91' lang='lat' dir='ltr'><strong>potui.</strong></span> 
     </span>
     <span class='ocr_line' id='line_1_10' title="bbox 123 526 1578 581; baseline 0.001 -15"><span class='ocrx_word' id='word_1_56' title='bbox 123 526 271 578; x_wconf 88' lang='lat' dir='ltr'><strong>Neque</strong></span> <span class='ocrx_word' id='word_1_57' title='bbox 312 529 424 568; x_wconf 93' lang='lat' dir='ltr'><strong>enim</strong></span> <span class='ocrx_word' id='word_1_58' title='bbox 461 530 669 581; x_wconf 86' lang='lat' dir='ltr'><strong>suspicari</strong></span> <span class='ocrx_word' id='word_1_59' title='bbox 705 528 853 577; x_wconf 90' lang='lat' dir='ltr'><strong>debui;</strong></span> <span class='ocrx_word' id='word_1_60' title='bbox 899 529 1147 581; x_wconf 85' lang='lat' dir='ltr'><strong>praesertim</strong></span> <span class='ocrx_word' id='word_1_61' title='bbox 1186 542 1314 580; x_wconf 89' lang='lat' dir='ltr'><strong>quum</strong></span> <span class='ocrx_word' id='word_1_62' title='bbox 1352 540 1404 569; x_wconf 80' lang='lat' dir='ltr'><strong>ex</strong></span> <span class='ocrx_word' id='word_1_63' title='bbox 1444 528 1578 580; x_wconf 88' lang='lat' dir='ltr'><strong>ipsius</strong></span> 
     </span>
     <span class='ocr_line' id='line_1_11' title="bbox 123 584 1580 638; baseline 0 -15"><span class='ocrx_word' id='word_1_64' title='bbox 123 584 316 637; x_wconf 91' lang='lat' dir='ltr'><strong>Pompeii</strong></span> <span class='ocrx_word' id='word_1_65' title='bbox 345 586 497 636; x_wconf 87' lang='lat' dir='ltr'><strong>literis,</strong></span> <span class='ocrx_word' id='word_1_66' title='bbox 537 587 647 626; x_wconf 91' lang='lat' dir='ltr'><strong>idem</strong></span> <span class='ocrx_word' id='word_1_67' title='bbox 675 585 788 636; x_wconf 89' lang='lat' dir='ltr'><strong>quod</strong></span> <span class='ocrx_word' id='word_1_68' title='bbox 815 585 938 626; x_wconf 85' lang='lat' dir='ltr'><strong>video</strong></span> <span class='ocrx_word' id='word_1_69' title='bbox 967 587 1011 626; x_wconf 91' lang='lat' dir='ltr'><strong>te</strong></span> <span class='ocrx_word' id='word_1_70' title='bbox 1040 586 1316 638; x_wconf 82' lang='lat' dir='ltr'><strong>existimasse,</strong></span> <span class='ocrx_word' id='word_1_71' title='bbox 1344 597 1428 625; x_wconf 90' lang='lat' dir='ltr'><strong>non</strong></span> <span class='ocrx_word' id='word_1_72' title='bbox 1459 584 1580 625; x_wconf 88' lang='lat' dir='ltr'><strong>dubi-</strong></span> 
     </span>
     <span class='ocr_line' id='line_1_12' title="bbox 124 640 1579 694; baseline 0 -14"><span class='ocrx_word' id='word_1_73' title='bbox 124 642 273 689; x_wconf 87' lang='lat' dir='ltr'><strong>tarim,</strong></span> <span class='ocrx_word' id='word_1_74' title='bbox 315 642 419 693; x_wconf 86' lang='lat' dir='ltr'><strong>quin</strong></span> <span class='ocrx_word' id='word_1_75' title='bbox 446 643 482 683; x_wconf 91' lang='lat' dir='ltr'><strong>is</strong></span> <span class='ocrx_word' id='word_1_76' title='bbox 511 642 694 683; x_wconf 92' lang='lat' dir='ltr'><strong>Domitio</strong></span> <span class='ocrx_word' id='word_1_77' title='bbox 724 642 1002 683; x_wconf 85' lang='lat' dir='ltr'><strong>subventurus</strong></span> <span class='ocrx_word' id='word_1_78' title='bbox 1031 646 1150 683; x_wconf 89' lang='lat' dir='ltr'><strong>esset.</strong></span> <span class='ocrx_word' id='word_1_79' title='bbox 1210 644 1267 684; x_wconf 86' lang='lat' dir='ltr'><strong>Et</strong></span> <span class='ocrx_word' id='word_1_80' title='bbox 1295 644 1444 694; x_wconf 89' lang='lat' dir='ltr'><strong>plane,</strong></span> <span class='ocrx_word' id='word_1_81' title='bbox 1477 640 1579 692; x_wconf 90' lang='lat' dir='ltr'><strong>quid</strong></span> 
     </span>
     <span class='ocr_line' id='line_1_13' title="bbox 124 697 1576 753; baseline 0 -15"><span class='ocrx_word' id='word_1_82' title='bbox 124 700 286 738; x_wconf 88' lang='lat' dir='ltr'><strong>rectum</strong></span> <span class='ocrx_word' id='word_1_83' title='bbox 316 701 358 738; x_wconf 87' lang='lat' dir='ltr'><strong>et</strong></span> <span class='ocrx_word' id='word_1_84' title='bbox 388 698 487 750; x_wconf 91' lang='lat' dir='ltr'><strong>quid</strong></span> <span class='ocrx_word' id='word_1_85' title='bbox 516 699 757 741; x_wconf 86' lang='lat' dir='ltr'><strong>faciendum</strong></span> <span class='ocrx_word' id='word_1_86' title='bbox 786 700 891 740; x_wconf 89' lang='lat' dir='ltr'><strong>mihi</strong></span> <span class='ocrx_word' id='word_1_87' title='bbox 905 702 1027 752; x_wconf 88' lang='lat' dir='ltr'><strong>esset,</strong></span> <span class='ocrx_word' id='word_1_88' title='bbox 1054 700 1213 749; x_wconf 84' lang='lat' dir='ltr'><strong>diutius</strong></span> <span class='ocrx_word' id='word_1_89' title='bbox 1232 701 1419 753; x_wconf 78' lang='lat' dir='ltr'><strong>cogitare</strong></span> <span class='ocrx_word' id='word_1_90' title='bbox 1433 697 1576 739; x_wconf 88' lang='lat' dir='ltr'><strong>malui·</strong></span> 
     </span>
     <span class='ocr_line' id='line_1_14' title="bbox 124 754 1579 808; baseline -0.001 -14"><span class='ocrx_word' id='word_1_91' title='bbox 124 755 313 795; x_wconf 90' lang='lat' dir='ltr'><strong>Primum</strong></span> <span class='ocrx_word' id='word_1_92' title='bbox 344 756 492 808; x_wconf 85' lang='lat' dir='ltr'><strong>igitur,</strong></span> <span class='ocrx_word' id='word_1_93' title='bbox 530 757 637 797; x_wconf 84' lang='lat' dir='ltr'><strong>haec</strong></span> <span class='ocrx_word' id='word_1_94' title='bbox 667 756 811 808; x_wconf 87' lang='lat' dir='ltr'><strong>qualia</strong></span> <span class='ocrx_word' id='word_1_95' title='bbox 839 756 919 797; x_wconf 87' lang='lat' dir='ltr'><strong>tibi</strong></span> <span class='ocrx_word' id='word_1_96' title='bbox 949 769 1039 797; x_wconf 89' lang='lat' dir='ltr'><strong>esse</strong></span> <span class='ocrx_word' id='word_1_97' title='bbox 1067 756 1308 806; x_wconf 80' lang='lat' dir='ltr'><strong>videantur,</strong></span> <span class='ocrx_word' id='word_1_98' title='bbox 1344 757 1423 796; x_wconf 79' lang='lat' dir='ltr'><strong>etsi</strong></span> <span class='ocrx_word' id='word_1_99' title='bbox 1454 754 1579 806; x_wconf 82' lang='lat' dir='ltr'><strong>signi-</strong></span> 
     </span>
     <span class='ocr_line' id='line_1_15' title="bbox 123 809 1578 866; baseline 0 -15"><span class='ocrx_word' id='word_1_100' title='bbox 123 809 249 852; x_wconf 87' lang='lat' dir='ltr'><strong>ficata</strong></span> <span class='ocrx_word' id='word_1_101' title='bbox 288 814 385 852; x_wconf 91' lang='lat' dir='ltr'><strong>sunt</strong></span> <span class='ocrx_word' id='word_1_102' title='bbox 424 826 449 853; x_wconf 88' lang='lat' dir='ltr'><strong>a</strong></span> <span class='ocrx_word' id='word_1_103' title='bbox 475 816 539 866; x_wconf 84' lang='lat' dir='ltr'><strong>te,</strong></span> <span class='ocrx_word' id='word_1_104' title='bbox 587 815 726 854; x_wconf 75' lang='lat' dir='ltr'><strong>tamen</strong></span> <span class='ocrx_word' id='word_1_105' title='bbox 754 814 994 854; x_wconf 79' lang='lat' dir='ltr'><strong>accuratius</strong></span> <span class='ocrx_word' id='word_1_106' title='bbox 1023 813 1131 854; x_wconf 89' lang='lat' dir='ltr'><strong>mihi</strong></span> <span class='ocrx_word' id='word_1_107' title='bbox 1159 814 1398 866; x_wconf 83' lang='lat' dir='ltr'><strong>perscribas</strong></span> <span class='ocrx_word' id='word_1_108' title='bbox 1426 812 1578 853; x_wconf 78' lang='lat' dir='ltr'><strong>velim:</strong></span> 
     </span>
     <span class='ocr_line' id='line_1_16' title="bbox 125 867 1579 923; baseline 0 -16"><span class='ocrx_word' id='word_1_109' title='bbox 125 867 275 908; x_wconf 90' lang='lat' dir='ltr'><strong>deinde</strong></span> <span class='ocrx_word' id='word_1_110' title='bbox 304 869 464 921; x_wconf 84' lang='lat' dir='ltr'><strong>aliquid</strong></span> <span class='ocrx_word' id='word_1_111' title='bbox 494 871 620 910; x_wconf 89' lang='lat' dir='ltr'><strong>etiam</strong></span> <span class='ocrx_word' id='word_1_112' title='bbox 639 872 684 910; x_wconf 90' lang='lat' dir='ltr'><strong>in</strong></span> <span class='ocrx_word' id='word_1_113' title='bbox 706 873 919 923; x_wconf 87' lang='lat' dir='ltr'><strong>posterum</strong></span> <span class='ocrx_word' id='word_1_114' title='bbox 938 871 1173 923; x_wconf 82' lang='lat' dir='ltr'><strong>prospicias</strong></span> <span class='ocrx_word' id='word_1_115' title='bbox 1192 871 1421 923; x_wconf 83' lang='lat' dir='ltr'><strong>fingasque,</strong></span> <span class='ocrx_word' id='word_1_116' title='bbox 1453 880 1579 920; x_wconf 90' lang='lat' dir='ltr'><strong>quem</strong></span> 
     </span>
     <span class='ocr_line' id='line_1_17' title="bbox 125 925 1580 980; baseline 0 -16"><span class='ocrx_word' id='word_1_117' title='bbox 125 937 191 965; x_wconf 91' lang='lat' dir='ltr'><strong>me</strong></span> <span class='ocrx_word' id='word_1_118' title='bbox 220 938 310 966; x_wconf 90' lang='lat' dir='ltr'><strong>esse</strong></span> <span class='ocrx_word' id='word_1_119' title='bbox 339 926 487 967; x_wconf 85' lang='lat' dir='ltr'><strong>deceat</strong></span> <span class='ocrx_word' id='word_1_120' title='bbox 523 930 565 967; x_wconf 88' lang='lat' dir='ltr'><strong>et</strong></span> <span class='ocrx_word' id='word_1_121' title='bbox 601 928 675 967; x_wconf 90' lang='lat' dir='ltr'><strong>ubi</strong></span> <span class='ocrx_word' id='word_1_122' title='bbox 709 940 776 967; x_wconf 91' lang='lat' dir='ltr'><strong>me</strong></span> <span class='ocrx_word' id='word_1_123' title='bbox 804 928 1033 980; x_wconf 88' lang='lat' dir='ltr'><strong>plurimum</strong></span> <span class='ocrx_word' id='word_1_124' title='bbox 1062 927 1259 978; x_wconf 85' lang='lat' dir='ltr'><strong>prodesse</strong></span> <span class='ocrx_word' id='word_1_125' title='bbox 1288 928 1351 968; x_wconf 87' lang='lat' dir='ltr'><strong>rei</strong></span> <span class='ocrx_word' id='word_1_126' title='bbox 1379 925 1580 978; x_wconf 85' lang='lat' dir='ltr'><strong>publicae</strong></span> 
     </span>
     <span class='ocr_line' id='line_1_18' title="bbox 124 982 1578 1037; baseline 0.001 -16"><span class='ocrx_word' id='word_1_127' title='bbox 124 983 302 1031; x_wconf 80' lang='lat' dir='ltr'><strong>sentias3</strong></span> <span class='ocrx_word' id='word_1_128' title='bbox 356 996 514 1034; x_wconf 84' lang='lat' dir='ltr'><strong>ecquae</strong></span> <span class='ocrx_word' id='word_1_129' title='bbox 542 984 725 1036; x_wconf 85' lang='lat' dir='ltr'><strong>pacifica</strong></span> <span class='ocrx_word' id='word_1_130' title='bbox 753 997 933 1037; x_wconf 86' lang='lat' dir='ltr'><strong>persona</strong></span> <span class='ocrx_word' id='word_1_131' title='bbox 962 984 1247 1035; x_wconf 86' lang='lat' dir='ltr'><strong>desideretur,</strong></span> <span class='ocrx_word' id='word_1_132' title='bbox 1290 997 1343 1024; x_wconf 87' lang='lat' dir='ltr'><strong>an</strong></span> <span class='ocrx_word' id='word_1_133' title='bbox 1372 985 1417 1023; x_wconf 90' lang='lat' dir='ltr'><strong>in</strong></span> <span class='ocrx_word' id='word_1_134' title='bbox 1448 982 1578 1022; x_wconf 85' lang='lat' dir='ltr'><strong>bella-</strong></span> 
     </span>
    </p>
   </div>
   <div class='ocr_carea' id='block_1_5' title="bbox 124 1040 1577 1094">
    <p class='ocr_par' dir='ltr' id='par_1_5' title="bbox 124 1040 1577 1094">
     <span class='ocr_line' id='line_1_19' title="bbox 124 1040 1577 1094; baseline -0.001 -15"><span class='ocrx_word' id='word_1_135' title='bbox 124 1040 218 1079; x_wconf 89' lang='lat' dir='ltr'><strong>tore</strong></span> <span class='ocrx_word' id='word_1_136' title='bbox 246 1041 331 1080; x_wconf 88' lang='lat' dir='ltr'><strong>sint</strong></span> <span class='ocrx_word' id='word_1_137' title='bbox 358 1041 510 1081; x_wconf 89' lang='lat' dir='ltr'><strong>omnia.</strong></span> <span class='ocrx_word' id='word_1_138' title='bbox 566 1042 704 1092; x_wconf 88' lang='lat' dir='ltr'><strong>Atque</strong></span> <span class='ocrx_word' id='word_1_139' title='bbox 735 1054 833 1094; x_wconf 78' lang='lat' dir='ltr'><strong>ego,</strong></span> <span class='ocrx_word' id='word_1_140' title='bbox 863 1041 937 1092; x_wconf 90' lang='lat' dir='ltr'><strong>qui</strong></span> <span class='ocrx_word' id='word_1_141' title='bbox 965 1041 1104 1081; x_wconf 88' lang='lat' dir='ltr'><strong>omnia</strong></span> <span class='ocrx_word' id='word_1_142' title='bbox 1133 1040 1278 1080; x_wconf 79' lang='lat' dir='ltr'><strong>officio</strong></span> <span class='ocrx_word' id='word_1_143' title='bbox 1308 1041 1484 1091; x_wconf 86' lang='lat' dir='ltr'><strong>metior,</strong></span> <span class='ocrx_word' id='word_1_144' title='bbox 1513 1050 1577 1079; x_wconf 89' lang='lat' dir='ltr'><strong>re-</strong></span> 
     </span>
    </p>
   </div>
   <div class='ocr_carea' id='block_1_6' title="bbox 124 1095 1580 1264">
    <p class='ocr_par' dir='ltr' id='par_1_6' title="bbox 124 1095 1580 1264">
     <span class='ocr_line' id='line_1_20' title="bbox 125 1095 1579 1148; baseline -0.001 -12"><span class='ocrx_word' id='word_1_145' title='bbox 125 1095 277 1136; x_wconf 90' lang='lat' dir='ltr'><strong>cordor</strong></span> <span class='ocrx_word' id='word_1_146' title='bbox 305 1099 443 1136; x_wconf 85' lang='lat' dir='ltr'><strong>tamen</strong></span> <span class='ocrx_word' id='word_1_147' title='bbox 473 1099 546 1137; x_wconf 89' lang='lat' dir='ltr'><strong>tua.</strong></span> <span class='ocrx_word' id='word_1_148' title='bbox 575 1098 774 1146; x_wconf 82' lang='lat' dir='ltr'><strong>consilia3</strong></span> <span class='ocrx_word' id='word_1_149' title='bbox 823 1098 975 1148; x_wconf 89' lang='lat' dir='ltr'><strong>quibus</strong></span> <span class='ocrx_word' id='word_1_150' title='bbox 1005 1098 1039 1137; x_wconf 93' lang='lat' dir='ltr'><strong>si</strong></span> <span class='ocrx_word' id='word_1_151' title='bbox 1067 1098 1324 1148; x_wconf 87' lang='lat' dir='ltr'><strong>paruissem,</strong></span> <span class='ocrx_word' id='word_1_152' title='bbox 1360 1096 1579 1136; x_wconf 87' lang='lat' dir='ltr'><strong>tristitiam</strong></span> 
     </span>
     <span class='ocr_line' id='line_1_21' title="bbox 124 1153 1578 1205; baseline -0.001 -13"><span class='ocrx_word' id='word_1_153' title='bbox 124 1153 294 1193; x_wconf 88' lang='lat' dir='ltr'><strong>illorum</strong></span> <span class='ocrx_word' id='word_1_154' title='bbox 322 1155 556 1205; x_wconf 86' lang='lat' dir='ltr'><strong>temporum</strong></span> <span class='ocrx_word' id='word_1_155' title='bbox 592 1167 675 1193; x_wconf 88' lang='lat' dir='ltr'><strong>non</strong></span> <span class='ocrx_word' id='word_1_156' title='bbox 707 1154 919 1194; x_wconf 88' lang='lat' dir='ltr'><strong>subissem.</strong></span> <span class='ocrx_word' id='word_1_157' title='bbox 976 1154 1182 1202; x_wconf 86' lang='lat' dir='ltr'><strong>Memini,</strong></span> <span class='ocrx_word' id='word_1_158' title='bbox 1226 1154 1326 1205; x_wconf 87' lang='lat' dir='ltr'><strong>quid</strong></span> <span class='ocrx_word' id='word_1_159' title='bbox 1355 1153 1460 1193; x_wconf 89' lang='lat' dir='ltr'><strong>mihi</strong></span> <span class='ocrx_word' id='word_1_160' title='bbox 1488 1154 1578 1193; x_wconf 80' lang='lat' dir='ltr'><strong>tum</strong></span> 
     </span>
     <span class='ocr_line' id='line_1_22' title="bbox 125 1210 1580 1264; baseline 0 -15"><span class='ocrx_word' id='word_1_161' title='bbox 125 1211 306 1250; x_wconf 84' lang='lat' dir='ltr'><strong>suaseris</strong></span> <span class='ocrx_word' id='word_1_162' title='bbox 352 1222 430 1263; x_wconf 89' lang='lat' dir='ltr'><strong>per</strong></span> <span class='ocrx_word' id='word_1_163' title='bbox 474 1211 794 1264; x_wconf 84' lang='lat' dir='ltr'><strong>Theophanem,</strong></span> <span class='ocrx_word' id='word_1_164' title='bbox 852 1224 929 1264; x_wconf 88' lang='lat' dir='ltr'><strong>per</strong></span> <span class='ocrx_word' id='word_1_165' title='bbox 974 1211 1226 1260; x_wconf 74' lang='lat' dir='ltr'><strong>Culeonem,</strong></span> <span class='ocrx_word' id='word_1_166' title='bbox 1279 1210 1407 1262; x_wconf 90' lang='lat' dir='ltr'><strong>idque</strong></span> <span class='ocrx_word' id='word_1_167' title='bbox 1455 1220 1580 1262; x_wconf 88' lang='lat' dir='ltr'><strong>saepe</strong></span> 
     </span>
    </p>
   </div>
   <div class='ocr_carea' id='block_1_7' title="bbox 126 1331 1583 1699">
    <p class='ocr_par' dir='ltr' id='par_1_7' title="bbox 126 1331 1583 1699">
     <span class='ocr_line' id='line_1_23' title="bbox 127 1331 1579 1376; baseline -0.001 -9"><span class='ocrx_word' id='word_1_168' title='bbox 127 1333 227 1367; x_wconf 87' lang='lat' dir='ltr'><strong>circa</strong></span> <span class='ocrx_word' id='word_1_169' title='bbox 251 1332 423 1376; x_wconf 78' lang='lat' dir='ltr'><strong>suspicor</strong></span> <span class='ocrx_word' id='word_1_170' title='bbox 448 1332 537 1375; x_wconf 80' lang='lat' dir='ltr'><strong>leg.:</strong></span> <span class='ocrx_word' id='word_1_171' title='bbox 572 1333 748 1375; x_wconf 73' lang='lat' dir='ltr'><strong>ignaviae</strong></span> <span class='ocrx_word' id='word_1_172' title='bbox 772 1332 933 1365; x_wconf 78' lang='lat' dir='ltr'><strong>dedecus.</strong></span> <span class='ocrx_word' id='word_1_173' title='bbox 961 1331 1158 1366; x_wconf 83' lang='lat' dir='ltr'><strong>ORELLI.</strong></span> <span class='ocrx_word' id='word_1_174' title='bbox 1201 1331 1241 1365; x_wconf 88' lang='lat' dir='ltr'><strong>S.</strong></span> <span class='ocrx_word' id='word_1_175' title='bbox 1267 1343 1325 1375; x_wconf 88' lang='lat' dir='ltr'><strong>ep.</strong></span> <span class='ocrx_word' id='word_1_176' title='bbox 1353 1331 1579 1366; x_wconf 82' lang='lat' dir='ltr'>CCC-XXV·</span> 
     </span>
     <span class='ocr_line' id='line_1_24' title="bbox 127 1377 1578 1423; baseline -0.001 -11"><span class='ocrx_word' id='word_1_177' title='bbox 127 1399 170 1404; x_wconf 95' lang='grc'>-</span> <span class='ocrx_word' id='word_1_178' title='bbox 200 1378 364 1421; x_wconf 79' lang='lat' dir='ltr'><strong>accipere</strong></span> <span class='ocrx_word' id='word_1_179' title='bbox 389 1378 502 1412; x_wconf 74' lang='lat' dir='ltr'><strong>nolui.</strong></span> <span class='ocrx_word' id='word_1_180' title='bbox 536 1377 573 1412; x_wconf 89' lang='lat' dir='ltr'><strong>S.</strong></span> <span class='ocrx_word' id='word_1_181' title='bbox 600 1390 659 1423; x_wconf 88' lang='lat' dir='ltr'><strong>ep.</strong></span> <span class='ocrx_word' id='word_1_182' title='bbox 677 1378 959 1420; x_wconf 87' lang='lat' dir='ltr'><strong>CCCXXXIV,</strong></span> <span class='ocrx_word' id='word_1_183' title='bbox 983 1378 1032 1417; x_wconf 90' lang='lat' dir='ltr'><strong>D,</strong></span> <span class='ocrx_word' id='word_1_184' title='bbox 1058 1377 1079 1411; x_wconf 92' lang='lat'>5</span> <span class='ocrx_word' id='word_1_185' title='bbox 1112 1388 1148 1410; x_wconf 92' lang='lat' dir='ltr'><strong>u.</strong></span> <span class='ocrx_word' id='word_1_186' title='bbox 1173 1377 1253 1412; x_wconf 86' lang='lat' dir='ltr'><strong>beS.</strong></span> <span class='ocrx_word' id='word_1_187' title='bbox 1279 1377 1520 1420; x_wconf 82' lang='lat' dir='ltr'><strong>CCCXXVI,</strong></span> <span class='ocrx_word' id='word_1_188' title='bbox 1544 1378 1578 1410; x_wconf 88' lang='lat'><strong>5·</strong></span> 
     </span>
     <span class='ocr_line' id='line_1_25' title="bbox 128 1423 1581 1470; baseline -0.001 -13"><span class='ocrx_word' id='word_1_189' title='bbox 128 1444 171 1450; x_wconf 94' lang='lat'>—</span> <span class='ocrx_word' id='word_1_190' title='bbox 200 1435 268 1468; x_wconf 84' lang='lat' dir='ltr'><strong>per</strong></span> <span class='ocrx_word' id='word_1_191' title='bbox 304 1424 343 1457; x_wconf 94' lang='lat' dir='ltr'><strong>L.</strong></span> <span class='ocrx_word' id='word_1_192' title='bbox 379 1424 481 1457; x_wconf 71' lang='lat' dir='ltr'><strong>caes.</strong></span> <span class='ocrx_word' id='word_1_193' title='bbox 537 1424 572 1459; x_wconf 91' lang='lat' dir='ltr'><strong>S.</strong></span> <span class='ocrx_word' id='word_1_194' title='bbox 606 1436 664 1470; x_wconf 90' lang='lat' dir='ltr'><strong>ep.</strong></span> <span class='ocrx_word' id='word_1_195' title='bbox 694 1424 889 1466; x_wconf 90' lang='lat' dir='ltr'><strong>CCCVII,</strong></span> <span class='ocrx_word' id='word_1_196' title='bbox 927 1426 959 1459; x_wconf 81' lang='lat'><strong>6.</strong></span> <span class='ocrx_word' id='word_1_197' title='bbox 1013 1423 1184 1466; x_wconf 86' lang='lat' dir='ltr'><strong>CCCXI,</strong></span> <span class='ocrx_word' id='word_1_198' title='bbox 1215 1424 1249 1458; x_wconf 86' lang='lat'><strong>2.</strong></span> <span class='ocrx_word' id='word_1_199' title='bbox 1298 1424 1510 1464; x_wconf 88' lang='lat' dir='ltr'><strong>CCCXIV,</strong></span> <span class='ocrx_word' id='word_1_200' title='bbox 1546 1423 1581 1456; x_wconf 84' lang='lat'><strong>2·</strong></span> 
     </span>
     <span class='ocr_line' id='line_1_26' title="bbox 128 1468 1581 1512; baseline -0.003 -6"><span class='ocrx_word' id='word_1_201' title='bbox 128 1471 314 1512; x_wconf 87' lang='lat' dir='ltr'><strong>CCCXV,</strong></span> <span class='ocrx_word' id='word_1_202' title='bbox 341 1470 372 1503; x_wconf 87' lang='lat'><strong>2.</strong></span> <span class='ocrx_word' id='word_1_203' title='bbox 406 1471 606 1506; x_wconf 81' lang='lat' dir='ltr'><strong>CCCXVI.</strong></span> <span class='ocrx_word' id='word_1_204' title='bbox 639 1491 682 1495; x_wconf 97' lang='lat'><strong>—</strong></span> <span class='ocrx_word' id='word_1_205' title='bbox 728 1471 916 1506; x_wconf 77' lang='lat' dir='ltr'><strong>Fabatum.</strong></span> <span class='ocrx_word' id='word_1_206' title='bbox 955 1469 1018 1504; x_wconf 91' lang='lat' dir='ltr'><strong>Sic</strong></span> <span class='ocrx_word' id='word_1_207' title='bbox 1050 1470 1127 1503; x_wconf 86' lang='lat' dir='ltr'><strong>Md.</strong></span> <span class='ocrx_word' id='word_1_208' title='bbox 1160 1470 1254 1504; x_wconf 86' lang='lat' dir='ltr'><strong>cod.</strong></span> <span class='ocrx_word' id='word_1_209' title='bbox 1288 1469 1468 1504; x_wconf 87' lang='lat' dir='ltr'><strong>Tornaes.</strong></span> <span class='ocrx_word' id='word_1_210' title='bbox 1502 1468 1581 1502; x_wconf 81' lang='lat' dir='ltr'><strong>Alii</strong></span> 
     </span>
     <span class='ocr_line' id='line_1_27' title="bbox 128 1515 1579 1559; baseline -0.003 -6"><span class='ocrx_word' id='word_1_211' title='bbox 128 1518 219 1553; x_wconf 90' lang='lat' dir='ltr'><strong>Cdd.</strong></span> <span class='ocrx_word' id='word_1_212' title='bbox 246 1517 335 1550; x_wconf 87' lang='lat' dir='ltr'><strong>Bos.</strong></span> <span class='ocrx_word' id='word_1_213' title='bbox 363 1515 476 1559; x_wconf 85' lang='lat' dir='ltr'><strong>Seqq.</strong></span> <span class='ocrx_word' id='word_1_214' title='bbox 502 1517 657 1551; x_wconf 80' lang='lat' dir='ltr'><strong>Fabium</strong></span> <span class='ocrx_word' id='word_1_215' title='bbox 681 1519 766 1551; x_wconf 88' lang='lat' dir='ltr'><strong>Asc.</strong></span> <span class='ocrx_word' id='word_1_216' title='bbox 793 1520 823 1551; x_wconf 94' lang='lat' dir='ltr'><strong>l.</strong></span> <span class='ocrx_word' id='word_1_217' title='bbox 850 1517 951 1551; x_wconf 84' lang='lat' dir='ltr'><strong>Crat.</strong></span> <span class='ocrx_word' id='word_1_218' title='bbox 975 1515 1074 1551; x_wconf 89' lang='lat' dir='ltr'><strong>Vict.</strong></span> <span class='ocrx_word' id='word_1_219' title='bbox 1101 1518 1135 1550; x_wconf 93' lang='lat'><strong>1.</strong></span> <span class='ocrx_word' id='word_1_220' title='bbox 1160 1516 1192 1550; x_wconf 86' lang='lat'><strong>2.</strong></span> <span class='ocrx_word' id='word_1_221' title='bbox 1228 1515 1355 1550; x_wconf 90' lang='lat' dir='ltr'><strong>Lamb.</strong></span> <span class='ocrx_word' id='word_1_222' title='bbox 1384 1515 1579 1549; x_wconf 86' lang='lat' dir='ltr'><strong>ORELLI.</strong></span> 
     </span>
     <span class='ocr_line' id='line_1_28' title="bbox 127 1561 1581 1606; baseline -0.003 -8"><span class='ocrx_word' id='word_1_223' title='bbox 127 1565 171 1598; x_wconf 91' lang='lat' dir='ltr'><strong>L.</strong></span> <span class='ocrx_word' id='word_1_224' title='bbox 192 1562 354 1598; x_wconf 77' lang='lat' dir='ltr'><strong>Roscius</strong></span> <span class='ocrx_word' id='word_1_225' title='bbox 378 1563 539 1597; x_wconf 80' lang='lat' dir='ltr'><strong>Fabatus</strong></span> <span class='ocrx_word' id='word_1_226' title='bbox 565 1574 645 1597; x_wconf 88' lang='lat' dir='ltr'><strong>cum</strong></span> <span class='ocrx_word' id='word_1_227' title='bbox 669 1563 788 1597; x_wconf 87' lang='lat' dir='ltr'><strong>Lucio</strong></span> <span class='ocrx_word' id='word_1_228' title='bbox 814 1564 972 1597; x_wconf 83' lang='lat' dir='ltr'><strong>Caesare</strong></span> <span class='ocrx_word' id='word_1_229' title='bbox 997 1561 1233 1596; x_wconf 86' lang='lat' dir='ltr'><strong>conditiones</strong></span> <span class='ocrx_word' id='word_1_230' title='bbox 1256 1562 1360 1606; x_wconf 84' lang='lat' dir='ltr'><strong>pacis</strong></span> <span class='ocrx_word' id='word_1_231' title='bbox 1386 1561 1470 1595; x_wconf 86' lang='lat' dir='ltr'><strong>tulit</strong></span> <span class='ocrx_word' id='word_1_232' title='bbox 1495 1572 1516 1594; x_wconf 85' lang='lat' dir='ltr'><strong>a</strong></span> <span class='ocrx_word' id='word_1_233' title='bbox 1540 1562 1581 1595; x_wconf 85' lang='lat' dir='ltr'><strong>C.</strong></span> 
     </span>
     <span class='ocr_line' id='line_1_29' title="bbox 126 1607 1583 1653; baseline -0.004 -8"><span class='ocrx_word' id='word_1_234' title='bbox 126 1611 295 1645; x_wconf 85' lang='lat' dir='ltr'><strong>Caesare.</strong></span> <span class='ocrx_word' id='word_1_235' title='bbox 337 1608 423 1643; x_wconf 79' lang='lat' dir='ltr'><strong>vid.</strong></span> <span class='ocrx_word' id='word_1_236' title='bbox 449 1608 495 1642; x_wconf 87' lang='lat' dir='ltr'><strong>ad</strong></span> <span class='ocrx_word' id='word_1_237' title='bbox 513 1609 644 1643; x_wconf 87' lang='lat' dir='ltr'><strong>Famil.</strong></span> <span class='ocrx_word' id='word_1_238' title='bbox 668 1611 717 1653; x_wconf 92' lang='lat' dir='ltr'><strong>X,</strong></span> <span class='ocrx_word' id='word_1_239' title='bbox 742 1611 796 1644; x_wconf 81' lang='lat'><strong>33.</strong></span> <span class='ocrx_word' id='word_1_240' title='bbox 835 1607 984 1642; x_wconf 83' lang='lat' dir='ltr'><strong>Interiit</strong></span> <span class='ocrx_word' id='word_1_241' title='bbox 1007 1608 1044 1642; x_wconf 89' lang='lat' dir='ltr'><strong>in</strong></span> <span class='ocrx_word' id='word_1_242' title='bbox 1068 1608 1218 1653; x_wconf 89' lang='lat' dir='ltr'><strong>proelio</strong></span> <span class='ocrx_word' id='word_1_243' title='bbox 1244 1607 1463 1650; x_wconf 77' lang='lat' dir='ltr'><strong>Mutinensi,</strong></span> <span class='ocrx_word' id='word_1_244' title='bbox 1488 1607 1583 1640; x_wconf 88' lang='lat' dir='ltr'><strong>duce</strong></span> 
     </span>
     <span class='ocr_line' id='line_1_30' title="bbox 126 1653 1580 1699; baseline -0.003 -8"><span class='ocrx_word' id='word_1_245' title='bbox 126 1658 270 1698; x_wconf 90' lang='lat' dir='ltr'><strong>Pansa,</strong></span> <span class='ocrx_word' id='word_1_246' title='bbox 305 1655 409 1688; x_wconf 86' lang='lat' dir='ltr'><strong>cuius</strong></span> <span class='ocrx_word' id='word_1_247' title='bbox 434 1655 580 1699; x_wconf 82' lang='lat' dir='ltr'><strong>legatus</strong></span> <span class='ocrx_word' id='word_1_248' title='bbox 604 1662 695 1689; x_wconf 88' lang='lat' dir='ltr'><strong>erat.</strong></span> <span class='ocrx_word' id='word_1_249' title='bbox 732 1674 774 1680; x_wconf 96' lang='lat'><strong>—</strong></span> <span class='ocrx_word' id='word_1_250' title='bbox 821 1656 991 1697; x_wconf 72' lang='lat' dir='ltr'><strong>deferret.</strong></span> <span class='ocrx_word' id='word_1_251' title='bbox 1027 1653 1066 1688; x_wconf 89' lang='lat' dir='ltr'><strong>S.</strong></span> <span class='ocrx_word' id='word_1_252' title='bbox 1092 1666 1150 1698; x_wconf 87' lang='lat' dir='ltr'><strong>ep.</strong></span> <span class='ocrx_word' id='word_1_253' title='bbox 1170 1654 1448 1697; x_wconf 87' lang='lat' dir='ltr'><strong>CCCXXXIV,</strong></span> <span class='ocrx_word' id='word_1_254' title='bbox 1474 1654 1522 1688; x_wconf 92' lang='lat' dir='ltr'><strong>D.</strong></span> <span class='ocrx_word' id='word_1_255' title='bbox 1549 1655 1580 1687; x_wconf 90' lang='lat'><strong>7.</strong></span> 
     </span>
    </p>
   </div>
   <div class='ocr_carea' id='block_1_8' title="bbox 127 1709 1587 2772">
    <p class='ocr_par' dir='ltr' id='par_1_8' title="bbox 127 1709 1583 1887">
     <span class='ocr_line' id='line_1_31' title="bbox 216 1709 1582 1755; baseline -0.004 -7"><span class='ocrx_word' id='word_1_256' title='bbox 216 1715 250 1749; x_wconf 83' lang='lat'><strong>3.</strong></span> <span class='ocrx_word' id='word_1_257' title='bbox 284 1712 306 1754; x_wconf 68' lang='grc' dir='ltr'><strong>-ξ-</strong></span> <span class='ocrx_word' id='word_1_258' title='bbox 332 1712 617 1747; x_wconf 76' lang='lat' dir='ltr'><strong>deliberationis.</strong></span> <span class='ocrx_word' id='word_1_259' title='bbox 664 1712 724 1746; x_wconf 89' lang='lat' dir='ltr'><strong>De</strong></span> <span class='ocrx_word' id='word_1_260' title='bbox 758 1712 827 1745; x_wconf 88' lang='lat' dir='ltr'><strong>hac</strong></span> <span class='ocrx_word' id='word_1_261' title='bbox 852 1723 1001 1755; x_wconf 85' lang='lat' dir='ltr'><strong>quoque</strong></span> <span class='ocrx_word' id='word_1_262' title='bbox 1025 1711 1226 1744; x_wconf 84' lang='lat' dir='ltr'><strong>Latinitate</strong></span> <span class='ocrx_word' id='word_1_263' title='bbox 1252 1711 1491 1744; x_wconf 80' lang='lat' dir='ltr'><strong>vehementer</strong></span> <span class='ocrx_word' id='word_1_264' title='bbox 1515 1709 1582 1743; x_wconf 90' lang='lat' dir='ltr'><strong>du-</strong></span> 
     </span>
     <span class='ocr_line' id='line_1_32' title="bbox 129 1757 1582 1802; baseline -0.004 -8"><span class='ocrx_word' id='word_1_265' title='bbox 129 1759 219 1794; x_wconf 88' lang='lat' dir='ltr'><strong>bito.</strong></span> <span class='ocrx_word' id='word_1_266' title='bbox 258 1759 380 1802; x_wconf 67' lang='lat' dir='ltr'><strong>Lego:</strong></span> <span class='ocrx_word' id='word_1_267' title='bbox 413 1759 481 1792; x_wconf 76' lang='lat' dir='ltr'><strong>etsi</strong></span> <span class='ocrx_word' id='word_1_268' title='bbox 505 1763 584 1793; x_wconf 84' lang='lat' dir='ltr'><strong>erat</strong></span> <span class='ocrx_word' id='word_1_269' title='bbox 608 1759 823 1793; x_wconf 78' lang='lat' dir='ltr'><strong>deliberatio</strong></span> <span class='ocrx_word' id='word_1_270' title='bbox 847 1758 976 1791; x_wconf 80' lang='lat' dir='ltr'><strong>omnis.</strong></span> <span class='ocrx_word' id='word_1_271' title='bbox 1021 1757 1143 1801; x_wconf 84' lang='lat' dir='ltr'><strong>Supra</strong></span> <span class='ocrx_word' id='word_1_272' title='bbox 1166 1759 1200 1798; x_wconf 77' lang='lat'><strong>8,</strong></span> <span class='ocrx_word' id='word_1_273' title='bbox 1225 1759 1259 1796; x_wconf 86' lang='lat'><strong>3,</strong></span> <span class='ocrx_word' id='word_1_274' title='bbox 1285 1759 1322 1791; x_wconf 90' lang='lat' dir='ltr'><strong>l:</strong></span> <span class='ocrx_word' id='word_1_275' title='bbox 1354 1757 1582 1790; x_wconf 77' lang='lat' dir='ltr'><strong>Deliberatio</strong></span> 
     </span>
     <span class='ocr_line' id='line_1_33' title="bbox 128 1802 1583 1848; baseline -0.003 -8"><span class='ocrx_word' id='word_1_276' title='bbox 128 1810 244 1840; x_wconf 83' lang='lat' dir='ltr'><strong>autem</strong></span> <span class='ocrx_word' id='word_1_277' title='bbox 270 1805 387 1838; x_wconf 78' lang='lat' dir='ltr'><strong>omnis</strong></span> <span class='ocrx_word' id='word_1_278' title='bbox 410 1804 497 1838; x_wconf 74' lang='lat' dir='ltr'><strong>llaec</strong></span> <span class='ocrx_word' id='word_1_279' title='bbox 520 1809 582 1839; x_wconf 79' lang='lat' dir='ltr'><strong>est.</strong></span> <span class='ocrx_word' id='word_1_280' title='bbox 610 1804 803 1839; x_wconf 85' lang='lat' dir='ltr'><strong>ORELLI.</strong></span> <span class='ocrx_word' id='word_1_281' title='bbox 837 1822 879 1828; x_wconf 94' lang='lat'><strong>-—</strong></span> <span class='ocrx_word' id='word_1_282' title='bbox 924 1804 1108 1848; x_wconf 72' lang='lat' dir='ltr'><strong>suspicari</strong></span> <span class='ocrx_word' id='word_1_283' title='bbox 1131 1803 1211 1837; x_wconf 87' lang='lat' dir='ltr'><strong>scil.</strong></span> <span class='ocrx_word' id='word_1_284' title='bbox 1237 1802 1457 1848; x_wconf 86' lang='lat' dir='ltr'><strong>Pompeium</strong></span> <span class='ocrx_word' id='word_1_285' title='bbox 1480 1813 1583 1836; x_wconf 82' lang='lat' dir='ltr'><strong>mare</strong></span> 
     </span>
     <span class='ocr_line' id='line_1_34' title="bbox 127 1860 488 1887; baseline -0.006 0"><span class='ocrx_word' id='word_1_286' title='bbox 127 1860 366 1887; x_wconf 73' lang='lat' dir='ltr'><strong>transnturum</strong></span> <span class='ocrx_word' id='word_1_287' title='bbox 392 1861 488 1885; x_wconf 78' lang='lat' dir='ltr'><strong>esse.</strong></span> 
     </span>
    </p>

    <p class='ocr_par' dir='ltr' id='par_1_9' title="bbox 130 1892 1585 2540">
     <span class='ocr_line' id='line_1_35' title="bbox 217 1892 1583 1941; baseline -0.003 -10"><span class='ocrx_word' id='word_1_288' title='bbox 217 1898 250 1931; x_wconf 80' lang='lat'><strong>4.</strong></span> <span class='ocrx_word' id='word_1_289' title='bbox 283 1897 412 1930; x_wconf 76' lang='lat' dir='ltr'><strong>deinde</strong></span> <span class='ocrx_word' id='word_1_290' title='bbox 437 1921 447 1930; x_wconf 89' lang='lat'><strong>.</strong></span> <span class='ocrx_word' id='word_1_291' title='bbox 465 1921 474 1930; x_wconf 87' lang='lat'><strong>.</strong></span> <span class='ocrx_word' id='word_1_292' title='bbox 497 1922 504 1930; x_wconf 97' lang='lat'><strong>.</strong></span> <span class='ocrx_word' id='word_1_293' title='bbox 528 1896 735 1940; x_wconf 79' lang='lat' dir='ltr'><strong>prospicias</strong></span> <span class='ocrx_word' id='word_1_294' title='bbox 758 1898 967 1941; x_wconf 73' lang='lat' dir='ltr'><strong>fingasque,</strong></span> <span class='ocrx_word' id='word_1_295' title='bbox 1000 1896 1114 1936; x_wconf 88' lang='lat' dir='ltr'><strong>dann,</strong></span> <span class='ocrx_word' id='word_1_296' title='bbox 1148 1895 1232 1929; x_wconf 86' lang='lat' dir='ltr'><strong>dass</strong></span> <span class='ocrx_word' id='word_1_297' title='bbox 1258 1895 1319 1929; x_wconf 92' lang='lat' dir='ltr'><strong>Du</strong></span> <span class='ocrx_word' id='word_1_298' title='bbox 1355 1892 1464 1928; x_wconf 84' lang='lat' dir='ltr'><strong>dabei</strong></span> <span class='ocrx_word' id='word_1_299' title='bbox 1487 1894 1583 1928; x_wconf 84' lang='lat' dir='ltr'><strong>auch</strong></span> 
     </span>
     <span class='ocr_line' id='line_1_36' title="bbox 130 1940 1581 1977; baseline -0.003 0"><span class='ocrx_word' id='word_1_300' title='bbox 130 1943 237 1977; x_wconf 82' lang='lat' dir='ltr'><strong>einen</strong></span> <span class='ocrx_word' id='word_1_301' title='bbox 264 1943 373 1977; x_wconf 85' lang='lat' dir='ltr'><strong>Blick</strong></span> <span class='ocrx_word' id='word_1_302' title='bbox 407 1942 445 1976; x_wconf 87' lang='lat' dir='ltr'><strong>in</strong></span> <span class='ocrx_word' id='word_1_303' title='bbox 481 1942 542 1977; x_wconf 88' lang='lat' dir='ltr'><strong>die</strong></span> <span class='ocrx_word' id='word_1_304' title='bbox 568 1943 729 1977; x_wconf 82' lang='lat' dir='ltr'><strong>Zukunft</strong></span> <span class='ocrx_word' id='word_1_305' title='bbox 760 1945 900 1976; x_wconf 75' lang='lat' dir='ltr'><strong>werten</strong></span> <span class='ocrx_word' id='word_1_306' title='bbox 935 1942 1008 1976; x_wconf 91' lang='lat' dir='ltr'><strong>und</strong></span> <span class='ocrx_word' id='word_1_307' title='bbox 1040 1942 1250 1976; x_wconf 77' lang='lat' dir='ltr'><strong>ausdenken</strong></span> <span class='ocrx_word' id='word_1_308' title='bbox 1285 1941 1359 1975; x_wconf 90' lang='lat' dir='ltr'><strong>und</strong></span> <span class='ocrx_word' id='word_1_309' title='bbox 1385 1940 1581 1974; x_wconf 85' lang='lat' dir='ltr'><strong>vorbilden</strong></span> 
     </span>
     <span class='ocr_line' id='line_1_37' title="bbox 130 1987 1581 2034; baseline -0.003 -11"><span class='ocrx_word' id='word_1_310' title='bbox 130 1993 285 2034; x_wconf 73' lang='lat' dir='ltr'><strong>mogest.</strong></span> <span class='ocrx_word' id='word_1_311' title='bbox 334 1989 495 2031; x_wconf 80' lang='lat' dir='ltr'><strong>Fingere</strong></span> <span class='ocrx_word' id='word_1_312' title='bbox 531 1989 698 2023; x_wconf 86' lang='lat' dir='ltr'><strong>entlehnt</strong></span> <span class='ocrx_word' id='word_1_313' title='bbox 726 2000 810 2023; x_wconf 85' lang='lat' dir='ltr'><strong>vom</strong></span> <span class='ocrx_word' id='word_1_314' title='bbox 842 1990 1042 2022; x_wconf 85' lang='lat' dir='ltr'><strong>Zustutzen</strong></span> <span class='ocrx_word' id='word_1_315' title='bbox 1084 1989 1186 2022; x_wconf 87' lang='lat' dir='ltr'><strong>eines</strong></span> <span class='ocrx_word' id='word_1_316' title='bbox 1226 1987 1363 2031; x_wconf 77' lang='lat' dir='ltr'><strong>iungen</strong></span> <span class='ocrx_word' id='word_1_317' title='bbox 1397 1987 1581 2028; x_wconf 81' lang='lat' dir='ltr'><strong>Redners,</strong></span> 
     </span>
     <span class='ocr_line' id='line_1_38' title="bbox 130 2033 1583 2075; baseline -0.003 -6"><span class='ocrx_word' id='word_1_318' title='bbox 130 2037 212 2070; x_wconf 88' lang='lat' dir='ltr'><strong>dem</strong></span> <span class='ocrx_word' id='word_1_319' title='bbox 238 2047 317 2069; x_wconf 86' lang='lat' dir='ltr'><strong>man</strong></span> <span class='ocrx_word' id='word_1_320' title='bbox 345 2037 481 2069; x_wconf 66' lang='lat' dir='ltr'><strong>Ges-ten</strong></span> <span class='ocrx_word' id='word_1_321' title='bbox 508 2047 540 2069; x_wconf 89' lang='lat' dir='ltr'><strong>u.</strong></span> <span class='ocrx_word' id='word_1_322' title='bbox 567 2046 595 2069; x_wconf 86' lang='lat' dir='ltr'><strong>s.</strong></span> <span class='ocrx_word' id='word_1_323' title='bbox 620 2047 665 2069; x_wconf 92' lang='lat' dir='ltr'><strong>w.</strong></span> <span class='ocrx_word' id='word_1_324' title='bbox 690 2035 893 2069; x_wconf 85' lang='lat' dir='ltr'><strong>vormacht.</strong></span> <span class='ocrx_word' id='word_1_325' title='bbox 918 2055 960 2060; x_wconf 92' lang='lat'>—</span> <span class='ocrx_word' id='word_1_326' title='bbox 999 2035 1059 2068; x_wconf 76' lang='lat' dir='ltr'><strong>ubi</strong></span> <span class='ocrx_word' id='word_1_327' title='bbox 1081 2046 1127 2067; x_wconf 89' lang='lat'>=</span> <span class='ocrx_word' id='word_1_328' title='bbox 1151 2033 1342 2067; x_wconf 81' lang='lat' dir='ltr'><strong>wodurch.</strong></span> <span class='ocrx_word' id='word_1_329' title='bbox 1370 2052 1410 2057; x_wconf 90' lang='lat'><strong>—</strong></span> <span class='ocrx_word' id='word_1_330' title='bbox 1454 2043 1583 2075; x_wconf 76' lang='lat' dir='ltr'><strong>ecquae</strong></span> 
     </span>
     <span class='ocr_line' id='line_1_39' title="bbox 131 2079 1582 2126; baseline -0.003 -10"><span class='ocrx_word' id='word_1_331' title='bbox 131 2083 274 2125; x_wconf 88' lang='lat' dir='ltr'><strong>(Lamb.</strong></span> <span class='ocrx_word' id='word_1_332' title='bbox 301 2082 387 2116; x_wconf 78' lang='lat' dir='ltr'><strong>Sch.</strong></span> <span class='ocrx_word' id='word_1_333' title='bbox 414 2086 538 2126; x_wconf 79' lang='lat' dir='ltr'><strong>ecqua)</strong></span> <span class='ocrx_word' id='word_1_334' title='bbox 570 2082 725 2126; x_wconf 78' lang='lat' dir='ltr'><strong>pacifica.</strong></span> <span class='ocrx_word' id='word_1_335' title='bbox 757 2092 855 2125; x_wconf 76' lang='lat' dir='ltr'><strong>pers.</strong></span> <span class='ocrx_word' id='word_1_336' title='bbox 888 2081 1023 2117; x_wconf 76' lang='lat' dir='ltr'><strong>desid..</strong></span> <span class='ocrx_word' id='word_1_337' title='bbox 1069 2081 1116 2113; x_wconf 88' lang='lat' dir='ltr'><strong>ob</strong></span> <span class='ocrx_word' id='word_1_338' title='bbox 1149 2091 1230 2113; x_wconf 81' lang='lat' dir='ltr'><strong>inan</strong></span> <span class='ocrx_word' id='word_1_339' title='bbox 1254 2080 1315 2113; x_wconf 90' lang='lat' dir='ltr'><strong>die</strong></span> <span class='ocrx_word' id='word_1_340' title='bbox 1340 2079 1452 2113; x_wconf 85' lang='lat' dir='ltr'><strong>Rolle</strong></span> <span class='ocrx_word' id='word_1_341' title='bbox 1478 2079 1582 2112; x_wconf 81' lang='lat' dir='ltr'><strong>eines</strong></span> 
     </span>
     <span class='ocr_line' id='line_1_40' title="bbox 130 2123 1584 2171; baseline -0.003 -9"><span class='ocrx_word' id='word_1_342' title='bbox 130 2129 452 2171; x_wconf 78' lang='lat' dir='ltr'><strong>Friedensstifters</strong></span> <span class='ocrx_word' id='word_1_343' title='bbox 485 2128 581 2161; x_wconf 87' lang='lat' dir='ltr'><strong>noch</strong></span> <span class='ocrx_word' id='word_1_344' title='bbox 614 2128 801 2161; x_wconf 86' lang='lat' dir='ltr'><strong>brauchen</strong></span> <span class='ocrx_word' id='word_1_345' title='bbox 832 2128 967 2161; x_wconf 63' lang='lat' dir='ltr'><strong>kenne.</strong></span> <span class='ocrx_word' id='word_1_346' title='bbox 1015 2127 1144 2160; x_wconf 84' lang='lat' dir='ltr'><strong>Utrum</strong></span> <span class='ocrx_word' id='word_1_347' title='bbox 1171 2137 1228 2160; x_wconf 88' lang='lat' dir='ltr'><strong>me</strong></span> <span class='ocrx_word' id='word_1_348' title='bbox 1253 2126 1383 2159; x_wconf 82' lang='lat' dir='ltr'><strong>deceat</strong></span> <span class='ocrx_word' id='word_1_349' title='bbox 1414 2125 1452 2159; x_wconf 90' lang='lat' dir='ltr'><strong>in</strong></span> <span class='ocrx_word' id='word_1_350' title='bbox 1476 2123 1584 2158; x_wconf 85' lang='lat' dir='ltr'><strong>Italia</strong></span> 
     </span>
     <span class='ocr_line' id='line_1_41' title="bbox 131 2171 1583 2219; baseline -0.003 -11"><span class='ocrx_word' id='word_1_351' title='bbox 131 2186 340 2216; x_wconf 82' lang='lat' dir='ltr'><strong>remanere,</strong></span> <span class='ocrx_word' id='word_1_352' title='bbox 386 2174 485 2217; x_wconf 84' lang='lat' dir='ltr'><strong>quod</strong></span> <span class='ocrx_word' id='word_1_353' title='bbox 516 2173 707 2219; x_wconf 80' lang='lat' dir='ltr'><strong>pacificam</strong></span> <span class='ocrx_word' id='word_1_354' title='bbox 738 2172 905 2216; x_wconf 84' lang='lat' dir='ltr'><strong>aliquami</strong></span> <span class='ocrx_word' id='word_1_355' title='bbox 924 2184 1117 2218; x_wconf 83' lang='lat' dir='ltr'><strong>personam</strong></span> <span class='ocrx_word' id='word_1_356' title='bbox 1156 2183 1217 2206; x_wconf 85' lang='lat' dir='ltr'><strong>res</strong></span> <span class='ocrx_word' id='word_1_357' title='bbox 1241 2172 1391 2217; x_wconf 86' lang='lat' dir='ltr'><strong>publica</strong></span> <span class='ocrx_word' id='word_1_358' title='bbox 1415 2171 1583 2205; x_wconf 83' lang='lat' dir='ltr'><strong>videatur</strong></span> 
     </span>
     <span class='ocr_line' id='line_1_42' title="bbox 132 2217 1583 2263; baseline -0.004 -8"><span class='ocrx_word' id='word_1_359' title='bbox 132 2221 361 2263; x_wconf 80' lang='lat' dir='ltr'><strong>desiderare,</strong></span> <span class='ocrx_word' id='word_1_360' title='bbox 389 2221 493 2254; x_wconf 88' lang='lat' dir='ltr'><strong>cuius</strong></span> <span class='ocrx_word' id='word_1_361' title='bbox 518 2220 740 2254; x_wconf 79' lang='lat' dir='ltr'><strong>anctoritate</strong></span> <span class='ocrx_word' id='word_1_362' title='bbox 766 2220 1059 2253; x_wconf 72' lang='lat' dir='ltr'><strong>imm-Caesarem</strong></span> <span class='ocrx_word' id='word_1_363' title='bbox 1085 2219 1346 2263; x_wconf 86' lang='lat' dir='ltr'><strong>etPompeium</strong></span> <span class='ocrx_word' id='word_1_364' title='bbox 1373 2217 1583 2251; x_wconf 83' lang='lat' dir='ltr'><strong>discordiae</strong></span> 
     </span>
     <span class='ocr_line' id='line_1_43' title="bbox 133 2264 1584 2310; baseline -0.003 -10"><span class='ocrx_word' id='word_1_365' title='bbox 133 2267 325 2308; x_wconf 84' lang='lat' dir='ltr'><strong>sedentu1·‚·</strong></span> <span class='ocrx_word' id='word_1_366' title='bbox 373 2267 473 2310; x_wconf 87' lang='lat' dir='ltr'><strong>quod</strong></span> <span class='ocrx_word' id='word_1_367' title='bbox 507 2267 606 2301; x_wconf 78' lang='lat' dir='ltr'><strong>effici</strong></span> <span class='ocrx_word' id='word_1_368' title='bbox 640 2277 713 2299; x_wconf 94' lang='lat' dir='ltr'><strong>non</strong></span> <span class='ocrx_word' id='word_1_369' title='bbox 744 2266 815 2299; x_wconf 90' lang='lat' dir='ltr'><strong>nisi</strong></span> <span class='ocrx_word' id='word_1_370' title='bbox 848 2266 893 2299; x_wconf 89' lang='lat' dir='ltr'><strong>ab</strong></span> <span class='ocrx_word' id='word_1_371' title='bbox 926 2277 970 2299; x_wconf 88' lang='lat' dir='ltr'><strong>eo</strong></span> <span class='ocrx_word' id='word_1_372' title='bbox 1004 2270 1149 2309; x_wconf 82' lang='lat' dir='ltr'><strong>potest,</strong></span> <span class='ocrx_word' id='word_1_373' title='bbox 1190 2276 1296 2308; x_wconf 87' lang='lat' dir='ltr'><strong>quem</strong></span> <span class='ocrx_word' id='word_1_374' title='bbox 1329 2264 1400 2298; x_wconf 83' lang='lat' dir='ltr'><strong>sibi</strong></span> <span class='ocrx_word' id='word_1_375' title='bbox 1427 2270 1584 2305; x_wconf 83' lang='lat' dir='ltr'><strong>uterque</strong></span> 
     </span>
     <span class='ocr_line' id='line_1_44' title="bbox 135 2307 1584 2357; baseline -0.003 -12"><span class='ocrx_word' id='word_1_376' title='bbox 135 2320 239 2357; x_wconf 84' lang='lat' dir='ltr'><strong>putet</strong></span> <span class='ocrx_word' id='word_1_377' title='bbox 263 2325 346 2347; x_wconf 84' lang='lat' dir='ltr'><strong>esse</strong></span> <span class='ocrx_word' id='word_1_378' title='bbox 370 2313 648 2355; x_wconf 85' lang='lat' dir='ltr'><strong>amicissimum,</strong></span> <span class='ocrx_word' id='word_1_379' title='bbox 682 2323 791 2355; x_wconf 85' lang='lat' dir='ltr'><strong>quem</strong></span> <span class='ocrx_word' id='word_1_380' title='bbox 818 2323 887 2355; x_wconf 82' lang='lat' dir='ltr'><strong>ego</strong></span> <span class='ocrx_word' id='word_1_381' title='bbox 910 2323 966 2345; x_wconf 91' lang='lat' dir='ltr'><strong>me</strong></span> <span class='ocrx_word' id='word_1_382' title='bbox 993 2312 1088 2345; x_wconf 90' lang='lat' dir='ltr'><strong>duco</strong></span> <span class='ocrx_word' id='word_1_383' title='bbox 1113 2322 1216 2351; x_wconf 89' lang='lat' dir='ltr'><strong>esse;</strong></span> <span class='ocrx_word' id='word_1_384' title='bbox 1243 2322 1351 2354; x_wconf 84' lang='lat' dir='ltr'><strong>quum</strong></span> <span class='ocrx_word' id='word_1_385' title='bbox 1367 2310 1484 2343; x_wconf 89' lang='lat' dir='ltr'><strong>adhuc</strong></span> <span class='ocrx_word' id='word_1_386' title='bbox 1501 2307 1584 2351; x_wconf 87' lang='lat' dir='ltr'><strong>qui-</strong></span> 
     </span>
     <span class='ocr_line' id='line_1_45' title="bbox 135 2353 1583 2404; baseline -0.004 -12"><span class='ocrx_word' id='word_1_387' title='bbox 135 2359 217 2392; x_wconf 86' lang='lat' dir='ltr'><strong>dem</strong></span> <span class='ocrx_word' id='word_1_388' title='bbox 252 2367 418 2393; x_wconf 81' lang='lat' dir='ltr'><strong>neutram</strong></span> <span class='ocrx_word' id='word_1_389' title='bbox 449 2359 487 2393; x_wconf 90' lang='lat' dir='ltr'><strong>in</strong></span> <span class='ocrx_word' id='word_1_390' title='bbox 519 2365 659 2404; x_wconf 88' lang='lat' dir='ltr'><strong>partem</strong></span> <span class='ocrx_word' id='word_1_391' title='bbox 690 2358 923 2403; x_wconf 82' lang='lat' dir='ltr'><strong>peccaverim</strong></span> <span class='ocrx_word' id='word_1_392' title='bbox 955 2360 1009 2400; x_wconf 86' lang='lat' dir='ltr'><strong>(ut</strong></span> <span class='ocrx_word' id='word_1_393' title='bbox 1034 2357 1205 2402; x_wconf 83' lang='lat' dir='ltr'><strong>proxime</strong></span> <span class='ocrx_word' id='word_1_394' title='bbox 1230 2356 1428 2397; x_wconf 58' lang='lat' dir='ltr'><strong>ostendim:</strong></span> <span class='ocrx_word' id='word_1_395' title='bbox 1468 2365 1511 2388; x_wconf 86' lang='lat' dir='ltr'><strong>an</strong></span> <span class='ocrx_word' id='word_1_396' title='bbox 1537 2353 1583 2387; x_wconf 89' lang='lat' dir='ltr'><strong>ad</strong></span> 
     </span>
     <span class='ocr_line' id='line_1_46' title="bbox 135 2401 1585 2449; baseline -0.006 -10"><span class='ocrx_word' id='word_1_397' title='bbox 135 2405 271 2439; x_wconf 83' lang='lat' dir='ltr'><strong>bellum</strong></span> <span class='ocrx_word' id='word_1_398' title='bbox 298 2405 503 2449; x_wconf 85' lang='lat' dir='ltr'><strong>proficisci,</strong></span> <span class='ocrx_word' id='word_1_399' title='bbox 537 2405 636 2448; x_wconf 87' lang='lat' dir='ltr'><strong>quod</strong></span> <span class='ocrx_word' id='word_1_400' title='bbox 660 2405 815 2449; x_wconf 81' lang='lat' dir='ltr'><strong>pacifica</strong></span> <span class='ocrx_word' id='word_1_401' title='bbox 839 2415 999 2448; x_wconf 84' lang='lat' dir='ltr'><strong>persona</strong></span> <span class='ocrx_word' id='word_1_402' title='bbox 1023 2403 1077 2437; x_wconf 88' lang='lat' dir='ltr'><strong>rei</strong></span> <span class='ocrx_word' id='word_1_403' title='bbox 1095 2404 1266 2448; x_wconf 88' lang='lat' dir='ltr'><strong>publicae</strong></span> <span class='ocrx_word' id='word_1_404' title='bbox 1283 2402 1397 2444; x_wconf 84' lang='lat' dir='ltr'><strong>nihil,</strong></span> <span class='ocrx_word' id='word_1_405' title='bbox 1424 2401 1585 2434; x_wconf 89' lang='lat' dir='ltr'><strong>bellator</strong></span> 
     </span>
     <span class='ocr_line' id='line_1_47' title="bbox 135 2445 1585 2496; baseline -0.003 -13"><span class='ocrx_word' id='word_1_406' title='bbox 135 2450 314 2495; x_wconf 78' lang='lat' dir='ltr'><strong>prodesse</strong></span> <span class='ocrx_word' id='word_1_407' title='bbox 339 2451 535 2495; x_wconf 81' lang='lat' dir='ltr'><strong>plurimum</strong></span> <span class='ocrx_word' id='word_1_408' title='bbox 560 2451 692 2496; x_wconf 86' lang='lat' dir='ltr'><strong>possit.</strong></span> <span class='ocrx_word' id='word_1_409' title='bbox 716 2450 924 2486; x_wconf 80' lang='lat' dir='ltr'><strong>MANUT.</strong></span> <span class='ocrx_word' id='word_1_410' title='bbox 947 2469 991 2474; x_wconf 92' lang='lat'>—</span> <span class='ocrx_word' id='word_1_411' title='bbox 1024 2461 1070 2483; x_wconf 84' lang='lat' dir='ltr'><strong>an</strong></span> <span class='ocrx_word' id='word_1_412' title='bbox 1094 2450 1133 2483; x_wconf 76' lang='lat' dir='ltr'><strong>in</strong></span> <span class='ocrx_word' id='word_1_413' title='bbox 1158 2451 1278 2483; x_wconf 80' lang='lat' dir='ltr'><strong>bellat.</strong></span> <span class='ocrx_word' id='word_1_414' title='bbox 1302 2459 1331 2482; x_wconf 76' lang='lat' dir='ltr'><strong>s.</strong></span> <span class='ocrx_word' id='word_1_415' title='bbox 1357 2458 1470 2489; x_wconf 60' lang='lat' dir='ltr'><strong>omn„</strong></span> <span class='ocrx_word' id='word_1_416' title='bbox 1493 2445 1585 2479; x_wconf 87' lang='lat' dir='ltr'><strong>oder</strong></span> 
     </span>
     <span class='ocr_line' id='line_1_48' title="bbox 136 2495 1231 2540; baseline -0.001 -10"><span class='ocrx_word' id='word_1_417' title='bbox 136 2498 183 2530; x_wconf 90' lang='lat' dir='ltr'><strong>ob</strong></span> <span class='ocrx_word' id='word_1_418' title='bbox 208 2498 312 2531; x_wconf 84' lang='lat' dir='ltr'><strong>Alles</strong></span> <span class='ocrx_word' id='word_1_419' title='bbox 336 2498 400 2529; x_wconf 82' lang='lat' dir='ltr'><strong>aut</strong></span> <span class='ocrx_word' id='word_1_420' title='bbox 420 2497 701 2540; x_wconf 86' lang='lat' dir='ltr'><strong>Entscheidung</strong></span> <span class='ocrx_word' id='word_1_421' title='bbox 725 2497 842 2531; x_wconf 88' lang='lat' dir='ltr'><strong>durch</strong></span> <span class='ocrx_word' id='word_1_422' title='bbox 867 2496 1043 2531; x_wconf 80' lang='lat' dir='ltr'><strong>Soldaten</strong></span> <span class='ocrx_word' id='word_1_423' title='bbox 1068 2495 1231 2530; x_wconf 65' lang='lat' dir='ltr'><strong>beruhe?</strong></span> 
     </span>
    </p>

    <p class='ocr_par' dir='ltr' id='par_1_10' title="bbox 136 2536 1587 2772">
     <span class='ocr_line' id='line_1_49' title="bbox 224 2536 1585 2586; baseline -0.006 -9"><span class='ocrx_word' id='word_1_424' title='bbox 224 2544 257 2577; x_wconf 89' lang='grc'><strong>5.</strong></span> <span class='ocrx_word' id='word_1_425' title='bbox 289 2543 511 2586; x_wconf 77' lang='lat' dir='ltr'><strong>paruissem,</strong></span> <span class='ocrx_word' id='word_1_426' title='bbox 544 2543 702 2576; x_wconf 73' lang='lat' dir='ltr'><strong>namlich</strong></span> <span class='ocrx_word' id='word_1_427' title='bbox 727 2555 796 2577; x_wconf 79' lang='lat' dir='ltr'><strong>vor</strong></span> <span class='ocrx_word' id='word_1_428' title='bbox 820 2544 942 2577; x_wconf 84' lang='lat' dir='ltr'><strong>seiner</strong></span> <span class='ocrx_word' id='word_1_429' title='bbox 967 2543 1239 2584; x_wconf 76' lang='lat' dir='ltr'><strong>Verbannung,</strong></span> <span class='ocrx_word' id='word_1_430' title='bbox 1261 2551 1320 2573; x_wconf 78' lang='lat' dir='ltr'><strong>wo</strong></span> <span class='ocrx_word' id='word_1_431' title='bbox 1346 2537 1496 2572; x_wconf 80' lang='lat' dir='ltr'><strong>Attikus</strong></span> <span class='ocrx_word' id='word_1_432' title='bbox 1522 2536 1585 2570; x_wconf 81' lang='lat' dir='ltr'><strong>ihn</strong></span> 
     </span>
     <span class='ocr_line' id='line_1_50' title="bbox 136 2584 1583 2631; baseline -0.006 -8"><span class='ocrx_word' id='word_1_433' title='bbox 136 2590 303 2623; x_wconf 80' lang='lat' dir='ltr'><strong>crmabnt</strong></span> <span class='ocrx_word' id='word_1_434' title='bbox 330 2590 450 2631; x_wconf 80' lang='lat' dir='ltr'><strong>hatte,</strong></span> <span class='ocrx_word' id='word_1_435' title='bbox 476 2590 553 2621; x_wconf 83' lang='lat' dir='ltr'><strong>sich</strong></span> <span class='ocrx_word' id='word_1_436' title='bbox 579 2589 675 2622; x_wconf 86' lang='lat' dir='ltr'><strong>doch</strong></span> <span class='ocrx_word' id='word_1_437' title='bbox 699 2590 734 2623; x_wconf 87' lang='lat' dir='ltr'><strong>ia</strong></span> <span class='ocrx_word' id='word_1_438' title='bbox 757 2590 857 2622; x_wconf 86' lang='lat' dir='ltr'><strong>nicht</strong></span> <span class='ocrx_word' id='word_1_439' title='bbox 882 2590 951 2622; x_wconf 85' lang='lat' dir='ltr'><strong>‹len</strong></span> <span class='ocrx_word' id='word_1_440' title='bbox 967 2590 1079 2623; x_wconf 72' lang='lat' dir='ltr'><strong>Casar</strong></span> <span class='ocrx_word' id='word_1_441' title='bbox 1104 2599 1183 2621; x_wconf 84' lang='lat' dir='ltr'><strong>zum</strong></span> <span class='ocrx_word' id='word_1_442' title='bbox 1202 2586 1341 2621; x_wconf 70' lang='lat' dir='ltr'><strong>feinde</strong></span> <span class='ocrx_word' id='word_1_443' title='bbox 1359 2595 1402 2618; x_wconf 90' lang='lat' dir='ltr'><strong>zu</strong></span> <span class='ocrx_word' id='word_1_444' title='bbox 1422 2584 1583 2617; x_wconf 71' lang='lat' dir='ltr'><strong>machon.</strong></span> 
     </span>
     <span class='ocr_line' id='line_1_51' title="bbox 136 2630 1587 2679; baseline -0.004 -10"><span class='ocrx_word' id='word_1_445' title='bbox 136 2655 180 2661; x_wconf 96' lang='lat'>—</span> <span class='ocrx_word' id='word_1_446' title='bbox 202 2635 459 2678; x_wconf 74' lang='lat' dir='ltr'><strong>Theophanem,</strong></span> <span class='ocrx_word' id='word_1_447' title='bbox 485 2635 665 2679; x_wconf 84' lang='lat' dir='ltr'><strong>Pompeio</strong></span> <span class='ocrx_word' id='word_1_448' title='bbox 685 2635 1018 2669; x_wconf 67' lang='lat' dir='ltr'><strong>familiarissimum.</strong></span> <span class='ocrx_word' id='word_1_449' title='bbox 1046 2635 1131 2669; x_wconf 80' lang='lat' dir='ltr'><strong>vid.</strong></span> <span class='ocrx_word' id='word_1_450' title='bbox 1155 2632 1377 2676; x_wconf 80' lang='lat' dir='ltr'><strong>ep.XXX1.</strong></span> <span class='ocrx_word' id='word_1_451' title='bbox 1402 2630 1587 2664; x_wconf 90' lang='lat' dir='ltr'><strong>XXXVI.</strong></span> 
     </span>
     <span class='ocr_line' id='line_1_52' title="bbox 137 2677 1586 2721; baseline -0.002 -6"><span class='ocrx_word' id='word_1_452' title='bbox 137 2682 278 2716; x_wconf 84' lang='lat' dir='ltr'><strong>XL111.</strong></span> <span class='ocrx_word' id='word_1_453' title='bbox 332 2681 573 2716; x_wconf 76' lang='lat' dir='ltr'><strong>CCLXXXI.</strong></span> <span class='ocrx_word' id='word_1_454' title='bbox 619 2681 875 2721; x_wconf 80' lang='lat' dir='ltr'><strong>CCXCVffl,</strong></span> <span class='ocrx_word' id='word_1_455' title='bbox 913 2683 945 2716; x_wconf 81' lang='lat'><strong>6.</strong></span> <span class='ocrx_word' id='word_1_456' title='bbox 994 2680 1246 2715; x_wconf 78' lang='lat' dir='ltr'><strong>CLXXXIV.</strong></span> <span class='ocrx_word' id='word_1_457' title='bbox 1287 2697 1327 2702; x_wconf 92' lang='lat'>—</span> <span class='ocrx_word' id='word_1_458' title='bbox 1383 2677 1586 2712; x_wconf 75' lang='lat' dir='ltr'><strong>caleonem.</strong></span> 
     </span>
     <span class='ocr_line' id='line_1_53' title="bbox 138 2723 1587 2772; baseline -0.003 -11"><span class='ocrx_word' id='word_1_459' title='bbox 138 2728 212 2762; x_wconf 80' lang='lat' dir='ltr'><strong>Md.</strong></span> <span class='ocrx_word' id='word_1_460' title='bbox 241 2729 362 2763; x_wconf 71' lang='lat' dir='ltr'><strong>Oxou.</strong></span> <span class='ocrx_word' id='word_1_461' title='bbox 398 2730 427 2763; x_wconf 88' lang='lat'><strong>1.</strong></span> <span class='ocrx_word' id='word_1_462' title='bbox 453 2728 487 2762; x_wconf 89' lang='grc'><strong>2.</strong></span> <span class='ocrx_word' id='word_1_463' title='bbox 539 2727 766 2770; x_wconf 81' lang='lat' dir='ltr'><strong>Culleonem,</strong></span> <span class='ocrx_word' id='word_1_464' title='bbox 798 2727 970 2772; x_wconf 83' lang='lat' dir='ltr'><strong>Pompeii</strong></span> <span class='ocrx_word' id='word_1_465' title='bbox 995 2727 1161 2762; x_wconf 78' lang='lat' dir='ltr'><strong>amicum.</strong></span> <span class='ocrx_word' id='word_1_466' title='bbox 1209 2725 1297 2761; x_wconf 83' lang='lat' dir='ltr'><strong>vid.</strong></span> <span class='ocrx_word' id='word_1_467' title='bbox 1325 2734 1382 2769; x_wconf 87' lang='lat' dir='ltr'><strong>ep.</strong></span> <span class='ocrx_word' id='word_1_468' title='bbox 1396 2723 1518 2757; x_wconf 88' lang='lat' dir='ltr'><strong>LXX.</strong></span> <span class='ocrx_word' id='word_1_469' title='bbox 1546 2740 1587 2746; x_wconf 86' lang='lat'><strong>—-</strong></span> 
     </span>
    </p>
   </div>
   <div class='ocr_carea' id='block_1_9' title="bbox 1600 364 1626 403">
    <p class='ocr_par' dir='ltr' id='par_1_11' title="bbox 1600 364 1626 403">
     <span class='ocr_line' id='line_1_54' title="bbox 1600 364 1626 403; baseline 0 0"><span class='ocrx_word' id='word_1_470' title='bbox 1600 364 1626 403; x_wconf 83' lang='lat'>3</span> 
     </span>
    </p>
   </div>
   <div class='ocr_carea' id='block_1_10' title="bbox 1600 757 1627 795">
    <p class='ocr_par' dir='ltr' id='par_1_12' title="bbox 1600 757 1627 795">
     <span class='ocr_line' id='line_1_55' title="bbox 1600 757 1627 795; baseline 0 0"><span class='ocrx_word' id='word_1_471' title='bbox 1600 757 1627 795; x_wconf 85' lang='grc'><strong><em>4</em></strong></span> 
     </span>
    </p>
   </div>
   <div class='ocr_carea' id='block_1_11' title="bbox 1599 1039 1628 1083">
    <p class='ocr_par' dir='ltr' id='par_1_13' title="bbox 1599 1039 1628 1083">
     <span class='ocr_line' id='line_1_56' title="bbox 1599 1039 1628 1083; textangle 90"><span class='ocrx_word' id='word_1_472' title='bbox 1599 1039 1628 1083; x_wconf 62' lang='grc' dir='ltr'><strong>ΕΠ</strong></span> 
     </span>
    </p>
   </div>
  </div>
 </body>
</html>
