1795 3043
519 67 833 115 EPISTOLA
872 67 1158 116 cccxxvi.
1476 76 1575 124 381

113 194 370 247 locupletior
401 192 508 235 mihi
538 193 592 233 sit
621 190 885 245 quaerendus
915 194 1062 233 auctor
1091 203 1218 244 quam
1234 191 1454 242 Socrates3
1486 194 1575 245 qui,

113 264 245 303 quum
274 265 371 292 xxx.
393 251 563 305 tyranni
594 251 751 297 essent,
799 248 949 301 pedem
989 251 1112 300 porta
1151 261 1235 290 non
1278 250 1440 290 extulit.
1497 251 1576 291 Est

110 309 218 349 mihi
260 311 480 361 praeterea
518 308 749 360 praecipua
786 319 915 346 causa
952 306 1169 346 manendi:
1219 305 1270 347 de
1299 319 1382 358 qua
1410 307 1573 347 utinam

111 366 341 416 aliquando
371 368 511 406 tecum
541 365 709 415 loquar!
769 363 859 416 Ego
889 363 1210 410 x111.Kalend.,
1260 376 1388 414 quum
1426 364 1571 405 eadem

111 424 288 463 lucerna
317 424 427 463 hauc
450 421 672 474 epistolam
702 419 983 472 scripsissem,
1014 432 1098 470 qua
1120 420 1425 461 inflammaram
1443 423 1573 474 tuam,

111 479 294 520 Formiis
323 480 375 520 ad
406 478 676 530 Pompeium,
717 477 754 517 si
783 477 834 517 de
864 489 972 529 pace
1001 478 1167 530 agetur,
1205 479 1500 530 profecturus3
1536 480 1573 520 si

111 536 163 576 de
191 536 328 589 bello,
371 536 479 588 quid'
504 535 607 576 ero?

263 686 574 732 EPISTOLA
611 683 898 731 CCCXXVI.
946 683 1027 742 (ad
1063 684 1155 730 Att.
1190 683 1315 730 VIII.
1353 685 1420 744 3.)

156 762 236 798 Ser.
265 762 302 796 in
328 773 418 806 agro
433 762 572 797 Caleno
599 772 630 795 a.
657 761 692 797 d.
719 760 871 795 x.1<ai.
897 760 1009 795 Mart.
1034 761 1079 794 A.
1096 760 1139 794 U.
1156 760 1289 795 0705.
1319 761 1365 803 (a.
1387 761 1427 795 c.
1449 760 1527 805 49.)

111 830 288 873 Quaerit,
317 836 460 872 utrum,
493 830 525 865 si
550 829 754 875 Pompeius
780 829 888 863 Italia
914 829 1043 871 cedat,
1077 828 1158 873 ipse
1182 834 1338 864 maneat.
1365 830 1486 866 1-2.
1527 841 1571 864 an

109 877 329 921 Pompeium
354 877 551 921 sequatur?
576 879 609 912 3.
637 883 673 909 et
690 876 882 919 utriusque
899 875 1047 908 consilii
1064 882 1246 909 momenta
1260 876 1428 919 exponit.
1453 877 1571 913 4—6.

153 922 328 968 Denique
355 934 467 967 quae,
491 923 576 957 dum
603 923 693 956 haec
718 922 924 964 scriberet,
950 921 1023 965 ipsi
1049 921 1094 955 de
1113 923 1271 958 Caesare
1296 927 1333 956 et
1356 922 1527 957 Domitio

591 969 758 1003 nuntiata
781 968 873 1011 sint,
903 968 1029 1002 refert,
1054 970 1086 1003 7.

602 1037 791 1073 CICERO
815 1036 1010 1071 ATTICO
1037 1035 1075 1070 S.

222 1095 419 1136 Maximis
449 1098 492 1136 et
519 1096 765 1136 miserrimis
793 1095 919 1135 rebus
948 1094 1239 1147 perturbatus,
1270 1107 1397 1147 quum
1427 1107 1569 1137 coram

112 1156 252 1194 tecum
280 1154 385 1193 mihi
415 1154 601 1204 potestas
633 1152 898 1193 deliberandi
934 1164 1019 1192 non
1051 1154 1181 1204 esset,
1217 1153 1280 1193 uti
1320 1155 1459 1193 tamen
1495 1155 1568 1194 tuo

111 1211 289 1252 consilio
319 1211 450 1252 volui.
509 1209 772 1250 Deliberatio
804 1212 941 1250 autem
971 1209 1104 1249 omnis
1134 1211 1240 1250 haec
1270 1212 1357 1250 est:
1394 1211 1428 1249 si
1449 1210 1570 1251 Pom-

108 1269 230 1320 peius
259 1268 385 1307 Italia
413 1266 555 1314 cedat,
594 1267 706 1318 quod
735 1279 830 1306 eum
859 1267 1071 1306 facturum
1101 1278 1190 1306 esse
1220 1267 1435 1318 suspicor,
1466 1268 1568 1319 quid

109 1324 213 1364 mihi
243 1324 449 1376 agendum
477 1325 625 1374 putes:
664 1325 705 1362 et
733 1335 815 1374 quo
844 1323 1014 1363 facilius
1043 1323 1269 1364 consilium
1294 1323 1394 1365 dare
1412 1325 1567 1376 possis;

110 1466 155 1472 —
188 1448 336 1480 audiam
369 1458 416 1480 an
446 1447 609 1490 videam,
649 1447 696 1480 ob
731 1446 791 1480 ich
825 1447 932 1489 sehe,
965 1447 1056 1481 VVas
1083 1457 1124 1480 er
1149 1447 1249 1490 thut,
1284 1446 1377 1481 oder
1402 1448 1449 1481 ob
1476 1448 1569 1483 ich's

110 1494 216 1528 hore.
255 1512 300 1517 —
361 1493 577 1537 locupletior
601 1518 610 1527 .
631 1519 637 1526 .
662 1518 670 1527 .
697 1497 848 1536 auctor,
890 1494 1000 1528 einen
1036 1493 1303 1536 vollgiiltigern
1330 1494 1567 1538 Vorganger.

109 1540 236 1573 Ueber
269 1543 332 1572 aut
361 1540 452 1572 nach
485 1550 532 1572 an
564 1550 591 1573 s.
623 1539 770 1573 Ramsh.
809 1541 837 1583 ᾗ.
863 1541 942 1574 180.
993 1539 1135 1573 Grotef.
1170 1540 1198 1583 §.
1223 1541 1304 1575 363.
1331 1559 1371 1564 —
1422 1544 1572 1585 tyranni

109 1586 268 1618 Athenis
294 1589 425 1627 essent,
464 1585 538 1618 wie
563 1585 689 1619 Lamb.
727 1586 970 1619 vermuthete.
1003 1604 1048 1610 —
1102 1596 1212 1619 causa
1235 1586 1417 1622 manendi.
1450 1588 1571 1622 Diese

109 1632 275 1665 Ursache
311 1632 430 1675 bezog
459 1631 538 1665 sich
572 1632 637 1664 auf
669 1632 772 1665 seine
807 1631 1003 1666 Gemahlin
1039 1632 1238 1675 Terentia,
1280 1633 1426 1667 welche
1459 1645 1502 1668 er
1529 1634 1568 1667 in

109 1678 228 1712 einem
253 1677 355 1710 nicht
380 1677 685 1721 ungegriindeten
709 1677 902 1713 Verdacht
926 1678 1046 1721 hatte,
1088 1678 1172 1712 dass
1198 1679 1253 1713 sie
1276 1678 1357 1713 sein
1382 1680 1570 1714 Interesse

110 1723 212 1757 nicht
243 1723 370 1758 theile.
413 1724 452 1758 S.
485 1724 530 1757 ad
567 1723 718 1758 Divers-
753 1725 823 1768 IV,
858 1726 919 1758 14:
959 1724 1063 1758 Nihil
1097 1724 1186 1758 novi
1213 1725 1360 1759 consilii
1386 1726 1567 1770 cepissem

109 1776 179 1804 cet.
221 1769 452 1803 Ueberdiess
484 1770 556 1803 soll
593 1770 648 1803 sie
678 1770 807 1804 fruher
837 1771 943 1804 ihren
970 1771 1126 1805 Gemahl
1158 1781 1277 1815 gegen
1303 1771 1458 1805 Clodius
1488 1773 1568 1806 aus-

108 1817 259 1859 gehetzt
284 1815 424 1856 haben,
459 1816 546 1848 weil
573 1816 696 1849 dieser
720 1816 782 1850 die
805 1817 986 1861 Pompeia
1012 1818 1126 1850 sehon
1158 1818 1258 1851 sarid.
1303 1817 1406 1852 Kurz
1433 1818 1567 1853 Cicero

109 1863 175 1896 sah
211 1861 291 1894 sich
323 1861 471 1894 endlich
495 1861 710 1906 genothigt,
751 1862 799 1896 im
823 1862 1103 1908 Biirgerkriege
1128 1862 1188 1896 ihr
1211 1864 1282 1897 den
1306 1863 1573 1900 Scheidebrief

109 1907 357 1941 zuzusenden.
395 1907 460 1941 Sie
484 1907 615 1941 bekam
641 1908 803 1943 nachher
826 1911 923 1943 noch
947 1910 1030 1943 drei
1055 1910 1231 1953 manner,
1258 1909 1328 1944 den
1344 1911 1566 1945 Geschicht-

108 1954 302 1988 schreiber
322 1952 544 1995 Sallustius,
588 1954 682 1987 daun
711 1955 783 1988 den
815 1956 978 1990 Messala
1001 1955 1186 1990 Corvinus
1215 1955 1289 1989 und
1322 1958 1462 1991 zuletzt
1493 1959 1565 1991 den

108 2000 249 2036 Vibius
273 2000 392 2033 Rufus
424 1999 498 2032 und
530 2000 600 2032 soll
633 2000 792 2034 hundert
824 2003 898 2035 und
924 2002 1005 2036 drei
1030 2002 1139 2035 Iahre
1165 2002 1216 2035 alt
1239 2003 1443 2046 geworden
1470 2005 1562 2038 sein.

108 2066 153 2071 —
189 2047 304 2080 XIII.
332 2046 486 2079 Kalend.
510 2046 682 2087 Martias,
715 2058 772 2080 am
797 2049 850 2082 17.
864 2049 973 2082 Febr.
1003 2066 1045 2073 —
1092 2049 1290 2090 inflamm.,
1325 2050 1563 2084 verbrannte.

108 2111 150 2118 -—
175 2095 210 2125 si
233 2093 275 2125 de
296 2103 386 2136 pace
411 2096 561 2135 agetur,
583 2094 818 2137 profecturus
841 2095 920 2129 scil.
947 2105 1065 2137 eram,
1091 2094 1207 2127 werd'
1223 2095 1283 2128 ich
1303 2106 1375 2128 von
1392 2096 1565 2130 Formiae

109 2150 191 2173 zum
215 2139 418 2183 Pompeius
445 2138 588 2183 reisen,
627 2150 734 2173 wenn
762 2140 873 2173 oder
899 2141 946 2174 ob
972 2148 1069 2174 etwa
1094 2140 1180 2173 dort
1206 2151 1288 2174 vom
1312 2141 1474 2176 Frieden
1501 2143 1564 2176 die

108 2186 215 2219 Rede
239 2183 317 2218 sein
344 2184 450 2218 wird.
484 2185 686 2229 Pompeius
712 2197 791 2219 war
817 2187 910 2220 nach
934 2198 993 2230 ep.
1008 2186 1249 2229 CCCXXIV,
1272 2187 1294 2220 2
1319 2197 1364 2221 zu
1390 2189 1562 2225 Luceria.

109 2232 174 2265 Sic
205 2230 367 2264 Ernesti.
407 2233 583 2273 profectis
615 2232 692 2266 Md.
729 2243 750 2265 a
780 2243 834 2277 pr.
871 2243 990 2266 manu.
1024 2233 1210 2275 profectus
1239 2233 1317 2267 Md.
1352 2245 1374 2267 a
1405 2245 1479 2269 sec.
1515 2247 1560 2270 m.

109 2279 229 2311 Oxon.
258 2279 287 2310 l.
314 2277 348 2310 2.
378 2277 475 2311 Ball.
504 2278 659 2312 Helmst.
688 2279 775 2312 Asc.
800 2289 857 2323 pr.
884 2279 1067 2312 Tunstall.
1094 2289 1130 2323 p.
1153 2280 1206 2313 79.
1238 2281 1445 2323 praefectus
1470 2281 1560 2316 Cdd.

107 2324 195 2366 aliq.
221 2322 320 2356 Vict.
348 2325 378 2356 ].
404 2323 435 2356 2.
459 2323 548 2357 Bos.
577 2324 711 2358 Graev.
744 2326 974 2368 profecturus
998 2335 1099 2358 eram
1129 2325 1218 2360 Asc.
1242 2326 1276 2360 2.
1306 2326 1403 2360 Crat.
1428 2327 1558 2362 Lamb.

108 2369 206 2403 Oliv.
243 2368 436 2402 ORELLI.
484 2369 657 2403 Ernestio
696 2370 809 2404 lectio
841 2372 1074 2414 profecturus
1112 2382 1201 2405 vera
1240 2372 1408 2415 videtur,
1455 2374 1561 2416 quasi

107 2415 238 2448 Cicero
265 2414 378 2447 dicat:
413 2416 644 2457 profecturus
670 2427 747 2449 sum
773 2418 870 2461 apud
896 2417 1116 2461 Pompeium
1141 2418 1300 2451 consilio
1326 2429 1418 2452 meo.
1461 2419 1561 2452 Huic

106 2468 226 2494 tamen
263 2471 333 2492 non
367 2460 453 2493 satis
489 2463 716 2505 respondent
740 2463 933 2507 sequentia
957 2464 1043 2507 quid
1067 2464 1164 2497 ero.2¹
1199 2464 1431 2498 Praefectum
1455 2465 1558 2508 pacis

106 2506 385 2541 constituendae
409 2508 599 2550 appellare
623 2519 663 2541 se
688 2509 814 2542 eadem
840 2510 984 2542 ratione
1010 2516 1175 2554 poterat,
1210 2521 1281 2553 qua
1306 2509 1394 2543 alibi
1421 2510 1559 2545 dicitur

45 2567 47 2570 -
107 2553 242 2596 aliquis
262 2553 469 2596 praefectus
494 2553 695 2588 libidinum.
721 2555 825 2589 SCH.
866 2557 957 2589 iiber
982 2559 1076 2588 si:
1096 2567 1152 2589 um
1179 2566 1223 2589 zu
1250 2556 1383 2597 seben,
1411 2556 1480 2590 ob?
1504 2559 1558 2592 sl?

107 2611 133 2634 s.
159 2599 303 2633 Ramsh.
331 2599 358 2639 ᾗ.
378 2599 453 2640 174,
481 2599 513 2640 2,
539 2600 624 2633 Not.
644 2602 675 2634 1.
713 2601 854 2635 Grotes.
881 2602 1004 2645 §.427‚
1032 2604 1139 2635 Anm.
1166 2602 1198 2635 4.
1235 2602 1310 2634 Zur
1335 2601 1454 2635 Sache
1479 2604 1555 2647 vgl.

107 2657 164 2689 ep.
193 2644 434 2686 CCCXXHI,
459 2643 496 2677 2:
540 2645 621 2688 Ego
652 2657 709 2679 me
734 2647 863 2680 ducem
891 2648 926 2680 in
953 2647 1056 2681 civili
1084 2648 1203 2688 bello,
1244 2648 1364 2690 quoad
1392 2648 1438 2680 de
1463 2660 1555 2693 pace

55 2713 57 2717 ,
107 2697 297 2733 ageretur,
339 2690 471 2731 negavi
508 2701 598 2724 csse.
631 2710 675 2716 —
728 2695 814 2736 quid
843 2695 936 2726 ero?
973 2705 1046 2736 quo
1079 2703 1229 2727 munere
1266 2694 1420 2738 fungar?
1458 2706 1554 2740 quae

106 2748 191 2781 pars
216 2736 362 2782 imperii
390 2736 515 2770 bellici
541 2737 628 2770 milii
655 2738 959 2773 deniandab'rturil
983 2740 1090 2774 SCH.
