1795 3043
264 77 364 125 166
568 72 633 118 Μ.
668 70 724 117 Τ.
759 70 1098 118 CICERONIS
1133 70 1504 118 EPISTOLAE.

265 185 451 233 Valeria,
483 196 601 225 soror
628 183 806 233 Triarii,
839 183 1065 225 divortium
1094 184 1186 225 sine
1215 195 1363 232 causa,
1394 194 1479 235 quo
1509 180 1577 223 die
1604 181 1670 225 vir
1697 193 1722 223 e

267 242 487 296 provincia
515 243 717 282 venturus
748 243 858 290 erat,
888 242 1004 284 fecit.
1060 241 1254 294 Nuptura
1281 242 1344 281 est
1372 239 1421 280 D.
1437 241 1589 281 Bruto:
1620 252 1723 280 non-

270 301 369 340 dum
387 298 618 339 retulerat?
649 298 785 338 Multa
812 299 855 338 in
887 300 967 340 hoc
989 311 1143 351 genere
1162 297 1444 346 incredibilia,
1475 299 1516 337 te
1539 296 1724 349 absente,

269 356 528 397 acciderunt.
586 355 756 396 Servius
781 356 927 396 Ocella
954 356 1110 396 nemini
1131 355 1404 408 persuasisset
1432 366 1476 394 se
1502 355 1727 394 moechum

271 426 384 461 esse,
416 413 499 452 nisi
528 413 668 453 triduo
699 412 763 451 bis
794 413 1079 464 deprehensus
1111 414 1232 453 esset.
1285 413 1489 460 Quaeres,
1518 411 1624 451 ubi?
1653 412 1727 451 ubi

270 470 465 510 hercules
501 482 577 522 ego
617 469 787 510 minime
823 471 996 511 vellem:
1037 471 1231 521 relinquo
1268 469 1366 520 tibi,
1407 467 1518 519 quod
1545 467 1597 508 ab
1628 467 1726 508 aliis

271 539 462 578 quaeras.
521 526 666 578 Neque
696 527 807 567 enim
845 527 1041 580 displicet
1076 528 1180 567 mihi
1216 526 1512 578 imperatorem
1539 525 1726 579 singulos

270 584 536 635 percontari,
568 596 664 624 cum
694 596 778 635 qua
806 584 862 623 sit
891 584 1023 636 aliqui
1053 584 1355 636 deprehensus.

461 742 772 788 EPlSTOLA
811 742 1050 788 CCXLIV.
1090 741 1170 802 (ad
1204 743 1308 788 Div.
1334 741 1422 788 III.
1457 744 1527 803 ³7.)

419 829 498 864 Ser.
525 828 735 864 Laodiceae
759 840 885 864 mense
909 830 1019 864 Febr.
1046 832 1092 864 A.
1118 830 1164 865 U.
1190 831 1231 865 C.
1258 831 1335 866 704.
1362 832 1409 874 (a.
1436 831 1476 866 C.
1505 831 1578 873 50.)

271 897 454 932 Querelas
467 898 582 943 Appii
608 897 655 932 de
680 897 860 942 impedita
880 898 1089 942 legatorum
1105 898 1361 943 Appianorum
1385 897 1647 932 aedificatione
1669 907 1730 932 re-

269 944 528 979 sellit.1—3.
556 951 612 988 et,
640 945 740 987 quod
766 944 972 988 suspicatus
999 951 1077 978 erat
1095 945 1254 989 Appius,
1278 956 1317 978 se
1343 944 1377 978 ei
1404 945 1548 996 otbviam
1573 944 1730 989 prodire

269 989 449 1034 noluisse,
475 990 606 1026 salsum
630 1002 713 1026 esse
735 990 1135 1072 demongglaitilggt-fg
1161 1002 1275 1037 seque
1301 990 1336 1024 ei
1361 990 1431 1036 ami
1435 991 1622 1030 cissimum
1645 991 1730 1025 fore

605 1104 793 1141 CICERO
820 1104 859 1140 S.
884 1105 934 1140 D.
960 1106 1114 1140 APPIO
1140 1105 1390 1139 PULCHRO.

382 1174 581 1215 Pluribus
610 1174 753 1217 verbis
782 1175 835 1216 ad
861 1177 904 1216 te
940 1176 1144 1223 scribam,
1195 1187 1324 1227 quum
1350 1175 1447 1227 plus
1477 1173 1553 1214 otii
1580 1161 1730 1216 nactus

270 1297 357 1331 Man
388 1296 570 1341 begreist,
604 1297 677 1331 wie
708 1307 781 1330 von
814 1296 920 1330 einer
951 1296 1106 1330 solchen
1132 1296 1291 1329 Heirath
1323 1295 1359 1329 in
1394 1296 1465 1329 den
1501 1297 1729 1331 vornehmen

272 1343 427 1376 Zirkeln
461 1344 694 1387 gesprochen
726 1343 928 1377 wurde.—-
970 1342 1104 1376 Paulla
1132 1342 1305 1384 Valeria,
1342 1342 1390 1375 ob
1416 1342 1630 1377 Schwester
1663 1343 1731 1378 des

270 1389 410 1424 Lucius
436 1390 528 1423 oder
552 1389 711 1424 Publius
735 1389 911 1425 Valerius
936 1388 1126 1422 Triarius?
1158 1389 1240 1422 Der
1265 1395 1418 1431 erstem,
1445 1389 1505 1422 ein
1521 1390 1632 1423 Manu
1656 1399 1730 1423 von

270 1436 604 1479 ausgezeichneten
628 1436 940 1479 Eigenschasten,
967 1435 1132 1469 Cicero’s
1156 1435 1321 1477 Freund,
1347 1435 1475 1469 verior
1500 1436 1553 1470 als
1577 1436 1729 1469 Anhanq

270 1493 338 1526 ger
363 1482 427 1515 des
446 1482 650 1526 Pompeius
674 1482 755 1516 sein
771 1481 918 1523 Leben3
943 1481 1010 1515 der
1034 1481 1191 1515 letztere
1214 1481 1263 1514 ist
1286 1491 1356 1514 nur
1380 1481 1433 1515 als
1448 1482 1640 1525 Ankl'ager
1662 1482 1729 1516 des

272 1539 345 1562 von
370 1528 503 1562 Cicero
535 1528 813 1571 vertheidigten
846 1528 1001 1561 Prators
1033 1538 1104 1560 von
1138 1526 1358 1569 Sardinien,
1384 1528 1437 1562 M.
1460 1527 1636 1570 Scaurus,
1663 1527 1729 1561 be-

269 1573 460 1609 kannt.—-
500 1575 633 1608 divort.
666 1575 771 1617 fecit,
806 1573 961 1607 verliess
995 1573 1059 1607 das
1090 1574 1190 1606 Haus
1224 1572 1324 1606 ihres
1350 1574 1517 1608 Mannes.
1537 1593 1580 1598 —
1614 1574 1730 1608 Decio

270 1621 402 1655 Bruto.
440 1621 550 1654 Etwa
573 1621 654 1664 der,
680 1630 815 1655 wovon
841 1619 886 1652 ad
911 1620 1040 1654 Famil.
1059 1620 1181 1661 X310.
1207 1620 1261 1653 Il.
1288 1619 1359 1661 XI,
1382 1621 1413 1653 1.
1430 1620 1487 1655 21.
1523 1620 1674 1656 Verrin.
1693 1621 1727 1661 1,

269 1668 327 1701 55.
358 1666 526 1711 Philipp.
546 1667 617 1709 ΙΙΙ,
634 1668 665 1700 l.
694 1666 754 1700 die
779 1665 884 1699 Rede
911 1665 981 1699 ist?
1001 1685 1038 1690 —
1071 1665 1275 1699 retuleras?
1300 1665 1363 1699 Sic
1380 1666 1458 1699 Md.
1479 1671 1574 1700 teste
1592 1666 1729 1703 Victo-

271 1713 350 1755 ri0;
380 1713 473 1747 mihi
499 1719 663 1746 notatum
700 1723 773 1745 non
800 1718 866 1745 est.
903 1713 987 1746 Asc.
1008 1712 1037 1744 1.
1069 1711 1207 1745 Beued.
1240 1712 1317 1745 Pro
1344 1711 1637 1755 interrogatione
1663 1714 1730 1747 ha·

270 1760 360 1793 beo:
402 1759 596 1802 „nondum
627 1765 666 1792 tu
698 1759 789 1792 haec
818 1759 967 1802 legens⁵
999 1757 1168 1791 Paullam
1196 1757 1395 1792 divortium
1420 1758 1574 1803 fecisse,
1607 1759 1730 1793 statim

270 1805 453 1840 retuleras
479 1806 582 1848 quasi
609 1805 646 1838 in
671 1805 834 1839 rationes
859 1811 938 1838 tuas
965 1804 1178 1847 (divinaras)
1205 1803 1289 1837 ideo
1314 1804 1447 1837 factum
1463 1830 1473 1846 ‚
1507 1811 1547 1838 ut
1571 1805 1731 1839 nuberet

271 1851 320 1886 D.
335 1851 476 1885 Bruto?
501 1853 659 1885 nondum
681 1852 884 1885 rescz'erus?
916 1851 1031 1894 Neap.
1057 1851 1214 1883 nondum
1237 1851 1413 1884 retulerat
1436 1851 1531 1885 Cett.
1558 1852 1730 1884 mundum

270 1898 446 1931 retulerat
458 1897 682 1941 Pantagathi
702 1909 803 1942 susp.
829 1897 1021 1931 ORELLI.
1044 1897 1228 1930 retulerat.
1247 1897 1394 1931 Ernest.
1410 1897 1585 1941 praefert.
1610 1898 1730 1941 „Nam

271 1943 472 1978 divortium
497 1944 675 1978 facientes
699 1945 842 1977 referre
862 1944 1047 1977 debebant
1063 1943 1106 1976 ad
1122 1943 1338 1984 Pontifices,
1363 1944 1517 1988 proprie
1535 1948 1730 1987 antequam

270 1991 454 2024 facerent:
489 1990 554 2024 sed
580 1990 618 2024 id
648 1990 783 2024 femina
814 1990 880 2023 illa
914 1990 1168 2033 neglexerat.⁷'
1210 1989 1358 2022 WIEL.
1394 1990 1478 2031 „sie
1503 1989 1594 2033 ging
1618 1989 1728 2023 dabei

270 2047 312 2071 so
338 2036 504 2080 eilfertig
528 2047 574 2070 zu
598 2037 760 2075 werke,
802 2037 886 2070 dass
912 2036 967 2069 sie
991 2036 1071 2070 sich
1095 2035 1197 2069 nicht
1223 2035 1355 2069 einmal
1380 2035 1461 2068 Zeit
1486 2036 1612 2080 nahm,
1645 2036 1728 2069 ihre

269 2082 559 2126 Ehescheidung
592 2082 856 2127 anzuzeigen.⁷⁷
894 2083 986 2126 Vgl.
1006 2083 1034 2116 I.
1061 2082 1165 2126 Lips.
1190 2081 1348 2115 Excurs.
1375 2081 1419 2114 ad
1446 2082 1566 2115 Tacit.
1593 2082 1727 2116 Annal.

268 2129 353 2163 Lib.
377 2129 428 2172 V,
455 2140 485 2164 c.
505 2130 539 2162 4.
563 2147 607 2153 —-
650 2129 752 2163 Serv.
790 2129 932 2172 Ocella,
959 2129 1019 2162 ein
1053 2128 1310 2162 unbekannter
1331 2127 1505 2170 Mensch,
1531 2127 1599 2161 der
1632 2128 1729 2161 noch

270 2175 441 2209 erwahnt
464 2175 560 2208 wird
586 2175 631 2209 ad
656 2176 849 2218 Famil.11,
867 2176 918 2209 15.
946 2175 990 2208 ad
1007 2175 1120 2209 Attic.
1140 2175 1188 2216 Χ,
1207 2176 1261 2208 13.
1279 2174 1335 2208 16.
1351 2193 1395 2198 -
1424 2174 1498 2207 ubi.
1527 2173 1630 2209 omis.
1657 2175 1729 2207 hoc

269 2221 332 2254 ubi
367 2221 444 2254 Md.
478 2221 618 2255 Bened.
653 2222 839 2256 Manutius
873 2222 1038 2266 explicat
1069 2222 1107 2254 in
1138 2220 1249 2253 amici
1282 2220 1400 2253 domo.
1451 2219 1527 2255 Sed
1561 2220 1593 2254 si
1626 2226 1728 2254 recte

270 2267 437 2301 Caelium
463 2266 570 2309 novi,
597 2268 782 2311 significat
805 2268 1012 2311 mulierem,
1037 2278 1117 2300 cum
1144 2277 1216 2309 qua
1231 2266 1361 2299 Ocella
1383 2266 1431 2299 sit
1457 2266 1727 2310 deprehensus,

268 2314 414 2348 foedam
439 2311 586 2357 potius,
613 2325 720 2357 quam
746 2315 945 2348 formosam
971 2324 1071 2355 esse,
1096 2318 1136 2346 ut
1160 2311 1233 2346 sibi
1258 2312 1348 2345 tanti
1374 2323 1447 2346 non
1473 2323 1554 2346 esse
1579 2312 1728 2346 videre-

270 2367 331 2394 tur
355 2359 593 2393 moechorum
619 2360 935 2404 deprehensorum
961 2359 1130 2404 pericula
1155 2365 1310 2403 propter
1343 2369 1421 2392 eam
1447 2359 1586 2392 subire.
1618 2359 1725 2392 SOH.

268 2425 314 2432 —-
343 2406 466 2449 Neque
493 2431 524 2438 ..
549 2406 717 2449 displicet
741 2413 810 2440 cet.
859 2406 932 2440 Ein
959 2405 1112 2447 schem,
1139 2405 1193 2437 als
1220 2405 1266 2437 ob
1288 2404 1418 2438 Cicero
1445 2405 1726 2439 auAnekdoten

269 2463 334 2486 aus
361 2452 428 2485 der
452 2451 667 2494 Chronique
692 2453 932 2487 scandaleuse
959 2452 1017 2486 eiu
1043 2452 1190 2485 solches
1216 2452 1495 2495 Vvohlgesallen
1521 2450 1642 2493 sande,
1672 2461 1725 2493 er,

269 2509 329 2532 em
355 2499 793 2578 ffssffizgossULCHRo·
831 2543 868 2578 S.
897 2553 941 2577 zu
968 2555 1026 2587 ep.
1052 2543 1230 2577 CLXXX
1255 2542 1302 2577 im
1327 2543 1413 2577 Ans.
1460 2542 1598 2577 Dieser
1622 2541 1728 2575 Brief

268 2590 318 2624 ist
343 2599 389 2624 zu
413 2590 599 2624 Laodicea
625 2590 881 2633 geschzieben‚
907 2590 1032 2623 wohin
1059 2589 1138 2622 sid]
1155 2589 1288 2623 Cicero
1314 2591 1405 2622 nach
1419 2588 1635 2633 Besiegung
1659 2588 1726 2621 der

267 2637 481 2671 Bewohner
504 2636 570 2670 des
593 2636 753 2670 Amanus
769 2642 814 2669 Ἢ.
842 2636 934 2669 nach
953 2635 1177 2679 Eroberung
1201 2647 1273 2669 von
1289 2635 1486 2669 Pindeniss
1491 2646 1531 2669 us
1557 2635 1725 2677 begeben
1753 2664 1755 2666 .

268 2683 381 2717 hatte.
431 2682 484 2716 Er
509 2682 540 2715 is
546 2689 559 2715 t
583 2682 666 2716 eine
692 2682 866 2716 Antxwmt
890 2682 955 2715 auf
976 2681 1082 2715 einen
1107 2682 1226 2725 B1ief‚
1253 2682 1323 2715 deu
1347 2680 1491 2725 Appius
1517 2681 1582 2714 auf
1603 2680 1726 2714 §einer

267 2728 479 2763 Ruckreise
504 2738 570 2763 aus
593 2729 709 2764 Asien
733 2740 779 2763 an
805 2729 940 2765 Cicero
966 2728 1212 2773 geschrieben
1237 2729 1349 2764 hatte.
1386 2727 1424 2764 S.
1448 2739 1505 2773 ep.
1521 2726 1725 2769 CCXLIX‚

1779 2729 1783 2770 ἱ

1742 2796 1782 2875 Ἰ,ι’
