1795 3043
570 60 889 109 EPISTOLA
932 60 1133 108 cccxl.
1479 68 1582 116 359

112 176 338 227 Nunquam
369 187 462 216 sero
493 176 535 215 te
565 174 730 216 venisse
758 173 933 227 putabo,
962 174 1000 215 si
1015 175 1156 216 salvus
1185 171 1366 216 veneris.
1424 171 1580 216 Adhuc

109 234 318 275 neminem
347 233 557 285 videram,
595 233 669 284 qui
705 233 748 272 te
776 233 924 283 postea
965 231 1162 285 vidisset,
1208 243 1336 284 quam
1363 228 1423 272 M.
1453 231 1580 271 Volu-

110 291 219 340 sius,
250 306 274 331 a
305 303 386 342 quo
416 293 509 331 tuas
545 290 695 330 literas
735 289 905 341 accepi3
945 290 1059 340 quod
1087 302 1172 330 non
1200 288 1411 329 mirabar:
1439 300 1580 339 neque

111 349 224 388 enim
252 361 366 388 meas
395 349 500 400 puto
542 347 593 387 ad
633 349 675 387 te
713 346 858 387 literas
895 346 1015 386 tanta
1052 346 1191 387 hieme
1227 345 1424 398 perferri.
1494 345 1579 386 Sed

111 405 163 445 da
192 417 383 458 operam,
412 406 458 445 ut
486 405 646 445 valeas:
679 406 744 451 et,
792 403 830 443 si
859 401 1043 455 valebis,
1081 415 1212 454 quum
1240 404 1357 444 recte
1385 401 1577 455 navigari

108 461 289 514 poterit,
319 464 408 502 tum
436 461 621 514 naviges.
682 460 832 501 Cicero
862 472 983 501 meus
1009 461 1054 501 in
1084 461 1314 501 Formiano
1345 462 1459 500 erat:
1502 460 1579 500 Te-

109 519 246 559 rentia
286 521 328 559 et
364 518 506 559 Tullia
544 518 715 560 Romae.
785 518 920 566 Cura,
968 519 1016 559 ut
1054 518 1210 561 valeas.
1277 530 1335 558 1v.
1365 516 1578 558 Kalendas

110 574 238 618 Febr.
270 575 425 629 Capua.
470 621 473 622 ⁷

287 736 599 782 EPISTOLA
645 736 846 783 CCCXI.
903 736 985 795 (ad
1019 736 1113 782 Att.
1150 733 1258 781 VII.
1296 737 1401 793 16.)

200 811 282 847 scr.
310 811 463 847 Calibus
488 823 520 847 a.
547 812 582 846 d.
609 812 681 847 111.
708 813 793 848 Kal.
823 813 934 849 Febr.
961 815 1007 849 A.
1034 812 1079 848 U,
1107 811 1149 847 c,
1177 812 1256 847 705.
1288 813 1325 856 (a
1349 812 1391 847 c,
1415 811 1488 854 49.)

133 879 204 921 Se,
240 880 331 926 quid
356 880 493 917 Caesar
517 888 667 916 acturus
692 881 802 962 sit—gt
834 882 925 963 qulid
952 881 1157 964 Ig’ompeius
1188 887 1291 926 agat,
1333 885 1555 927 exspectare

689 939 761 963 scri
792 935 832 963 1t.
907 948 951 954 —
985 955 994 964 .

600 997 785 1032 CICERO
812 997 1007 1033 ATTICO
1041 996 1082 1032 S.

0 1075 3 1114 ᾖ
220 1055 372 1095 Omnes
401 1054 584 1096 arbitror
613 1057 718 1096 mihi
748 1058 842 1097 tuas
873 1058 1019 1098 literas
1048 1055 1234 1097 redditas
1255 1067 1360 1107 esse,
1390 1054 1463 1094 sed
1494 1054 1580 1106 pri-

0 1122 4 1155 ἐ
107 1124 194 1153 mas
234 1115 529 1165 praepostere,
579 1114 766 1164 reliquas
806 1114 981 1164 ordine,
1029 1125 1114 1165 quo
1152 1114 1251 1153 sunt
1290 1113 1460 1163 missae,
1500 1123 1578 1164 per

1 1162 3 1172 '
107 1169 364 1210 Terentiam.
432 1169 497 1210 De
537 1170 743 1210 mandatis
782 1171 972 1212 Caesaris
1011 1170 1281 1222 adventuque
1318 1169 1498 1210 Labieni
1535 1169 1580 1209 et

107 1227 320 1279 responsis
360 1227 580 1267 consulum
618 1240 668 1268 ae
707 1228 920 1281 Pompeii,
968 1228 1120 1281 scripsi
1159 1228 1213 1269 ad
1254 1229 1297 1267 te
1334 1226 1473 1267 literis
1512 1225 1581 1277 iis,

109 1296 213 1335 quas
242 1297 279 1324 a.
313 1283 351 1323 d.
381 1297 419 1324 v.
450 1283 547 1324 Kal.
577 1284 721 1335 Capua
752 1285 869 1325 dedi:
914 1286 1125 1337 pluraque
1154 1286 1378 1338 praeterea
1406 1284 1452 1323 in
1483 1296 1581 1323 ean-

108 1341 203 1380 dem
233 1340 456 1393 epistolam
485 1341 660 1381 conieci.
726 1340 850 1382 Nunc
889 1343 967 1382 has
1006 1342 1346 1395 exspectationes
1375 1340 1580 1381 habemus
1602 1345 1632 1386 2

110 1398 238 1438 duas:
281 1409 426 1449 unam,
466 1397 568 1448 quid
600 1398 754 1438 Caesar
784 1400 957 1439 acturus
985 1399 1068 1447 sit,
1108 1411 1237 1450 quum
1265 1397 1487 1450 acceperit
1515 1409 1581 1450 ea,

111 1467 220 1506 quae
264 1453 489 1494 reserenda
530 1454 582 1494 ad
623 1455 746 1495 illum
787 1455 885 1496 data
927 1457 1026 1496 sunt
1065 1455 1114 1496 L.
1148 1455 1341 1504 Caesari;
1382 1456 1579 1502 alteram,

109 1511 211 1563 quid
239 1511 467 1563 Pompeius
494 1512 615 1564 agat:
656 1513 731 1562 qui
759 1512 929 1564 quidem
960 1513 1013 1553 ad
1041 1524 1110 1553 me
1138 1512 1291 1553 scribit
1318 1513 1466 1564 paucis
1495 1512 1582 1552 die-

109 1568 188 1609 bus
220 1581 264 1609 se
292 1567 459 1609 firmum
489 1569 720 1609 exercit-um
750 1569 1017 1619 habiturum;
1049 1580 1251 1623 spemque
1280 1568 1428 1621 affert,
1467 1569 1504 1609 si
1532 1569 1580 1609 in

109 1627 314 1666 Picenum
342 1637 489 1679 agrum
529 1626 621 1678 ipse
661 1627 847 1681 venerit,
886 1639 963 1667 nos
1000 1626 1177 1667 Romam
1213 1626 1425 1667 redituros
1472 1638 1578 1666 esse.

109 1683 344 1724 Labienum
396 1694 540 1722 secum
581 1682 713 1723 habet
753 1695 838 1723 non
887 1683 1152 1727 dubitantem
1193 1683 1244 1724 de
1283 1684 1582 1724 imbecillitate

110 1740 301 1781 Caesaris
324 1740 565 1792 copiarum:
600 1741 722 1781 cuius
752 1740 934 1781 adventu
965 1742 1130 1783 Gnaeus
1158 1741 1303 1781 noster
1331 1742 1464 1780 multo
1493 1740 1582 1782 ani-

110 1798 168 1838 mi
207 1799 303 1850 plus
342 1796 487 1838 habet.
565 1796 651 1837 Nos
693 1811 718 1838 a
758 1799 1004 1839 consulibus
1056 1799 1244 1851 Capuam
1281 1798 1427 1839 venire
1477 1798 1581 1838 iussi

110 1867 251 1895 sumus
279 1853 333 1894 ad
361 1853 503 1894 Nonas
534 1855 659 1895 Febr.
719 1854 863 1908 Capua
894 1856 1110 1908 profectus
1134 1868 1225 1895 sum
1255 1856 1447 1895 Formias
1477 1869 1516 1896 a.
1539 1855 1579 1894 d.

110 1924 184 1952 111.
225 1912 321 1951 Kal.
397 1912 462 1951 Eo
498 1910 589 1963 die,
641 1923 773 1962 quum
817 1913 989 1953 Calibus
1032 1914 1126 1953 tuas
1163 1912 1310 1952 literas
1347 1913 1454 1952 hora
1493 1914 1583 1953 fere

109 1991 260 2026 Ramsh.
287 1991 317 2033 ἕ.
338 1992 426 2034 167,
451 1990 493 2033 2,
530 1990 618 2024 Not.
637 1992 668 2024 l.
697 1991 843 2026 Grotef.
869 1993 897 2036 ξ.
916 1993 996 2027 186.
1023 1993 1128 2026 Α11111.
1147 1992 1181 2026 2.
1209 2011 1252 2016 -
1300 2003 1395 2027 sero,
1428 1993 1580 2026 Ramsh.

110 2038 246 2082 §.203,
274 2037 334 2078 ΙΙ,
360 2047 403 2080 a,
430 2036 464 2070 2.
493 2055 535 2060 —
584 2037 640 2071 M.
672 2036 847 2070 Volusius
882 2043 1059 2081 quaestor
1095 2049 1142 2072 ex
1173 2037 1264 2072 Asia
1297 2038 1460 2072 rediens.
1510 2039 1583 2073 Hic

111 2090 188 2123 est,
214 2082 279 2127 qui
303 2088 435 2127 postea
459 2082 592 2116 aedilis
618 2083 740 2128 plebis
766 2084 999 2129 proscriptus
1025 2096 1046 2119 a
1070 2084 1274 2118 triumviris
1307 2085 1489 2129 singulari
1515 2086 1583 2119 fal-

110 2131 228 2165 laciae
254 2140 393 2172 genere
416 2140 660 2174 percussores
687 2130 825 2172 evasit,
863 2136 904 2164 ut
928 2137 1054 2165 narrat
1080 2132 1207 2166 Valer.
1235 2132 1335 2165 Max.
1362 2132 1459 2174 vll,
1482 2134 1522 2171 3,
1549 2134 1582 2167 8.

111 2176 345 2211 ERNESTI.
370 2194 415 2199 —
462 2180 577 2219 recle,
604 2176 702 2210 ohne
729 2176 881 2210 Gefahr.
910 2197 953 2203 -—
1002 2190 1056 2211 ιν.
1085 2178 1175 2211 Kal.
1204 2178 1313 2212 Febr.
1330 2204 1340 2221 ,
1366 2189 1423 2212 am
1449 2180 1506 2214 29.
1524 2179 1581 2212 Ia-

113 2233 216 2256 nuar.
246 2241 288 2246 —
339 2221 484 2266 capua,
521 2233 593 2255 von
620 2224 747 2267 Capua
773 2233 849 2256 aus.

205 2270 238 2302 1.
263 2268 386 2301 literis
410 2268 480 2311 iis,
506 2268 668 2312 epistola
692 2269 856 2304 CCCIX.
882 2268 939 2302 la's
964 2269 1050 2303 Asc.
1074 2270 1104 2303 1.
1139 2269 1243 2306 Crat.
1275 2269 1377 2306 vict.
1396 2272 1427 2305 1.
1455 2290 1497 2296 —
1547 2283 1581 2304 ν.

117 2315 230 2354 Kal..
255 2325 312 2348 am
336 2315 391 2348 28.
407 2315 554 2349 Ianuar.

205 2360 239 2393 2.
271 2361 473 2405 acceperit,
506 2360 604 2395 wird
637 2371 875 2395 vernommen
909 2362 1040 2397 haben.
1073 2381 1117 2388 ——
1163 2363 1207 2397 L.
1234 2362 1399 2397 Caesari.
1447 2361 1487 2396 S.
1524 2373 1582 2407 ep.

117 2406 338 2449 CCCVIII,
364 2408 397 2441 1.
425 2425 469 2431 -
516 2407 556 2440 in
586 2407 760 2441 Picenum
788 2435 795 2442 .
814 2434 845 2441 ..
870 2409 1020 2442 venerit.
1062 2409 1140 2443 Das
1176 2408 1277 2444 hatte'
1304 2421 1344 2443 er
1374 2409 1587 2442 >versucheu

115 2453 257 2487 solleu!
294 2471 336 2476 —
385 2463 469 2493 nos,
495 2453 557 2487 die
583 2454 749 2488 Consulti
785 2454 861 2487 und
895 2454 1113 2490 Senatoren.
1153 2475 1197 2480 —
1246 2468 1315 2490 non
1348 2455 1583 2489 dubitantem.

117 2498 274 2533 Labieni
302 2499 417 2532 verba
449 2505 533 2532 sunt
564 2510 622 2543 ap.
657 2502 763 2534 Caes.
799 2501 844 2534 de
877 2501 922 2534 Β.
956 2502 1035 2535 Civ.
1051 2503 1129 2544 111,
1154 2504 1215 2538 87:
1251 2502 1328 2536 noli
1358 2501 1586 2544 existimare,

118 2542 309 2589 Pompeii,
336 2545 428 2579 hunc
452 2556 527 2578 esse
552 2547 768 2587 exercitum,
795 2548 856 2591 qni
883 2548 1046 2581 Galliam
1072 2549 1374 2590 Germanicmique
1398 2547 1586 2584 devicerit.

119 2592 296 2626 Omnibus
321 2591 474 2633 interfui
506 2592 681 2635 proeliis;
719 2605 827 2637 neque
858 2597 988 2628 temere
1024 2595 1253 2636 incognitam
1277 2605 1353 2627 rem
1371 2596 1585 2637 pronuntio.

122 2638 441 2683 Pe2·<a·ig1capw·s
466 2639 569 2672 illius
594 2641 772 2672 exercitus
797 2646 959 2683 superest·
983 2649 1051 2674 cet.
1099 2641 1307 2676 MANUT.
1336 2659 1378 2664 —
1427 2641 1475 2674 ad
1508 2639 1588 2676 Νο-

123 2696 191 2718 nas
221 2686 345 2724 Febr„
379 2685 441 2719 au(
466 2685 537 2719 deu
563 2685 595 2718 5.
616 2686 800 2725 romum-3
826 2687 899 2721 wie
935 2688 980 2721 ad,
1011 2688 1119 2723 diem.
1152 2688 1265 2720 Forte
1291 2686 1457 2729 legend:
1491 2700 1524 2723 α.
1551 2691 1587 2724 (ἰ.

130 2743 203 2766 νη.
234 2733 321 2767 idus
347 2734 479 2776 Margo
508 2732 607 2767 1584.
659 2733 854 2766 ORELLI.
882 2752 926 2758 —
974 2746 1038 2768 111.
1066 2734 1177 2772 lsai,
1210 2744 1266 2767 am
1297 2735 1353 2769 30.
1376 2733 1520 2771 Ianuar.
1547 2756 1588 2762 —
