1795 3043
532 64 844 115 EPISTOLA
887 64 1130 110 CCCXIV.
1476 68 1576 115 363

114 181 271 223 bendas
299 179 476 221 dederit.
536 179 688 231 Itaque
717 177 827 218 nihil
857 189 1039 228 unquam
1067 176 1153 230 legi
1176 177 1382 229 scriptum
1411 187 1580 225 onoma)-

114 240 313 286 δέστερον.
378 235 574 288 Perspici
624 238 764 277 tamen
799 247 851 275 ex
892 234 1030 274 literis
1066 235 1259 287 Pompeii
1298 235 1435 286 potest
1470 233 1580 274 nihil

115 296 287 338 Caesari
315 294 461 348 negari
489 293 714 345 omniaque
744 292 786 333 et
812 292 1047 344 cumulate,
1085 303 1193 342 quae
1222 293 1428 344 postulet,
1471 291 1577 338 dari,

115 366 225 406 quae
253 354 351 405 ille,
390 351 695 392 amentissimus
731 349 882 396 fuerit,
925 348 1007 389 nisi
1047 350 1284 401 acceperit,
1332 349 1580 401 praesertim

116 423 247 463 quum
271 409 632 462 impudentissime
661 406 953 459 postulaverit.
1012 405 1116 453 Quis
1156 406 1267 445 enim
1303 407 1348 445 tu
1395 418 1461 451 es,
1506 405 1581 457 qui

117 468 259 516 dicas,
302 468 339 507 si
369 467 415 506 in
445 466 694 518 Hispaniam
722 464 938 516 profectus
968 463 1073 514 erit,
1113 463 1149 502 si
1178 463 1388 514 praesidia
1418 463 1583 503 dimise-

115 525 205 568 rit?
263 525 420 566 Tamen
450 521 726 563 conceditur?
759 522 896 561 minus
925 521 1101 560 honeste
1131 532 1244 560 nunc
1277 522 1466 572 quidem,
1496 521 1583 561 vio-

118 583 207 624 lata
235 582 318 622 iam
348 581 400 622 ab
428 580 506 620 illo
534 592 581 620 re
611 578 785 632 publica
824 578 1033 628 illatoque
1069 576 1206 629 bello,
1248 589 1372 628 quam
1411 578 1446 617 si
1483 578 1582 617 olim

120 639 173 681 de
194 639 360 680 ratione
388 636 582 678 habenda
607 636 895 688 impetrasset:
928 637 969 675 et
986 637 1127 676 tamen
1145 647 1308 680 vereor,
1336 635 1383 674 ut
1401 634 1465 674 his
1481 635 1586 687 ipsis

120 698 345 738 contentus
374 695 442 736 sit.
500 694 607 735 Nam
635 706 766 746 quum
794 693 876 734 ista
905 692 1104 733 mandata
1122 691 1302 732 dedisset
1331 692 1378 731 L.
1399 691 1583 738 Caesari,

121 754 267 794 debuit
295 764 385 792 esse
414 753 561 804 paullo
591 752 795 803 quietior,
833 750 930 790 dum
969 762 1170 802 responsa
1198 750 1482 789 referrentur:
1526 749 1587 788 di-

121 811 235 852 citur
263 811 403 851 autem
433 821 546 850 nunc
576 821 667 850 esse
697 808 945 850 acerrimus.
1020 807 1245 848 Trebatius
1287 806 1456 858 quidem
1486 805 1587 846 scri·
1616 815 1642 854 3

122 868 189 909 bit
215 879 260 908 se
289 866 342 907 ab
370 867 446 907 illo
475 879 536 908 lx.
567 867 662 907 Kal.
693 866 821 907 Febr.
851 866 1044 918 rogatum
1075 877 1188 912 esse,
1224 866 1271 904 ut
1300 864 1507 904 scriberet
1535 861 1588 903 ad

123 937 216 973 me,
259 925 308 964 ut
338 936 471 964 essem
496 923 550 965 ad
578 923 746 963 urbem:
789 922 899 962 nihil
927 922 967 962 ei
995 934 1063 961 me
1090 922 1250 975 gratius
1280 921 1422 961 facere
1451 932 1589 972 posse.

4 997 7 1038 ξ
123 983 242 1024 Haec
272 981 413 1023 verbis
441 981 648 1033 plurimis.
708 980 907 1023 Intellexi
935 992 986 1019 ex
1015 979 1178 1019 dierum
1209 978 1398 1026 ratione,
1430 979 1478 1017 ut
1506 977 1591 1030 pri-

5 1039 7 1060 *
124 1051 240 1080 mum
269 1038 320 1079 de
350 1038 536 1078 discessu
565 1039 709 1078 nostro
734 1037 886 1077 Caesar
917 1035 1116 1088 audisset,
1145 1036 1342 1075 laborare
1372 1047 1469 1074 eum
1499 1046 1592 1074 coe-

125 1097 258 1149 pisse,
296 1107 351 1135 ne
390 1107 534 1135 omnes
564 1094 815 1135 abessemus.
882 1093 1032 1144 Itaque
1066 1105 1152 1133 non
1191 1092 1500 1143 dubitosquin
1539 1090 1592 1131 ad

126 1153 341 1200 Pisonem,
387 1152 488 1204 quin
519 1151 572 1192 ad
602 1151 796 1192 Servium
826 1149 1059 1203 scripserit.
1129 1150 1242 1190 Illud
1285 1148 1469 1189 admiror
1507 1160 1593 1188 non

127 1211 265 1262 ipsum
314 1210 367 1251 ad
407 1220 474 1248 me
522 1209 764 1261 scripsisse,
817 1221 902 1248 non
943 1220 1022 1259 per
1053 1206 1341 1254 Dolabellam,
1391 1219 1477 1247 non
1518 1217 1595 1258 per

128 1267 319 1308 Caelium
349 1266 505 1318 egisse:
535 1277 787 1316 quamquam
816 1277 900 1304 non
932 1276 1132 1316 aspernor
1162 1264 1351 1304 Trebatii
1380 1265 1538 1310 literas,
1570 1275 1596 1302 a

130 1336 214 1375 quo
245 1336 310 1364 me
339 1323 463 1362 unice
493 1321 614 1374 diligi
643 1321 745 1362 scio.
804 1321 1016 1372 Rescripsi
1046 1321 1097 1361 ad
1128 1321 1385 1370 Trebatium,
1413 1343 1471 1349 -
1500 1330 1596 1359 nam
1626 1320 1652 1358 4

133 1381 186 1422 ad
225 1381 363 1433 ipsum
402 1379 647 1426 Caesarem,
686 1379 761 1430 qui
796 1378 898 1417 mihi
939 1378 1054 1418 nihil
1090 1378 1350 1430 scripsisset,
1391 1377 1510 1417 nolui
1540 1396 1598 1405 —-

133 1451 258 1489 quam
287 1436 398 1477 illud
427 1436 510 1477 hoc
539 1439 729 1488 tempore
759 1436 868 1475 esset
897 1434 1097 1475 difficile:
1135 1448 1202 1474 me
1232 1436 1373 1475 tamen
1404 1436 1449 1474 in
1480 1446 1599 1487 prae-

134 1495 215 1536 diis
242 1494 346 1535 meis
372 1506 465 1534 esse
492 1505 632 1544 neque
669 1493 880 1532 delectum
920 1493 1053 1531 ullum
1090 1505 1227 1543 neque
1262 1493 1474 1544 negotium
1513 1505 1601 1531 sus-

136 1579 271 1614 befand
297 1591 329 1613 u.
356 1580 528 1613 welchen
560 1578 694 1612 Cicero
720 1578 758 1611 in
785 1577 852 1611 der
877 1580 975 1613 noch
1011 1581 1278 1614 vorhandenen
1304 1580 1410 1614 Rede
1435 1577 1601 1613 verthei-

137 1627 218 1671 digt
242 1627 315 1660 hat.
338 1644 380 1649 -—
415 1626 596 1668 σηστιωδ.,
623 1625 676 1658 nil
701 1624 817 1667 magis
843 1624 968 1659 Sestio
993 1626 1157 1670 dignum,
1184 1627 1277 1660 nihil
1302 1626 1479 1670 ineptius,
1506 1624 1601 1658 nihil

137 1672 337 1707 inficetius.
375 1671 483 1705 SCH.
510 1690 552 1696 —
584 1671 796 1714 omniaque,
829 1682 890 1705 wo
917 1683 996 1716 que
1021 1674 1114 1707 nach
1141 1673 1236 1707 nihil
1258 1686 1303 1706 Ξ
1329 1673 1406 1707 sed.
1434 1691 1478 1698 -—
1512 1680 1603 1715 quae

137 1720 203 1754 ille
228 1719 302 1752 nisi
325 1718 525 1762 acceperit,
552 1722 683 1751 ament.
700 1718 825 1760 fuerit.
873 1718 971 1752 Eine
996 1719 1221 1764 Synchvsis!
1248 1739 1290 1743 -
1319 1720 1407 1755 Quis
1431 1719 1524 1752 enim
1551 1721 1603 1759 tu,

140 1766 296 1805 Caesar,
329 1776 385 1807 es,
416 1764 478 1808 qui
500 1775 546 1797 z
571 1770 610 1798 ut
642 1765 762 1806 dicas,
794 1763 891 1797 denn
925 1765 998 1799 wie
1032 1760 1136 1799 kanis
1162 1766 1222 1800 ein
1257 1767 1391 1807 Manu,
1424 1765 1498 1798 wie
1525 1764 1602 1804 Du,

141 1813 252 1847 sich’s
287 1811 583 1844 herausnehmen
618 1821 663 1844 zu
693 1820 821 1853 Sagen·
847 1830 891 1835 —
930 1812 965 1845 si
998 1813 1037 1845 in
1069 1813 1175 1856 Hesp.
1199 1840 1206 1847 .
1228 1837 1236 1845 .
1260 1812 1454 1846 dimiserit.
1504 1811 1605 1843 Haec

142 1858 240 1893 enim
268 1858 412 1891 fuerant
446 1857 483 1889 in
515 1856 618 1900 pacis
651 1856 930 1892 conditionibus
955 1869 976 1892 a
1001 1860 1161 1893 Caesare
1187 1859 1407 1904 propositis,
1434 1863 1475 1892 ut
1493 1858 1606 1892 Pom-

143 1904 251 1950 peius
278 1903 315 1936 in
340 1901 558 1947 Hispaniam
584 1902 656 1936 iret
680 1913 722 1936 ac
754 1904 942 1946 praesidia
974 1916 1040 1939 sua
1068 1905 1285 1940 dimitteret.
1313 1925 1357 1930 -
1388 1906 1432 1939 de
1462 1903 1608 1938 ratione

143 1951 203 1986 sui
228 1949 391 1984 absentis
417 1949 580 1982 habenda
605 1949 641 1983 in
667 1948 851 1993 petitione
876 1952 1092 1986 consulatus
1117 1953 1372 1997 impetrasset,
1407 1951 1462 1985 als
1497 1959 1608 1985 wenn

145 2007 227 2031 man
254 1996 330 2030 ihm
355 1995 518 2029 ehemals
543 1995 607 2029 mit
632 1996 835 2039 gnterArt
859 1998 1065 2042 verwilligt
1090 1999 1207 2042 hatte,
1230 1998 1433 2032 abwesend
1459 2008 1518 2031 um
1544 1995 1609 2029 das

145 2043 324 2079 consulat
357 2042 531 2075 anhalten
564 2052 611 2075 zu
645 2041 789 2075 diirfen.
814 2061 858 2067 —-
894 2054 1041 2087 vereor,
1074 2049 1112 2078 ut
1137 2057 1183 2078 Ξ
1207 2056 1253 2078 ne
1277 2055 1364 2078 non.
1389 2063 1435 2069 -
1468 2042 1610 2077 acerri-

145 2101 245 2132 mus,
277 2100 333 2122 am
358 2088 573 2131 Hitzigsten
599 2088 647 2122 im
674 2088 943 2123 Heranriicken
975 2091 1050 2124 und
1082 2091 1284 2124 Betreiben
1318 2091 1444 2125 seiner
1474 2090 1610 2124 Plane.

146 2136 223 2170 Die
241 2135 477 2177 Vorschlage
502 2145 583 2168 zum
598 2135 803 2177 Vergleich
829 2137 973 2170 machte
999 2148 1041 2171 er
1065 2137 1145 2171 also
1170 2138 1285 2182 bloss,
1312 2149 1371 2171 um
1391 2136 1495 2172 seine
1511 2136 1612 2178 Geg-

149 2193 217 2216 ner
241 2181 550 2215 einzuschlafern.
600 2180 638 2215 S.
665 2181 756 2224 folg.
782 2181 893 2215 Brief
913 2183 941 2226 ἕ.
968 2184 1000 2218 2.

240 2228 359 2262 3-4,
389 2227 430 2260 C.
446 2227 639 2260 Trebatius
652 2228 776 2262 Testa.
803 2226 842 2262 S.
856 2238 901 2262 zu
917 2230 1187 2274 ep.CXXXV‚
1202 2230 1250 2264 im
1266 2230 1352 2265 Ans.
1367 2249 1411 2254 —
1436 2228 1507 2263 IX.
1523 2226 1613 2261 Kal.

154 2274 280 2317 Febr.,
306 2284 362 2307 am
387 2274 445 2309 24.
473 2274 618 2307 Ianuar.
644 2292 689 2298 —
710 2275 898 2318 plurimis,
925 2279 1012 2310 Asc.
1033 2279 1065 2310 l.
1094 2277 1195 2311 Crat.
1217 2277 1356 2311 Manut.
1378 2276 1508 2309 Lalnb.
1531 2274 1616 2317 plu-

153 2320 265 2353 ribus.
313 2319 550 2353 Difficillima
575 2320 693 2364 optio.
722 2322 786 2354 cfr.
829 2321 954 2357 Vatin.
980 2324 1007 2366 §.
1034 2324 1092 2357 41.
1118 2324 1166 2356 ad
1189 2324 1334 2357 Divers.
1362 2324 1460 2361 13‚5.
1488 2320 1615 2362 15,13.

154 2367 212 2408 15,
230 2367 286 2400 16.
313 2366 356 2398 cle
380 2366 467 2410 Rep.
495 2368 527 2407 l,
550 2369 581 2400 7.
612 2367 808 2401 ORELLI.
835 2387 880 2393 —-
912 2373 1005 2412 rat„
1029 2370 1289 2414 Berechnung.
1317 2389 1356 2394 —
1391 2370 1433 2402 de
1459 2367 1619 2401 discessu

155 2416 279 2446 nostro
310 2412 406 2445 facto
441 2423 475 2445 α.
500 2413 536 2446 d.
569 2413 679 2448 XIV.
706 2414 796 2447 Kal.
823 2415 928 2448 Febr.
956 2435 1000 2440 —-
1040 2417 1230 2459 laborare,
1269 2427 1313 2450 zu
1350 2417 1548 2457 besorgen.
1574 2430 1619 2436 —

156 2469 278 2492 omnes
302 2457 529 2492 consulares.
556 2478 598 2483 -
625 2459 886 2494 abessemzcs:
902 2462 1029 2495 urbem
1056 2463 1364 2506 relinqueremus.
1382 2479 1425 2485 —-
1450 2457 1619 2494 Piso‘nem,

157 2516 327 2557 socerum
354 2515 469 2537 snum.
497 2523 540 2528 —
565 2505 667 2540 Serv.
686 2506 788 2551 Snlp.
816 2506 852 2541 S.
873 2517 918 2541 zu
944 2519 1001 2554 ep.
1029 2509 1244 2544 CCCLXV.
1273 2508 1321 2542 im
1347 2507 1433 2540 Ans.
1458 2526 1503 2531 —
1530 2505 1620 2538 cae-

158 2553 261 2585 Izum.
301 2551 337 2586 S.
364 2561 407 2583 zu
436 2561 495 2602 ep.
523 2550 673 2585 CXCII.
709 2552 757 2586 im
790 2553 877 2588 Ans.
914 2573 959 2579 —
989 2566 1059 2588 non
1093 2566 1284 2599 aspernor.
1344 2552 1511 2588 heisten
1542 2560 1622 2585 war

161 2598 288 2631 dieser
320 2597 416 2648 noch
450 2607 510 2629 em
545 2597 850 2633 unbedeutender
879 2602 1015 2644 junget
1049 2601 1401 2643 Rechtsgelehrter,
1438 2599 1506 2631 der
1542 2596 1622 2631 sich

160 2645 264 2695 bloss
289 2644 343 2677 als
369 2653 451 2676 eme
476 2643 544 2676 Art
570 2654 642 2677 von
667 2645 871 2680 Consulem
895 2647 961 2681 mit
990 2642 1258 2690 Officiersrang
1284 2646 1381 2679 belm
1406 2645 1519 2679 Casar
1544 2642 1624 2676 ans-

164 2691 267 2723 lnclt.
293 2709 336 2714 —
370 2689 483 2731 illud,
518 2700 648 2734 nempe
682 2697 720 2724 nt
753 2703 871 2725 essem
897 2694 942 2726 ad
969 2695 1110 2727 urbem.
1135 2712 1179 2718 —
1214 2693 1278 2726 hoc
1303 2697 1480 2737 taempore,
1516 2696 1623 2724 uniet

166 2736 293 2770 diesen
320 2735 556 2770 Umstanden.
592 2755 635 2760 —
671 2737 863 2781 delectum,
894 2739 961 2773 der
987 2740 1061 2774 ihm
1087 2740 1221 2774 iedoch
1247 2750 1331 2773 vom
1356 2736 1561 2782 Pompeius
1588 2746 1622 2768 n.
