1795 3043
230 90 296 137 38
498 83 564 130 M.
599 82 657 129 Τ.
696 80 1039 128 CICERONIS
1073 80 1448 128 EPISTOLAE.

227 198 353 238 ferto.
410 194 505 237 Non
536 207 610 235 cro
639 194 728 235 tam
754 193 965 243 μετέωρος,
999 206 1126 245 quam
1155 194 1201 234 in
1231 192 1415 247 Apuleio
1445 194 1522 236 fui.
1566 194 1705 236 Xeno-

231 267 328 296 nem
368 255 454 294 tam
492 252 621 305 diligo
659 264 785 303 quam
813 254 887 292 tu:
930 251 1043 303 quod
1085 252 1222 304 ipsum
1259 253 1417 292 sentire
1449 253 1567 292 certo
1599 253 1704 295 scio.

232 310 360 364 Apud
400 311 628 351 Patronem
665 311 707 349 et
749 310 938 361 reliquos
978 309 1160 349 barones
1200 311 1242 348 te
1281 310 1325 349 in
1355 309 1538 350 maxima
1567 310 1706 362 gratia

235 369 382 422 posui:
434 369 476 407 et
514 368 691 407 hercule
742 368 895 408 merito
935 368 1008 407 tuo
1047 367 1149 407 feci.
1206 365 1314 406 Nam
1355 367 1460 406 mihi
1499 367 1585 417 †is
1624 369 1705 415 ter,

237 426 364 472 dixit,
420 426 464 465 te
515 425 736 476 scripsisse
787 425 839 464 ad
893 436 960 472 se,
1012 424 1118 464 mihi
1165 435 1218 463 ex
1264 424 1382 464 illius
1429 425 1569 465 literis
1616 437 1709 464 rem

235 483 358 523 illam
402 494 531 523 curae
566 483 721 529 fuisse,
765 481 878 533 quod
918 481 957 520 ei
998 482 1243 534 pergratum
1283 483 1388 523 erat.
1458 481 1542 521 Sed
1579 494 1709 533 quum

237 541 397 581 Patron
428 552 594 579 mecum
622 539 791 591 egisset,
825 540 872 578 ut
902 540 1090 591 peterem
1120 553 1145 579 a
1174 540 1316 579 vestro
1345 539 1572 592 Ariopago,
1604 538 1703 576 ὐπο-

237 598 523 646 μνηματισμόν
550 598 773 644 tollerent,
807 609 933 648 quem
963 597 1244 649 Polycharmo
1274 598 1471 649 praetore
1500 597 1706 643 fecerant,

241 654 504 695 commodius
541 655 681 694 visum
723 655 786 693 est
823 655 865 693 et
894 653 1060 694 Xenoni
1091 655 1132 693 et
1162 655 1257 705 post
1293 655 1378 706 ipsi
1408 654 1609 706 Patroni,
1640 665 1708 693 me

241 712 295 752 ad
324 712 569 752 Memmium
599 711 803 758 scribere,
837 711 910 762 qui
939 711 1092 763 pridie,
1125 723 1252 762 quam
1282 723 1358 764 ego
1376 711 1564 751 Athenas
1593 710 1706 758 veni,

239 769 470 822 Mytilenas
510 770 724 821 profectus
755 770 872 816 erat,
913 771 959 808 ut
988 768 1024 807 is
1055 767 1108 808 ad
1138 781 1234 808 suos
1273 767 1483 808 scriberet
1512 781 1634 821 posse
1664 767 1709 808 id

240 839 317 866 sua
353 827 574 866 voluntate
611 825 720 866 fieri.
779 824 874 866 Non
915 825 1027 865 enim
1068 825 1291 866 dubitabat
1330 825 1473 877 Xeno,
1513 825 1616 876 quin
1655 825 1709 865 ab

244 883 506 935 Ariopagitis
535 883 670 924 invito
700 882 898 923 Memmio
929 882 1151 934 impetrari
1181 895 1267 922 non
1297 884 1447 934 posset.
1487 882 1710 923 Memmius

244 999 435 1028 excusato.-
462 996 626 1029 trz'bunos
652 1006 740 1039 qtcos
763 1006 811 1034 v.,
838 995 872 1027 d.
899 994 1027 1027 Lamb.
1057 993 1154 1027 coni.
1206 995 1309 1029 Quae
1335 994 1458 1027 omnia
1482 1005 1551 1028 nec
1576 995 1710 1029 Latina

244 1041 337 1076 satis
362 1048 460 1086 sunt,
486 1053 554 1075 nec
580 1048 717 1075 rectam
742 1041 925 1085 praebent
950 1040 1182 1074 sententiam.
1233 1041 1310 1073 Iam
1337 1040 1368 1073 si
1395 1051 1588 1085 compares
1612 1041 1710 1076 infra

245 1088 318 1132 Ep.
351 1089 430 1121 21.:
464 1089 600 1131 negavi
630 1099 685 1121 nze
710 1089 879 1131 cuiquam
910 1088 1117 1128 negotianti
1147 1088 1237 1120 dare
1261 1087 1588 1131 (praefecttu·an1);
1615 1089 1711 1132 quod

244 1134 342 1167 idem
368 1135 435 1168 tibi
459 1136 697 1168 ostenderam.
724 1134 809 1168 Lib.
837 1135 869 1169 6.
897 1134 967 1177 Ep.
996 1135 1053 1166 l.:
1081 1144 1146 1166 nos
1169 1133 1223 1166 sic
1248 1144 1371 1175 agere,
1396 1137 1453 1173 ut,
1481 1140 1565 1177 quot
1589 1136 1709 1176 vellet,

240 1181 497 1224 praefecturas
521 1185 694 1223 sumeret,
722 1181 807 1215 dum
832 1190 874 1213 ne
899 1181 1137 1222 negotiatori.
1165 1179 1256 1213 ibid.
1283 1181 1328 1213 Id
1352 1190 1437 1212 vero
1459 1192 1526 1224 per
1552 1186 1585 1214 te
1608 1193 1711 1216 ezce-

239 1237 415 1270 peramus
432 1238 474 1260 ne
491 1227 737 1270 negotiatori.-
763 1232 919 1271 apparet
935 1227 969 1259 h.
999 1237 1147 1269 quoque
1168 1227 1192 1259 l.
1220 1226 1274 1260 sic
1293 1227 1371 1259 fere
1388 1227 1586 1271 scripsisse
1608 1229 1684 1263 Cic.
1700 1241 1708 1262 ε

245 1273 284 1306 in
315 1274 534 1317 praefectis,
566 1274 747 1307 excusatis
784 1273 1077 1314 negotiatoribus
1113 1273 1191 1315 (vel
1228 1274 1385 1316 (sa-ceptis
1425 1275 1709 1315 negotiantibus,

245 1318 308 1352 vel
334 1324 438 1353 extra
473 1331 579 1364 quam
614 1320 863 1362 negotiantes)
897 1330 984 1362 quos
1011 1322 1070 1361 (an
1097 1319 1226 1362 quot3)
1250 1320 1360 1359 voles,
1388 1319 1537 1360 deserto.
1591 1324 1709 1364 (Idem
1771 1346 1773 1349 «

244 1365 346 1408 fere,
373 1373 411 1399 ut
437 1374 569 1410 postea
593 1366 683 1410 vidi,
708 1366 860 1399 volebat
886 1366 915 1399 I.
941 1366 982 1400 F.
1011 1366 1178 1399 Gronov.
1204 1365 1241 1397 in
1267 1366 1364 1398 Add.
1395 1365 1547 1400 Graevii
1571 1379 1712 1414 propo-

245 1422 361 1445 nens:
399 1413 437 1446 in
459 1414 678 1455 praefectis,
708 1412 920 1454 negotiator
952 1411 992 1445 ni
1022 1412 1070 1444 sit
1103 1411 1185 1451 (sed
1212 1412 1282 1444 hoc
1313 1411 1475 1455 duriusx)
1501 1426 1588 1458 quos
1612 1417 1712 1449 voles
1765 1419 1766 1423 ’

249 1458 399 1501 deferta
440 1459 636 1493 ORELLI.
692 1460 787 1497 „Zu
826 1458 1027 1492 Priitecten
1065 1458 1240 1501 enipfiehl
1273 1459 1358 1500 Du,
1400 1459 1467 1492 mit
1499 1462 1711 1497 Ausnahme

245 1504 315 1538 der
347 1505 489 1538 Gross-
523 1505 597 1538 und
631 1504 906 1546 Geldhandler,
941 1504 1087 1537 welche
1113 1505 1201 1538 oder
1225 1504 1300 1538 wie
1332 1504 1430 1538 viele
1454 1506 1517 1540 Du
1550 1509 1710 1544 willst.“
1765 1537 1767 1544 .

244 1551 335 1594 Vgl.
363 1562 422 1595 ep.
451 1551 723 1593 CLXXXVII,
748 1553 782 1586 3.
810 1562 845 1584 u.
873 1551 950 1584 bes.
981 1550 1095 1583 CXC.
1128 1569 1173 1576 -
1202 1551 1426 1598 μετέωρος
1457 1556 1640 1598 superbus
1672 1556 1709 1590 in

245 1597 375 1639 aliquo
409 1597 491 1631 scil.
530 1597 778 1638 admittendo,
817 1597 902 1631 Sch.
939 1596 1000 1629 ich
1030 1596 1147 1631 werd’
1183 1607 1221 1630 es
1259 1607 1299 1630 so
1332 1609 1452 1641 genitu
1494 1600 1559 1633 mit
1595 1603 1709 1636 ihnen

244 1643 350 1676 nicht
374 1644 551 1687 nehmen,
578 1645 632 1678 als
658 1643 724 1677 mit
749 1643 832 1677 dem
857 1643 1053 1687 Apuleius.
1081 1662 1125 1667 -—
1150 1644 1326 1686 Apuleio,
1359 1656 1467 1687 quem
1493 1647 1584 1681 mihi
1610 1660 1710 1683 com-
1758 1647 1759 1655 ¹

245 1690 450 1733 mendasti‚
484 1696 524 1724 ut
550 1690 823 1736 praefecturam
848 1690 882 1723 ei
908 1690 1044 1723 darem.
1094 1689 1277 1733 Apuleius
1309 1691 1522 1734 negotiator
1560 1694 1710 1730 videtur

245 1747 349 1777 esse,
386 1736 450 1779 qui
484 1743 522 1772 et
558 1737 793 1782 praediator,
832 1736 938 1769 cuius
979 1735 1117 1769 mentio
1162 1736 1207 1769 ad
1232 1736 1363 1780 „Attio
1409 1739 1511 1782 XII,
1554 1743 1610 1776 13.
1652 1745 1706 1777 17.

245 1783 482 1817 ERNESTI.
515 1803 561 1808 —
590 1784 710 1818 Xeno,
748 1783 787 1817 S.
816 1792 862 1815 zu
889 1794 947 1827 ep.
977 1782 1155 1825 CXCVI,
1188 1783 1221 1816 5.
1248 1802 1289 1807 —
1322 1783 1473 1818 Patron.
1510 1784 1547 1820 S.
1575 1798 1620 1820 zu
1647 1800 1706 1833 ep.
1757 1788 1758 1791 ’

247 1829 440 1871 CXCVII,
466 1829 499 1863 2.
525 1832 559 1865 3.
586 1834 619 1866 4.
648 1848 692 1854 -·
718 1829 871 1862 barones
894 1841 940 1861 z
963 1828 1192 1873 Dickkopfe,
1219 1829 1424 1864 Pedanten.
1463 1832 1518 1865 Er
1543 1836 1711 1869 versteht

244 1874 308 1908 die
333 1875 547 1910 literarisch
580 1875 845 1919 ungebildeten
870 1876 1071 1919 Anh'anger
1097 1875 1164 1909 der
1189 1876 1465 1918 Epikurischen
1493 1878 1631 1914 Schule
1662 1892 1709 1916 zu
1750 1883 1751 1886 ’

243 1922 380 1957 Athen.
408 1922 446 1956 S.
474 1933 520 1956 zu
547 1934 605 1965 ep.
634 1923 827 1964 CXCVII,
852 1926 884 1957 lt.
912 1932 967 1954 am
993 1922 1111 1955 Ende.
1140 1921 1185 1955 de
1210 1922 1359 1956 Finibb.
1384 1924 1435 1966 II,
1460 1925 1516 1960 23.
1544 1933 1641 1961 extr.
1664 1947 1709 1952 —

240 1969 353 2013 posui
377 1968 537 2002 niimlich
555 1970 673 2002 durch
689 1970 760 2002 den
775 1968 922 2011 VVerth,
941 1969 1011 2002 den
1038 1968 1099 2001 ich
1125 1969 1323 2002 aufDeine
1343 1970 1577 2014 ffirsprache
1593 1975 1706 2015 legte.
1750 2000 1751 2003 η
1794 2000 1795 2003 ¹

248 2035 287 2040 -
317 2015 384 2058 3¹·is
409 2019 481 2054 ter,
507 2016 622 2058 dixit,
658 2020 690 2048 te
715 2027 786 2049 scr.
814 2015 862 2048 ad
886 2025 936 2048 se.
983 2015 1116 2049 Ambb.
1152 2017 1208 2049 15.
1235 2016 1361 2049 Lami).
1392 2019 1492 2052 1556.
1520 2021 1588 2052 iste
1612 2010 1709 2054 (sirit
1748 2017 1752 2056 f
1792 2017 1795 2049 i

246 2061 497 2104 (rescripsisse
520 2063 607 2096 Asc.
634 2063 754 2106 Μαι-ς.
784 2062 901 2101 Crat.)
936 2061 1065 2095 Lamb.
1092 2063 1189 2096 dia-it
1213 2062 1403 2106 scripsisse
1429 2069 1461 2096 te
1496 2066 1556 2108 (z
1580 2070 1612 2098 te
1636 2078 1706 2101 scr.
1743 2085 1748 2106 e

245 2108 370 2149 1584.)
404 2107 493 2141 Seil.
522 2108 657 2142 Cicero
683 2108 736 2142 ita
766 2107 936 2152 scripsit:
968 2119 1053 2141 nam
1077 2108 1170 2141 milii·
1194 2108 1227 2142 is
1252 2112 1285 2140 te
1315 2109 1411 2143 dixit
1444 2112 1636 2155 scripsisse
1660 2114 1709 2147 ad
1742 2115 1747 2148 ’,
1789 2118 1795 2144 ἐ

245 2163 303 2186 se.-
330 2153 422 2186 illud
448 2158 504 2187 ter
529 2155 677 2188 omnino
711 2155 749 2188 in
775 2154 832 2188 his
858 2154 953 2188 nihil
979 2160 1035 2188 est
1060 2155 1132 2188 nisi
1158 2156 1374 2198 corruptela
1404 2158 1636 2200 pronominis
1661 2164 1706 2199 te,
1740 2163 1746 2195 ’.

245 2199 389 2244 quippe
420 2200 628 2234 videbimus
663 2201 761 2235 infra
796 2201 878 2234 Lib.
905 2205 937 2236 6.
964 2202 1031 2245 Ep.
1058 2205 1091 2238 6.
1129 2201 1166 2235 in
1192 2201 1413 2236 Victoriana
1444 2204 1587 2248 prima:
1627 2207 1708 2240 ἐπέ-
1786 2214 1795 2236 a,

244 2260 320 2289 χειιι
356 2250 411 2279 ter
440 2248 645 2291 scripseras
676 2258 745 2292 pro
771 2252 804 2281 te
831 2253 867 2281 et
893 2247 975 2281 Lib.
1003 2249 1035 2282 6.
1061 2249 1129 2292 Ep.
1156 2249 1215 2281 9.:
1243 2249 1421 2291 ἐπέχειν
1448 2254 1503 2283 ter
1526 2251 1710 2285 scribebas
1740 2261 1745 2279 ῑἸ
1785 2270 1791 2293 ,1

275 2303 316 2325 ro
342 2297 375 2326 te
402 2294 574 2337 reperiri.
625 2293 689 2328 Sic
713 2295 785 2328 hoc
809 2295 893 2327 loco
919 2293 1066 2327 accidit.
1096 2294 1293 2327 ORELLI.
1319 2314 1363 2318 —
1388 2306 1430 2327 er
1445 2297 1551 2329 illius
1574 2298 1706 2340 literis,
1735 2293 1737 2327 Ῐ
1784 2310 1795 2329 [1

273 2339 349 2372 loss
382 2350 446 2372 aus
480 2340 689 2374 Riicksicht
725 2341 790 2374 auf
820 2341 922 2374 seine
954 2340 1096 2374 Briese.
1130 2359 1174 2364 —
1206 2340 1278 2374 Sed
1309 2352 1355 2373 z
1379 2342 1492 2376 damit
1525 2344 1588 2377 Du
1621 2345 1735 2379 aber?
1787 2344 1795 2375 ἵε

244 2384 338 2419 doch
368 2385 537 2430 wissest‚
571 2397 649 2420 was
675 2387 734 2420 ich
760 2387 796 2420 in
830 2387 897 2420 der
922 2386 1042 2420 Sache
1067 2387 1203 2430 gethan
1229 2387 1335 2421 habe.
1385 2389 1613 2424 Ueberdiess
1645 2391 1708 2424 sed
1731 2392 1733 2417 l
1782 2403 1793 2423 t

244 2431 307 2464 bei
333 2432 402 2465 den
419 2433 694 2476 Uebergangen
718 2434 795 2476 vgl.
812 2434 1016 2476 Ramsh.3§.
1038 2435 1116 2468 181.
1144 2434 1198 2473 ΙΙ,
1224 2438 1255 2468 1.
1276 2453 1318 2457 -
1344 2434 1576 2480 ὑπομνημ.
1602 2437 1706 2469 tolle·
1730 2432 1732 2480 f
1782 2441 1794 2470 tl

244 2481 347 2521 rent,
382 2479 462 2512 scil.
505 2480 773 2524 Ariopagitae,
812 2491 891 2513 was
929 2479 964 2512 in
998 2481 1195 2524 Ariopago
1234 2481 1424 2514 versteckt
1462 2482 1613 2525 liegt;“
1652 2482 1734 2517 sie*
1788 2507 1793 2517 ξ,

242 2524 415 2558 mochten
450 2526 515 2559 das
554 2526 694 2560 Deci-et
726 2526 1070 2559 zurficknehmenf‘
1121 2525 1158 2560 S.
1187 2527 1336 2560 Ramsh.
1370 2529 1398 2569 ζῇ.
1434 2529 1490 2562 95.
1524 2530 1559 2570 3,
1586 2539 1616 2562 a.
1643 2530 1705 2563 iib.
1727 2509 1738 2560 ΑΙ
1780 2534 1785 2562 ι’

242 2570 306 2604 die
349 2570 504 2616 Synesis
554 2572 631 2606 das.
674 2574 701 2615 §.
749 2573 830 2614 206,
870 2576 917 2612 A,
951 2573 986 2614 4,
1024 2573 1060 2606 b.
1097 2573 1241 2606 Grotef.
1280 2574 1310 2615 ξ.
1353 2573 1430 2607 195.
1482 2575 1558 2608 Zur
1588 2548 1734 2616 SacheJ

242 2617 360 2660 vergl.
401 2629 457 2662 ep.
497 2619 690 2661 CXCVII,
726 2619 760 2652 5.
803 2630 858 2652 am
893 2619 1014 2652 Ende.
1048 2637 1091 2642 —
1137 2623 1330 2663 praetore,
1364 2625 1472 2653 unter
1515 2620 1597 2654 dem
1635 2622 1708 2656 Ar·
1724 2620 1736 2660 1ζ
1779 2640 1787 2657 ε,

242 2663 349 2698 chon.
386 2665 472 2698 Pol.
506 2684 550 2689 —
584 2666 744 2700 dubit...
775 2665 922 2709 quin...
961 2676 1033 2698 non
1058 2670 1191 2708 posset.
1242 2666 1280 2700 S.
1315 2666 1464 2700 Ramsh.
1502 2667 1530 2709 §.
1559 2667 1637 2701 185.
1671 2667 1735 2710 2554·

240 2709 327 2743 Not.
360 2712 392 2744 3.
427 2710 572 2746 Grotef.
610 2714 641 2756 §.
667 2711 748 2747 404.
775 2712 853 2745 bes.
883 2712 1028 2756 Zumpt.
1085 2738 1093 2744 .
1119 2713 1199 2746 540.
1234 2731 1279 2736 —
1302 2713 1365 2746 sed
1398 2716 1478 2747 erat
1500 2713 1603 2747 Patr.
1628 2710 1732 2749 ira-{3

240 2759 297 2789 tus
328 2755 421 2791 kurz
453 2758 530 2792 fiir:
568 2769 610 2797 er
644 2760 764 2793 macht
795 2759 886 2792 aber
929 2758 1024 2792 noch
1087 2758 1418 2803 chwierigkeiten,
1450 2760 1538 2793 weil
1571 2770 1613 2794 er
1646 2759 1728 2800 aufl„
