1795 3043
383 53 701 104 EPISTOLA
747 52 953 99 CCLIII.
992 52 1190 102 CCLIV.
1418 65 1518 111 209

48 172 155 223 sins,
187 170 299 222 quod
328 169 371 210 in
401 170 527 221 longa
556 165 823 219 apparitione
859 166 1116 220 singularem
1146 170 1188 209 et
1218 179 1350 223 prope
1378 169 1516 212 incre-

46 228 224 294 dibilem
259 227 395 280 patris
424 224 612 267 Marcilii
656 222 804 271 fidem,
847 223 1146 268 abstinentiam
1184 225 1515 282 modestiamque

46 297 239 339 cognovi.

228 431 538 481 EPISTOLA
575 431 778 478 CCLIV.
816 431 901 491 (ad
927 431 1032 478 Div.
1068 433 1316 497 XIII.57.)

180 520 262 557 Ser.
288 519 498 555 Laodiceae
530 530 657 554 mense
680 518 819 554 Martio
843 520 888 553 A.
915 517 961 555 U.
988 519 1030 554 C.
1056 519 1134 555 704.
1160 523 1206 565 (a.
1233 523 1272 559 C.
1297 526 1371 569 50.)

45 590 169 634 Petit,
201 595 243 624 ut
268 588 468 632 Anneium,
502 588 665 631 legatum
690 599 814 631 suum,
847 587 1029 631 remittat,
1063 587 1220 634 eiusque
1251 603 1396 630 causam
1420 595 1509 632 Sar·

490 633 634 668 dianam
660 634 901 668 commendat.
928 636 948 668 l
964 653 1006 659 —-
1023 634 1057 670 2.

416 702 604 737 CICERO
631 703 849 738 THERMO
875 703 1061 739 PROPR.
1087 704 1128 741 S.

159 775 249 823 Quo
279 774 409 827 magis
439 773 626 825 quotidie
649 786 700 815 ex
717 774 853 814 literis
872 774 1115 827 nuntiisque
1136 776 1293 820 bellum
1310 791 1505 835 magnum

44 844 134 872 esse
164 833 207 871 in
231 831 354 884 Syria
383 843 603 883 cognosco,
636 843 685 871 eo
715 832 1002 872 vehementius
1033 846 1057 872 a
1086 835 1127 873 te
1155 848 1234 887 pro
1263 840 1406 880 nostra
1435 853 1508 881 ne-

43 888 298 930 cessitudine
340 888 568 939 contendo,
609 889 655 928 ut
692 888 795 928 mihi
831 888 888 928 Μ.
911 888 1119 930 Anneium
1154 893 1339 945 legatum
1367 898 1507 949 primo

42 958 208 997 quoque
238 948 425 997 tempore
454 946 655 985 remittas.
713 945 820 985 Nam
850 945 939 985 eius
969 958 1118 998 opera,
1150 951 1343 1005 consilio,
1373 954 1508 995 scien·

42 1004 102 1042 tia
130 1002 194 1042 rei
224 1003 418 1042 militaris
455 1003 523 1042 vel
562 1002 743 1042 maxime
779 1002 969 1054 intelligo
1010 1015 1076 1043 me
1106 1006 1147 1043 et
1175 1019 1264 1047 rem
1291 1009 1506 1061 publicam

42 1059 234 1100 adiuvari
263 1072 396 1111 posse.
458 1059 576 1105 Quod
606 1060 688 1099 nisi
716 1061 834 1099 tanta
862 1071 929 1098 res
959 1058 1049 1100 eius
1068 1065 1279 1115 ageretur,
1304 1078 1384 1107 nec
1414 1069 1507 1120 ipse

42 1116 194 1157 adduci
223 1116 441 1168 potuisset,
472 1117 520 1154 ut
550 1129 574 1155 a
602 1128 667 1155 me
696 1115 945 1163 discederet,
977 1129 1116 1168 neque
1145 1132 1246 1172 ego,
1277 1124 1324 1162 ut
1354 1136 1450 1165 eum
1480 1139 1507 1166 a

42 1185 107 1213 me
143 1173 408 1212 dimitterem.
468 1172 557 1224 Ego
594 1172 639 1211 in
682 1172 873 1213 Ciliciam
907 1173 1120 1225 proficisci
1159 1179 1297 1231 cogito
1333 1181 1507 1224 circiter

41 1231 136 1271 Kal.
157 1230 304 1271 Maias.
363 1229 474 1268 Ante
504 1241 597 1269 eam
624 1229 735 1269 diem
752 1230 939 1270 Anneius
970 1231 1022 1270 ad
1052 1245 1119 1271 me
1148 1235 1294 1275 redeat
1323 1241 1503 1290 oportet.

41 1287 169 1334 Illud,
203 1286 314 1337 quod
344 1288 483 1326 tecum
513 1288 554 1325 et
584 1299 726 1326 coram
757 1288 798 1326 et
821 1298 897 1338 per
917 1288 1063 1328 literas
1084 1289 1399 1342 diligentissime
1423 1297 1503 1349 egi,
1527 1301 1556 1342 2

42 1344 88 1384 id
118 1345 160 1383 te
188 1355 301 1382 nunc
331 1344 458 1382 etiam
488 1344 612 1393 atque
642 1343 771 1382 etiam
800 1355 914 1395 roge,
945 1356 1074 1384 curae
1103 1347 1183 1387 tibi
1212 1349 1278 1401 sit,
1308 1353 1354 1391 ut
1384 1365 1504 1394 suum

41 1399 274 1452 negotium,
303 1399 414 1450 quod
444 1399 571 1438 habet
602 1411 695 1438 cnm
724 1401 881 1451 populo
913 1400 1131 1454 Sardiano,
1159 1417 1237 1456 pro
1260 1419 1413 1449 causae
1435 1423 1505 1451 ve-

42 1458 169 1497 ritate
199 1460 238 1495 et
267 1468 345 1508 pro
375 1469 449 1495 sua
480 1455 680 1507 dignitate
721 1455 930 1496 conficiat.
987 1459 1185 1500 Intellexi
1225 1475 1276 1503 ex
1312 1466 1383 1505 tua
1413 1479 1505 1508 ora-

43 1515 173 1565 tione,
204 1525 332 1564 quum
361 1514 499 1552 tecum
521 1512 680 1563 Ephesi
710 1513 876 1551 locutus
907 1526 1011 1564 sum,
1034 1517 1075 1554 te
1102 1516 1236 1567 ipsius
1264 1520 1322 1559 M.
1347 1521 1505 1565 Anneii

45 1583 172 1611 causa
201 1569 340 1609 omnia
369 1570 491 1609 velle.
551 1568 632 1608 Sed
662 1569 801 1608 tamen
831 1568 892 1608 sic
923 1571 1050 1610 velim
1072 1574 1297 1624 existimes,
1329 1579 1371 1619 te
1396 1581 1504 1623 mihi

44 1628 154 1667 nihil
181 1626 337 1679 gratius
367 1627 507 1666 facere
535 1637 670 1677 posse,
703 1637 828 1676 quam
857 1626 893 1666 si
923 1626 1175 1670 intellexero
1205 1645 1282 1684 per
1311 1636 1353 1674 te
1382 1638 1504 1680 illum

43 1683 179 1735 ipsum
207 1683 420 1735 negotium
450 1695 500 1722 ex
537 1682 743 1722 sententia
782 1683 1025 1724 confecisse.
1085 1686 1216 1739 quue
1256 1702 1380 1742 quam
1417 1695 1505 1747 pri.

45 1753 158 1782 mum
185 1742 233 1780 ut
262 1739 433 1789 efficias,
463 1741 504 1779 te
534 1740 663 1780 etiam
691 1741 818 1793 atque
848 1741 975 1781 etiam
1003 1753 1119 1796 rogo.

0 1835 1 1846 ἶ
47 1825 1504 1845 ρ-Φ-’ῂ-Ἣ

45 1868 210 1895 vocetur.
232 1880 278 1886 --
321 1859 563 1905 apparitione,
590 1859 627 1893 in
652 1861 876 1905 apparitoris
903 1866 939 1896 et
960 1863 1110 1906 quidem
1126 1865 1345 1914 interpretis
1363 1872 1502 1909 officio,

44 1908 120 1943 Die
145 1908 374 1952 apparitores
396 1918 522 1941 waren
548 1907 779 1950 Secretaire,
804 1909 1083 1945 Dollmetscher
1108 1914 1182 1947 und
1207 1916 1326 1959 dergl.

135 1968 166 1999 1.
193 1965 324 1998 bellum
345 1964 571 2000 Parthicum.
598 1963 638 1997 S.
667 1976 726 2009 ep.
745 1965 894 2009 CCL11‚
912 1968 1024 2001 14.-—
1046 1970 1104 2004 M.
1119 1973 1303 2007 Anneium
1327 1973 1502 2020 legatum,

45 2011 99 2047 Er
121 2022 200 2045 war
224 2022 356 2054 wegen
380 2011 503 2044 seines
530 2010 824 2054 Geldprocesses
857 2013 922 2047 mit
947 2013 1084 2050 Sardes
1120 2027 1203 2051 zum
1230 2020 1412 2056 Thermus
1438 2035 1506 2067 ge..

45 2058 168 2092 reiset.
207 2057 243 2092 S.
272 2068 330 2101 ep.
349 2057 576 2091 CCXXXII.
592 2076 636 2081 -
661 2061 762 2091 tanta
786 2069 844 2091 res
861 2069 910 2094 =
932 2066 1003 2093 tam
1028 2064 1153 2105 gravis
1179 2076 1300 2107 causa,
1326 2067 1502 2104 Process,

45 2123 90 2129 -—
124 2114 233 2147 neque
256 2114 324 2145 ego
351 2103 485 2137 adduci
510 2102 727 2148 potuissem.
743 2122 787 2128 —
815 2107 1017 2150 proficisci,
1043 2108 1157 2143 finitis
1181 2110 1507 2150 iurisdictionibus

44 2150 235 2185 Asiaticis.
268 2150 306 2184 S.
335 2161 394 2193 ep.
416 2151 523 2191 CCL,
539 2151 571 2184 9.
622 2151 775 2183 Warum
810 2152 934 2185 redeat
966 2158 1081 2197 oport.
1110 2156 1207 2190 ohne
1232 2162 1288 2198 ut,
1323 2160 1397 2195 wie
1420 2162 1501 2206 §.2

44 2197 154 2230 velim
177 2196 310 2230 exist?
340 2207 368 2229 S.
396 2196 545 2230 Ramsh.
573 2197 604 2240 §.
622 2197 702 2239 193,
726 2197 760 2230 4.
786 2197 875 2233 Not.
891 2200 925 2232 1.
959 2199 1100 2235 Grotef.
1126 2203 1154 2245 §.
1176 2203 1243 2238 400
1268 2215 1302 2239 u.
1331 2208 1409 2244 181.

135 2253 167 2286 2.
200 2264 267 2296 per
297 2253 425 2285 literas
458 2251 568 2286 huius
608 2253 696 2288 edit.
732 2265 790 2298 ep.
815 2255 894 2290 232.
916 2275 961 2282 —-
1007 2261 1040 2290 ie
1072 2269 1174 2294 nunc.
1212 2260 1277 2296 Sic
1306 2263 1437 2298 Lamb.
1470 2269 1506 2299 et

5 2324 6 2329 ,
46 2309 139 2333 nunc
164 2298 259 2332 Gett.
287 2309 367 2331 cum
392 2298 493 2341 Md.‚
526 2298 562 2331 in
597 2311 670 2343 quo
706 2303 739 2333 te
763 2306 874 2344 atque
908 2306 942 2334 ee
972 2313 1084 2348 saepe
1114 2306 1389 2343 confunduntur
1420 2311 1502 2352 (cfr.

46 2345 128 2379 Lib.
149 2346 180 2378 1.
206 2345 272 2387 Ep.
289 2345 323 2386 9,
350 2345 379 2395 ἕ..
397 2345 450 2378 24.
477 2345 558 2379 Lib.
579 2346 632 2379 14.
658 2346 725 2389 Ep.
745 2348 779 2389 3,
794 2348 827 2380 4.
854 2351 887 2381 te
912 2348 1005 2382 istic.
1032 2351 1109 2386 Md.
1135 2356 1169 2385 et
1191 2353 1319 2397 istic).
1357 2357 1506 2399 Vulga-

45 2398 116 2424 tam
143 2397 261 2423 tamen
288 2390 482 2423 lecnonem
515 2391 640 2424 laudat
665 2392 829 2436 Madvig.
848 2396 879 2428 l.
907 2405 943 2439 p.
966 2396 1021 2431 75.
1050 2397 1246 2434 ORELLI.
1269 2419 1315 2427 --
1351 2403 1506 2436 veritate

45 2448 91 2470 =
115 2435 281 2478 iustitia,
309 2436 451 2479 sosern‚
476 2437 530 2470 als
557 2447 598 2469 er
622 2437 744 2472 Recht
769 2440 843 2475 hat.
862 2460 906 2466 —-
937 2441 1082 2488 Ephesi.
1117 2444 1209 2483 Vid.
1237 2446 1345 2492 epist.
1361 2447 1504 2493 cel‚2.

3 2499 7 2528 g
48 2501 91 2507 —-
123 2493 167 2515 esc
190 2482 383 2525 sententia,
410 2481 501 2516 nach
525 2483 705 2519 Wunsch.

3 2539 7 2566 1

4 2667 5 2680 ι

5 2686 9 2708 1

109 2770 175 2798 Cic.
200 2772 310 2798 Brief·
334 2782 365 2800 v.
390 2771 529 2798 Billa-rb.
555 2774 596 2799 1¹.
1153 2778 1207 2816 14
