1795 3043
237 80 341 128 544.
495 76 564 126 M.
599 77 655 123 Τ.
690 74 1035 126 CICERONIS
1069 76 1445 131 EPISTOLAE.

232 188 369 231 -fuisso
406 190 605 242 poenitet.
666 188 719 228 Ὧ.
747 185 896 241 πολλῆς
922 187 1158 240 ἀγεννείας]
1205 192 1280 246 qui
1316 192 1446 235 etiam
1473 192 1701 237 Antonium

237 246 510 287 confirmasse
552 247 733 296 dicitur,
785 250 831 288 ut
868 261 935 290 me
970 251 1220 303 impediret3
1279 263 1363 304 quo
1402 252 1516 305 ipse,
1558 252 1702 305 credo,
1769 281 1771 303 2

185 300 214 340 3
237 303 465 344 honestius.
523 303 733 345 Antonius
771 308 911 347 autem
949 319 1007 348 v1.
1041 308 1101 347 Id.
1144 307 1330 360 Capuam
1357 309 1573 362 profectus
1613 311 1698 369 esjj:

236 361 290 401 ad
329 373 395 400 me
440 361 575 412 misit,
626 375 670 402 se
716 363 877 415 pudore
914 363 1160 405 deterritum
1210 365 1262 405 ad
1301 378 1367 406 me
1403 378 1487 407 non
1521 366 1701 419 venisse,

236 417 349 468 quod
377 430 444 458 me
474 418 554 458 sibi
582 432 833 461 succensere
862 423 1040 473 putaret.
1098 421 1238 462 Ibitur
1266 421 1417 476 igitur,
1447 424 1490 464 et
1517 422 1577 463 ita
1606 423 1697 475 qui-

235 474 352 524 dem,
382 476 430 514 ut
460 487 606 516 censes
616 490 630 526 ;
669 478 753 518 nisi
783 478 903 518 cuius
932 479 1140 531 gravioris
1167 491 1371 531 personae
1401 480 1699 532 suscipiendae
1769 487 1771 529 ζ

233 543 330 583 spes
371 531 454 571 erit
495 534 591 572 ante
630 533 784 574 oblata.
854 535 938 575 Sed
977 536 1049 577 vix
1089 536 1170 576 erit
1211 541 1295 577 tam
1334 534 1433 580 cito.
1503 537 1699 578 Allienus
1767 539 1771 591 ’ς

235 589 376 629 autem
416 591 590 640 praetor
626 591 803 642 putabat
843 593 1052 644 aliquem,
1105 593 1140 633 si
1172 604 1247 650 ego
1275 605 1386 646 non,
1438 606 1490 635 ex
1520 595 1698 646 collegis

182 648 209 686 4
235 646 334 685 suis.
393 646 538 694 Quivis
576 647 701 699 licet,
750 648 973 688 dummodo
1003 650 1173 701 aliquis.
1240 651 1304 692 De
1341 663 1510 699 sorore,
1552 651 1695 692 laudo.

232 701 297 742 De
328 702 482 750 Quinto
520 716 677 755 puero,
725 704 850 745 datur
897 718 1041 757 opera.
1100 708 1234 759 Spero
1264 720 1354 748 esse
1384 708 1573 749 meliora.
1630 708 1697 749 Do

232 759 390 807 Quinto
421 761 572 801 fratre:
624 762 731 801 scito
761 775 856 803 eum
884 775 969 803 non
997 763 1268 805 mediocriter
1295 764 1494 806 laborare
1524 765 1576 806 de
1604 777 1696 807 ver-

229 829 352 856 surat
403 817 475 857 sed
515 818 653 858 adhuc
693 819 802 860 nihil
839 834 864 860 a
901 820 950 862 L.
979 820 1162 873 Egnatio
1202 823 1422 873 expressit.
1480 822 1614 864 Axius
1643 822 1696 863 de

229 885 313 916 xil.
342 874 532 915 millibus
574 875 749 927 pudens.
816 877 953 930 Saepe
995 878 1110 918 enim
1145 877 1392 932 adscripsit,
1442 881 1489 920 ut
1535 880 1694 932 Gallio,

225 995 583 1077 C'nffssssii‘ssfezt‘ssfiiss
601 997 739 1078 32.ss
760 997 1342 1079 {33305555313522323³}
1365 997 1694 1090 ἕὲ“3ἓὲθὲὲἒ”ὲθ

651 1072 663 1077 3
1331 1070 1340 1078 .
1421 1071 1429 1080 .
1509 1070 1516 1079 .
1613 1069 1625 1088 ,
1681 1069 1690 1078 .

225 1108 271 1114 —-
295 1089 349 1123 ’Ὡ
385 1091 513 1124 nom..
548 1090 723 1134 ἀγειιιι.,
759 1101 782 1123 ο
817 1089 1000 1124 abiectum
1034 1090 1288 1134 humilemque
1312 1090 1495 1135 animum,
1533 1096 1693 1136 propter

223 1134 394 1169 timoiem
431 1135 626 1179 poenitere
656 1147 817 1170 summae
851 1135 1065 1180 dignitatis,
1106 1147 1179 1180 qua
1203 1137 1362 1181 gloriari
1389 1138 1498 1171 etiam
1526 1137 1691 1171 deberet.

223 1180 433 1216 MANUT.
459 1202 477 1208 -
520 1183 769 1226 ἀγεννείας
806 1181 907 1225 eius,
947 1186 1010 1226 qui
1043 1189 1111 1217 cet.
1155 1202 1198 1208 —
1253 1184 1436 1226 confirm„
1484 1183 1692 1226 zugeredet

222 1227 357 1260 haben.
386 1246 428 1251 —
467 1228 679 1271 impediret,
710 1228 893 1261 retineret
917 1239 938 1261 a
962 1228 1145 1262 discessu.
1171 1247 1216 1254 --
1246 1239 1313 1272 quo
1336 1230 1415 1273 ipse
1440 1254 1449 1264 .
1471 1253 1481 1264 .
1506 1229 1691 1263 honestius

222 1272 262 1307 in
287 1272 397 1307 Italia
420 1283 568 1307 manere
593 1273 732 1317 possit,
767 1274 798 1307 si
823 1284 893 1317 ego
920 1284 993 1307 non
1018 1275 1159 1307 abeam.
1193 1275 1312 1310 ERN.

311 1320 346 1354 3.
384 1320 433 1353 ad
463 1330 518 1352 me
550 1322 675 1363 misit,
714 1331 756 1353 er
790 1319 880 1353 liess
913 1318 985 1353 mir
1018 1330 1148 1364 sagen.
1192 1339 1236 1345 —
1284 1331 1504 1355 succensere.
1554 1320 1593 1356 S.
1626 1331 1687 1367 ep.

218 1366 309 1408 379,
335 1365 369 1400 2.
410 1367 499 1409 376,
525 1365 559 1399 2.
597 1384 641 1390 -
687 1366 809 1400 Ibilar
832 1366 973 1410 igitur,
1011 1377 1051 1400 es
1076 1366 1195 1400 bleibt
1219 1367 1298 1402 also
1324 1367 1451 1402 dabei:
1488 1367 1549 1401 ich
1573 1368 1689 1411 gehe!

221 1430 266 1437 —-
290 1422 412 1445 censes
437 1413 518 1446 scil.
546 1416 585 1445 ut
605 1412 742 1456 palam.
778 1412 815 1446 S.
841 1414 870 1455 ξ).
887 1413 920 1446 2.
948 1432 992 1437 —-
1031 1423 1138 1455 grav.
1163 1424 1261 1457 pers.
1288 1425 1402 1457 susc„
1429 1413 1514 1447 eine
1538 1413 1688 1448 wichti-

219 1468 312 1502 gere
345 1458 460 1492 Rolle
492 1469 538 1492 zu
570 1459 842 1501 ubernehmen3
886 1459 1078 1493 entweder
1113 1459 1175 1493 die
1208 1460 1323 1494 Rolle
1357 1460 1462 1495 eines
1486 1460 1688 1494 Friedens-

193 1504 383 1547 ·stifters,
424 1504 499 1538 wie
531 1505 708 1549 Ernesti,
744 1506 838 1539 oder
870 1505 973 1539 eines
1005 1506 1213 1540 Anfflhrers
1248 1507 1315 1540 der
1347 1507 1375 1550 §.
1400 1509 1431 1540 l.
1468 1507 1687 1541 erwahnten

217 1551 304 1584 acht
335 1551 525 1585 Cohorten
559 1552 632 1585 und
664 1552 760 1585 zwei
794 1551 1012 1595 Legionen,
1049 1552 1125 1585 wie
1156 1553 1353 1598 Mongault
1386 1554 1608 1588 vermuthet.
1640 1569 1688 1579 -

218 1600 293 1630 iam
317 1597 403 1631 cito.
453 1598 642 1632 Desshalb
668 1598 815 1632 schrieb
842 1609 883 1631 er
908 1598 1023 1632 oben:
1060 1604 1260 1643 torqueor,
1295 1606 1417 1633 utrum
1443 1606 1591 1633 ventum
1617 1610 1687 1634 ex-

215 1652 396 1692 spectem.
434 1668 476 1674 -
532 1649 728 1691 Allienus,
768 1655 924 1693 praetor
955 1648 1025 1683 suit
1062 1648 1106 1684 εἳ)
1141 1651 1224 1694 705;
1265 1649 1503 1696 proconsulis
1533 1650 1683 1693 nomine

215 1697 319 1732 rexit
350 1696 394 1734 a'b
420 1701 500 1735 708.
548 1700 638 1736 Vid.
674 1700 816 1734 Eckhel
847 1700 963 1734 doctr.
1001 1701 1169 1739 numism.
1202 1701 1291 1736 Vol.
1309 1702 1382 1744 IV,
1412 1701 1458 1734 P.
1476 1702 1508 1735 1.
1541 1712 1579 1746 p.
1601 1703 1680 1737 138.

214 1743 262 1779 ad
287 1745 421 1779 Famil.
446 1746 543 1789 XII,
570 1749 625 1782 ll.
654 1747 708 1781 12.
741 1747 859 1786 XIII,
885 1747 967 1781 435.
999 1747 1081 1782 436.
1128 1747 1216 1790 Vgl.
1243 1748 1289 1781 de
1314 1747 1409 1781 Bell.
1435 1746 1551 1782 Afric.
1578 1748 1613 1782 2.
1639 1765 1684 1774 -·

213 1801 260 1824 ea:
285 1792 440 1835 collegis
463 1795 541 1825 suis
565 1794 659 1830 hanc
683 1804 877 1837 personam
911 1793 936 1826 i.
964 1803 995 1827 e.
1021 1793 1126 1827 ducis
1150 1799 1277 1838 partes
1301 1800 1557 1837 suscepturum
1583 1805 1681 1830 esse.

214 1855 261 1862 —
293 1838 421 1873 Quivis
452 1839 538 1871 licet
576 1841 641 1873 has
672 1846 799 1884 partes
836 1838 1035 1884 suscipiat,
1081 1840 1273 1873 dummodo
1317 1839 1454 1884 aliquis
1487 1840 1678 1886 suscipiat.

212 1883 308 1927 „Sei
332 1896 372 1919 es
401 1884 528 1918 dieser
553 1886 646 1919 oder
670 1887 804 1928 lener,
837 1886 1059 1930 gleichviel!
1097 1896 1206 1919 wenn
1232 1897 1303 1919 nur
1326 1885 1511 1920 Iemand.''

304 1931 355 1965 4.·
373 1931 429 1965 De
452 1942 580 1965 sorore
606 1938 687 1975 tua,
727 1932 936 1976 Pomponia
962 1943 990 1966 s.
1018 1932 1203 1975 Caecilia,
1235 1932 1365 1970 Quinti
1389 1931 1515 1966 fratris
1542 1942 1676 1976 uxore,

213 1976 336 2019 „Was
363 1977 424 2011 Du
451 1977 520 2011 mir
545 1989 677 2022 wegen
702 1978 847 2012 Deiner
871 1978 1086 2013 Schwester
1112 1978 1314 2021 schreibst,
1338 1978 1402 2013 hat
1425 1978 1571 2012 meinen
1596 1979 1677 2013 vol-

210 2022 315 2067 ligen
340 2023 515 2058 Beifall.”
563 2025 606 2058 In
630 2025 760 2069 Bezug
790 2025 856 2059 auf
882 2036 941 2070 ep.
968 2027 1055 2068 377,
1080 2027 1100 2058 l
1133 2036 1189 2058 am
1215 2025 1335 2059 Ende.
1370 2042 1413 2051 —-
1459 2024 1516 2059 De
1542 2026 1675 2061 Quinto

203 2080 334 2113 puer-0.
366 2070 404 2105 S.
432 2081 490 2115 ep.
509 2072 597 2114 378,
621 2073 654 2106 3.
681 2090 724 2096 -
760 2082 834 2104 esse
858 2072 1033 2114 meliora,
1066 2082 1105 2105 es
1132 2071 1186 2105 sei
1211 2073 1326 2106 sehon
1345 2071 1475 2105 besser
1499 2072 1565 2105 mit
1585 2071 1673 2107 ihm.

210 2133 257 2140 —-
291 2116 334 2149 de
358 2127 509 2150 versura
534 2117 559 2151 i.
577 2129 610 2151 e.
637 2117 684 2151 de
708 2118 888 2152 solvendo
913 2118 1041 2152 debito
1067 2128 1135 2162 per
1160 2128 1360 2153 versuram.
1397 2117 1458 2151 De
1474 2117 1555 2152 Urs.
1584 2119 1673 2161 (non

212 2161 384 2205 con-ad.)
411 2162 505 2196 coni.
541 2163 627 2198 Sch.
660 2164 752 2198 Liin.
785 2175 897 2198 usura
927 2170 1111 2210 perpetuo
1137 2163 1174 2197 in
1201 2166 1235 2200 h.
1254 2176 1287 2198 v.
1315 2174 1443 2197 errore
1468 2163 1564 2198 Cett.
1590 2175 1673 2198 cum

211 2207 306 2242 Gdd.
347 2209 421 2244 OR.
469 2209 507 2244 S.
537 2222 596 2255 ep.
617 2213 703 2254 377,
735 2212 768 2244 2.
810 2230 855 2236 —-
901 2222 923 2244 α
949 2211 993 2246 L.
1019 2211 1201 2253 Egnatz'03
1236 2210 1288 2244 ait
1311 2210 1445 2244 Cicero
1470 2210 1671 2253 Egnatium

208 2254 459 2289 feneratorem
485 2257 646 2290 nondum
671 2257 806 2291 adduci
831 2257 1019 2301 potuisse,
1065 2263 1104 2290 ut
1127 2257 1256 2291 Quinti
1280 2256 1430 2291 nomine
1454 2256 1579 2290 Attico
1605 2268 1671 2301 pe-

210 2301 356 2334 cuniam
387 2302 566 2338 solveret.
603 2304 710 2337 SCH.
760 2303 887 2338 Ueber
910 2303 1092 2348 Egnatius
1116 2303 1302 2337 Sidicinus
1335 2313 1364 2336 s.
1392 2313 1452 2347 ep.
1483 2302 1529 2336 ad
1553 2303 1668 2339 Attic.

209 2345 287 2391 VI,
315 2350 355 2390 13
399 2349 492 2382 iiber
515 2349 558 2383 L.
585 2350 716 2394 Egnat.
745 2362 804 2396 ep.
824 2350 901 2385 123.
934 2347 1023 2393 3153
1063 2350 1156 2383 iiber
1180 2350 1220 2384 L.
1245 2349 1341 2393 Egn.
1368 2349 1488 2382 Rufus
1514 2351 1667 2393 ep.370.

208 2409 255 2417 ·—-
286 2395 408 2428 Axius
438 2395 481 2428 de
510 2396 596 2430 XII
625 2397 752 2439 (XIII.
787 2402 825 2431 ut
849 2397 920 2441 Ep.
944 2398 997 2431 ll.
1031 2396 1156 2429 Lamb.
1190 2395 1226 2428 in
1260 2407 1306 2429 m.
1341 2396 1431 2430 1584
1465 2405 1501 2428 et
1533 2395 1667 2431 Graev.

207 2442 328 2484 susp.)
361 2441 454 2475 mill.
476 2443 632 2486 podem,
664 2443 787 2477 Axius
813 2443 960 2487 betragt
983 2443 1064 2477 sich
1089 2441 1327 2475 hinsichtlich
1353 2442 1422 2475 der
1451 2443 1539 2477 1300
1564 2442 1666 2478 Flor.

207 2485 385 2520 wirklich
419 2488 507 2522 sehr
541 2489 757 2523 verschamt.
801 2490 941 2533 pudens
972 2488 1132 2522 ironice:
1171 2487 1332 2531 quinon
1357 2488 1468 2522 modo
1493 2498 1566 2522 non
1592 2488 1667 2532 dat,

207 2532 310 2574 quod
335 2533 464 2577 debet,
498 2545 629 2579 nempe
652 2536 764 2571 XIII.
789 2535 926 2578 millia,
961 2535 1027 2569 sed
1049 2534 1158 2569 etiam
1183 2535 1269 2580 plus
1292 2534 1396 2580 petit.
1445 2535 1521 2569 Zur
1545 2534 1666 2570 Sache

206 2578 283 2622 vgl.
310 2590 369 2624 ep.
390 2580 686 2625 CCCLXXVII,
710 2582 743 2616 2.
769 2600 813 2607 —
846 2581 1043 2626 adscripsit
1066 2581 1091 2615 i.
1107 2592 1140 2615 e.
1167 2592 1279 2625 quum
1304 2580 1437 2616 scribit
1459 2591 1500 2615 se
1515 2581 1666 2615 solvere

205 2633 281 2658 non
311 2636 424 2670 posse
455 2626 526 2661 hoc
557 2634 747 2673 tempore,
796 2628 929 2662 scribit
960 2628 1115 2673 insuper
1146 2627 1193 2661 de
1220 2628 1381 2673 pecnnia
1416 2626 1499 2661 filio
1530 2626 1661 2662 danda.

206 2670 286 2713 „ad
309 2683 364 2705 me
387 2672 537 2717 scripsit
568 2675 633 2710 cd.
659 2675 743 2710 Urs.
785 2674 922 2709 Nescio
948 2674 1012 2718 qui
1037 2674 1134 2719 apud
1160 2674 1266 2708 Corr.
1301 2673 1398 2709 0R.'‘
1430 2692 1474 2698 —
1524 2673 1662 2716 Gallio,

204 2715 346 2751 seinem
372 2717 521 2764 Sohne,
557 2719 626 2755 der
657 2721 729 2756 den
752 2721 894 2756 Namen
919 2721 1065 2756 Gallius
1098 2721 1290 2755 entweder
1319 2719 1437 2755 durch
1469 2718 1661 2764 Adoption

203 2762 374 2800 erhalten
402 2765 505 2802 hatte
542 2767 635 2804 oder
667 2767 750 2804 sein
773 2767 966 2804 stiefsohn
996 2778 1088 2803 war.
1137 2767 1192 2804 Er
1222 2767 1344 2811 hiess,
1380 2775 1490 2802 wenn
1519 2776 1562 2801 er
1586 2776 1661 2801 von

1768 1502 1770 1515 ι

1768 1518 1771 1539 i

1755 2496 1761 2509 Ι

1757 2528 1760 2538 l

1754 2554 1760 2608 ,³

1754 2609 1766 2661 ε

1752 2662 1766 2721 ξ.

1740 2734 1766 2753 ‚el
