1795 3043
501 92 816 141 EPISTOLA
851 93 1113 143 CCXXXV.
1451 101 1551 149 141

79 205 306 248 nobilitate
335 205 545 247 neminem
574 206 698 247 facio.
755 207 925 258 Itaque,
973 208 1010 248 si
1041 221 1092 248 ea
1119 207 1297 257 seceris,
1337 220 1447 261 quae
1475 209 1552 249 ille

79 277 159 316 per
187 277 253 304 me
282 266 423 305 tecum
452 264 517 315 agi
539 265 691 315 voluit,
721 265 1005 316 gratissimum
1023 265 1127 305 mihi
1147 266 1316 307 feceris.
1359 267 1550 306 Primum

80 321 133 361 de
161 322 372 362 Pausania
400 318 708 372 Alabandensi,
737 322 943 361 sustentes
972 335 1084 370 rem,
1118 322 1217 363 dum
1246 323 1361 363 Nero
1390 324 1551 366 veniat.

79 378 362 418 Vehementer
380 378 469 417 eius
486 390 612 417 causa
631 390 788 430 cupere
809 391 903 418 eum
922 379 1131 421 intellexi.
1162 381 1311 432 Itaque
1328 381 1411 422 hoc
1426 380 1552 421 valde

81 437 125 474 te
155 448 269 488 rogo.
317 434 480 475 Deinde
500 434 698 488 Nysaeos,
730 447 834 486 quos
856 434 969 475 Nero
1000 436 1044 474 in
1075 436 1222 487 primis
1250 438 1379 478 habet
1408 450 1552 478 neces-

81 493 218 532 sarios
247 491 653 544 diligentissimeque
683 494 829 532 tuetur
855 504 905 532 ac
927 492 1128 539 defendit,
1161 493 1318 535 habeas
1341 495 1421 535 tibi
1438 507 1551 536 com-

80 549 436 590 mendatissimos:
476 550 523 588 ut
552 549 763 601 intelligat
790 550 866 588 illa
906 550 1056 589 civitas
1086 549 1167 589 sibi
1196 551 1240 590 in
1266 551 1449 592 Neronis
1477 565 1552 604 pa-

81 607 264 646 trocinio
293 618 500 646 summum
522 617 613 646 esse
630 607 902 658 praesidium.
946 607 1197 646 Strabonem
1219 608 1447 649 Servilium
1472 608 1553 649 tibi

81 676 208 715 saepe
238 662 547 703 commendavi:
587 676 701 704 nunc
732 676 780 703 eo
810 663 922 703 facio
952 663 998 703 id
1025 663 1277 717 impensius,
1315 666 1427 717 quod
1459 667 1553 706 eius

82 733 254 760 cansam
283 720 396 760 Nero
426 721 625 772 suscepit.
684 722 865 761 Tantum
896 735 920 761 a
950 722 992 761 te
1018 723 1223 772 petimus,
1254 724 1301 762 ut
1330 736 1428 775 agas
1459 736 1551 763 eam

79 789 171 817 rem
201 789 279 817 nec
307 777 526 828 relinquas
555 778 768 818 hominem
796 779 1066 818 innocentem
1096 780 1148 819 ad
1179 780 1362 819 alicuius
1384 781 1447 820 tui
1471 780 1553 819 dis-

80 834 231 874 similis
260 836 492 884 quaestum.
553 834 601 873 Id
631 847 759 886 quum
789 838 953 888 gratum
990 837 1098 876 mihi
1138 837 1243 885 erit3
1293 839 1382 877 tum
1423 838 1552 877 etiam

80 891 325 931 existimabo
354 894 397 931 te
426 892 691 932 humanitate
718 895 791 933 tua
819 906 909 934 esse
939 907 1074 935 usum.
1119 894 1292 934 Summa
1310 895 1439 934 huius
1463 894 1551 946 epi-
1572 905 1603 945 2

14 976 16 1001 ,
81 949 215 988 stolae
243 949 352 989 haec
382 951 469 996 est,
508 951 556 989 ut
593 961 717 989 ornes
755 951 948 991 omnibus
984 951 1112 991 rebus
1142 950 1379 999 Neronem,
1420 951 1550 992 sicuti

15 1007 16 1062 1
80 1005 303 1045 instituisti
333 1008 461 1057 atque
490 1006 645 1048 fecisti.
703 1006 903 1060 Magnum
933 1009 1144 1048 theatrum
1175 1008 1303 1048 habet
1342 1009 1424 1048 ista
1452 1021 1552 1060 pro-

14 1066 16 1113 1
80 1063 245 1110 vincia,
283 1075 367 1102 non
399 1065 447 1103 ut
476 1063 582 1104 haec
612 1066 779 1112 nostra,
820 1068 881 1105 ad
908 1065 1191 1106 adolescentis
1219 1065 1397 1113 nobilis,
1438 1067 1553 1119 inge-

80 1119 216 1167 niosi,
255 1118 508 1160 abstinentis
539 1121 945 1162 commendationem
985 1124 1113 1174 atque
1142 1123 1334 1175 gloriam.
1394 1123 1550 1172 Quare,

79 1203 1560 1215 Ἥ

16 1256 17 1266 1
81 1243 153 1266 m0.
167 1251 213 1256 —
236 1232 403 1266 Nihil:
422 1244 535 1267 nemo.
565 1234 604 1269 S.
627 1235 777 1269 Ramsh.
805 1236 833 1278 ἕ.
847 1236 928 1279 203,
944 1236 975 1278 Ι,
995 1247 1027 1275 a,
1046 1237 1081 1269 5.
1097 1255 1140 1259 —
1165 1236 1209 1269 de
1233 1235 1421 1269 Pausania
1438 1234 1550 1269 Alab.

17 1280 21 1311 ss
81 1278 169 1322 Vgl.
196 1290 254 1323 ep.
280 1279 491 1323 CCXXXI,
518 1282 550 1315 l.
570 1282 601 1314 2.
638 1282 779 1315 Dieser
804 1293 901 1316 muss
927 1282 987 1315 ein
1013 1282 1143 1315 Klient
1167 1283 1234 1316 des
1247 1283 1349 1316 Nero
1375 1292 1553 1326 gewesen

15 1338 19 1351 ‹
83 1325 174 1360 sein.
188 1344 232 1350 -—
256 1329 430 1358 sustentes
449 1338 526 1359 rem
541 1328 567 1360 i.
580 1338 612 1360 e.
632 1328 852 1372 suspendam,
870 1328 928 1361 ich
945 1329 1124 1362 wunsche
1141 1328 1224 1362 dass
1236 1329 1299 1362 Du
1316 1328 1420 1362 seine
1432 1328 1553 1362 Sache

16 1385 20 1406 1
85 1371 322 1404 aufschieben
350 1375 502 1415 milgest.
521 1392 566 1398 —
598 1374 677 1406 eius
701 1386 730 1407 c.
755 1385 903 1417 cupere,
933 1374 1016 1408 dass
1042 1386 1083 1407 er
1109 1374 1183 1407 ihm
1209 1374 1553 1408 ausserordentlich

17 1427 19 1445 ¹
85 1417 188 1451 wohl
210 1417 302 1451 will.
330 1417 529 1453 S.Ramsh.
557 1420 584 1463 ξ.
597 1420 674 1454 123.
702 1420 847 1454 Grotef.
869 1420 986 1463 §.273.
1016 1420 1107 1464 vgl.
1125 1432 1181 1464 ep.
1196 1421 1416 1455 CCXXXII
1436 1421 1555 1465 ipsius

17 1462 19 1510 1
85 1474 196 1497 causa
221 1463 302 1496 veh.
331 1464 455 1498 omnia
478 1465 589 1499 velle.
609 1484 650 1490 —
676 1466 853 1510 Nysaeos,
878 1467 940 1500 die
955 1467 1189 1500 Einwohner
1213 1479 1287 1501 von
1303 1468 1407 1512 Nysa
1428 1467 1464 1500 in
1483 1467 1555 1501 Ca-

18 1523 21 1544 ι
84 1510 186 1552 rien,
219 1520 279 1542 wo
305 1510 441 1544 Strabo
466 1510 504 1543 in
530 1511 653 1545 seiner
678 1513 820 1555 Iugend
845 1513 1015 1547 studirte.
1034 1531 1079 1537 —-
1113 1524 1200 1556 quos
1299 1513 1380 1547 hab.
1407 1523 1555 1553 necess„

84 1556 151 1589 mit
176 1556 345 1589 welchen
372 1567 414 1589 er
440 1557 508 1599 (als
524 1558 680 1600 Patron)
708 1558 745 1591 in
771 1559 976 1592 besonders
997 1569 1114 1603 engen
1130 1560 1418 1594 Verh'altnissen
1442 1560 1553 1592 steht.

85 1621 131 1627 --
167 1603 343 1645 defendit,
378 1603 541 1636 vertritt.
598 1605 651 1637 Es
683 1606 830 1637 mijssen
860 1605 1047 1638 Handels-
1073 1605 1148 1638 und
1174 1605 1553 1649 Geldstreitigkeiten

6 1657 21 1692 ’μ’
85 1648 274 1682 zwischen
299 1649 370 1682 den
396 1650 611 1683 erwahnten
636 1650 798 1684 Kariern
824 1652 897 1684 und
924 1651 994 1685 den
1020 1652 1277 1686 Einwohnern
1301 1664 1384 1686 vom
1409 1653 1555 1685 Pontus

8 1695 22 1730 tss
85 1706 122 1728 u.
139 1694 342 1739 Bithynien
368 1706 543 1738 gewesen
568 1697 660 1739 sein,
685 1697 808 1730 wobei
825 1698 926 1731 Nero
953 1698 1176 1732 derPatmn
1202 1698 1270 1734 der
1295 1705 1440 1732 erstern
1460 1709 1554 1732 war.

8 1740 22 1778 '2⁴
88 1740 127 1775 S.
166 1741 192 1782 §.
215 1741 248 1773 2.
282 1741 480 1775 clientelas.
498 1761 542 1767 —
579 1742 659 1776 hab.
687 1747 713 1777 t.
739 1745 955 1787 commend„
987 1744 1071 1778 dass
1097 1745 1159 1778 Du
1184 1745 1259 1778 1:31·
1283 1746 1433 1778 wollest
1458 1754 1554 1788 ganz

10 1799 22 1829 5¹
86 1786 306 1830 vorzfiglich
330 1789 541 1832 empt‘ohlen
569 1789 647 1823 sein
672 1790 806 1824 lassen.
843 1790 880 1825 S.
901 1791 1050 1824 Ramsh.
1079 1792 1198 1834 §.171,
1220 1792 1271 1831 11,
1289 1792 1379 1834 Α,2.
1408 1791 1554 1825 Grotef.

10 1835 25 1874 ξ(
87 1835 117 1877 §.
143 1833 222 1867 324.
245 1852 287 1858 —
331 1834 453 1869 Strab.
480 1835 583 1869 Serv.
616 1837 692 1870 wol
725 1836 784 1870 ein
809 1837 918 1870 Rom.
945 1837 1071 1870 Ritter
1098 1849 1131 1871 u.
1158 1838 1381 1882 negotiator.
1402 1856 1446 1862 —
1485 1838 1556 1871 im-

83 1880 231 1923 pensius
253 1887 300 1913 :2
323 1880 552 1924 diligentius.
569 1901 614 1906 —
643 1884 799 1927 suscepit
824 1883 906 1917 scil.
924 1883 961 1916 in
987 1883 1268 1917 clientelam.—
1293 1888 1332 1917 ut
1357 1894 1451 1926 agas
1474 1894 1558 1917 eam

87 1936 178 1968 rem,
206 1925 288 1958 dass
314 1927 375 1959 Du
401 1927 505 1961 seine
530 1927 650 1962 Sache
682 1930 901 1963 ausmachen
926 1933 1081 1974 mogest.
1101 1950 1146 1955 --
1198 1941 1272 1964 vec.
1307 1930 1371 1965 Sic
1402 1929 1502 1966 vict.
1519 1929 1554 1963 2.

87 1971 215 2005 Lamb.
242 1983 283 2004 ηε
308 1973 403 2007 Cett.
430 1985 511 2007 cum
537 1975 614 2010 Md.
642 1975 715 2008 OR.
744 1995 786 2000 —
824 1977 963 2018 z'nnoa,
990 1977 1324 2010 unverschuldeter
1349 1976 1490 2010 Weise.
1511 1994 1556 2000 -

88 2028 152 2050 nec
177 2017 307 2061 relinq.
334 2045 342 2053 .
362 2045 370 2053 .
389 2045 396 2053 .
423 2021 472 2054 ad
496 2021 580 2054 alz'c.
599 2047 626 2056 ..
653 2026 849 2065 quaestum,
878 2034 911 2057 u.
931 2022 1014 2056 dass
1029 2024 1092 2057 Du
1118 2024 1181 2057 ihn
1207 2023 1310 2057 nicht
1336 2022 1456 2056 einem
1477 2023 1557 2056 An-

88 2064 180 2096 dern
207 2064 288 2106 (der
313 2065 414 2099 nicht
438 2077 479 2100 so
505 2068 798 2112 uneigenniitzig
822 2069 902 2102 sein
928 2069 1074 2113 durfte,
1100 2070 1175 2103 wie
1194 2070 1272 2112 Du)
1300 2080 1345 2103 zu
1372 2069 1557 2113 berupfen

23 2111 25 2144 i
89 2110 334 2144 hinterlassen
360 2113 520 2147 wollest.
541 2133 584 2139 —
623 2115 678 2147 ἰαί
702 2116 898 2149 dissimilis
922 2115 944 2149 i.
973 2127 1004 2150 e.
1037 2116 1298 2160 propraetoris
1334 2116 1459 2159 avari,
1491 2114 1557 2159 qui

24 2163 25 2180 ¹
87 2156 134 2188 ab
161 2168 204 2189 eo
231 2163 453 2201 extorqueat
478 2160 683 2204 pecuniam.
722 2161 931 2195 Hinterlass
949 2162 1028 2195 also
1046 2163 1107 2196 die
1121 2162 1404 2205 Entscheidung
1418 2161 1558 2195 Dieser

24 2202 28 2226 ἶ
90 2201 209 2236 Sache
240 2203 387 2238 keinem
417 2206 665 2251 Nachsolger:
705 2208 832 2241 mache
861 2209 925 2242 Du
961 2208 1014 2242 sie
1046 2212 1129 2242 aus!
1155 2228 1200 2233 —
1241 2213 1274 2242 te
1305 2208 1400 2242 lcum.
1429 2212 1454 2241 t.
1481 2217 1558 2240 esse

89 2258 207 2290 usam,
231 2249 315 2284 dass
334 2251 395 2284 Du
407 2253 552 2287 Deiner
568 2254 1017 2297 gewohntenHumanitat
1033 2256 1177 2299 gemass
1192 2255 1391 2289 verfaln'en
1410 2254 1556 2288 habest.

179 2295 211 2328 2.
248 2295 415 2337 Summa,
447 2300 635 2342 generalis
667 2300 816 2344 petitio,
840 2321 881 2326 —
924 2301 1034 2334 sicuti
1067 2302 1142 2336 Md.
1178 2302 1283 2338 Vict.
1310 2301 1344 2334 2.
1376 2312 1424 2335 =
1463 2300 1559 2333 sicut

91 2338 185 2373 Cett.
205 2340 332 2374 OR.—
357 2343 441 2377 inst.
468 2350 539 2390 atq.
554 2348 620 2389 fec.
637 2353 678 2382 st.
706 2347 877 2380 instituto
904 2354 968 2380 tuo
995 2348 1131 2391 fecisti,
1158 2349 1253 2381 nach
1268 2345 1558 2381 DeinerWeise

26 2414 31 2437 ,¹
90 2386 230 2437 gethan·
247 2387 396 2421 hast.—
432 2390 629 2436 theatrum,
663 2393 785 2426 locum
811 2399 848 2427 et
873 2394 1124 2438 occasionem,
1158 2394 1225 2429 ubi
1249 2392 1410 2439 spectari
1438 2391 1559 2436 possit

27 2440 31 2465 ;
90 2431 252 2483 Neronis
288 2434 425 2478 virtus,
462 2439 729 2473 commendatio
763 2445 801 2473 et
834 2440 968 2483 gloria.
1017 2441 1073 2475 Cf.
1109 2441 1155 2475 ad
1186 2440 1338 2474 Divers.
1363 2439 1461 2479 XII,
1489 2438 1557 2473 29:

27 2495 30 2516 ;
90 2477 375 2520 ,.Fam111aritas‚
403 2485 599 2525 quaemihi
616 2497 696 2519 cum
714 2486 842 2520 Lamia
857 2492 925 2530 est,
950 2498 1082 2530 magno
1101 2488 1246 2521 theatro
1272 2491 1439 2530 Spectata
1464 2485 1558 2518 est.'’

27 2531 31 2551 z
89 2523 194 2558 Brut.
221 2536 250 2576 c.
268 2526 299 2559 2.
334 2527 552 2565 Quintilian.
577 2533 609 2574 l,
629 2533 663 2575 2,
678 2533 711 2566 9.
730 2552 775 2558 --
807 2544 879 2565 non
903 2537 942 2565 ut
966 2532 1053 2568 haec
1076 2538 1212 2567 nostra.
1249 2533 1382 2567 Cicero
1409 2530 1557 2574 signifi-

91 2576 148 2602 cat
174 2582 290 2604 maius
308 2574 440 2607 Asiam
466 2576 648 2611 theatrum
673 2589 768 2621 esse,
796 2579 832 2612 in
859 2590 933 2622 quo
949 2579 1111 2614 Neronis
1137 2579 1326 2621 nobilitas,
1352 2577 1556 2621 ingenium,

28 2633 32 2645 t
89 2616 313 2651 abstinentia
338 2631 419 2653 cnm
444 2621 552 2656 laude
576 2625 719 2658 versari
745 2625 883 2669 possit,
916 2637 1024 2668 quam
1052 2627 1243 2668 Cilicicmz,
1277 2625 1312 2657 in
1340 2635 1412 2666 qua
1435 2622 1557 2657 minus

29 2686 34 2711 1
90 2669 321 2715 {lotustesset
346 2666 448 2699 Nero
475 2678 542 2701 nec
567 2677 665 2703 esset
691 2677 790 2705 tanta
822 2671 1010 2705 hominum
1036 2673 1230 2705 doctorum
1256 2670 1384 2715 copia,
1416 2669 1480 2712 qni
1507 2669 1557 2703 de

91 2717 240 2751 ingenio
272 2711 352 2745 eins
377 2713 572 2747 aestimare
604 2724 768 2760 possent.
800 2718 909 2752 SCH.
941 2718 1032 2752 Ern.
1062 2718 1166 2752 nucis
1192 2717 1322 2751 inclns.
1349 2734 1393 2740 —-
1435 2716 1484 2749 ad
1508 2715 1556 2749 de

91 2752 207 2799 Beng.
227 2757 320 2794 coni.
342 2758 430 2795 Ern.
449 2759 592 2796 Bened.
611 2762 695 2798 Sch.
712 2764 807 2799 Lim.
825 2764 929 2800 omis.
955 2765 1005 2799 ad
1020 2765 1117 2801 Cett.
1144 2775 1224 2799 cum
1249 2762 1328 2799 Md.
1355 2761 1554 2796 ORELLI.
