1795 3043
215 90 315 138 352
475 86 539 133 M.
575 86 630 130 Τ.
667 72 1006 131 CICERONIS
1041 83 1410 133 EPIsTOLAE.

164 204 195 244 6
216 198 439 252 gruebant.
497 197 545 236 L.
579 196 798 237 Caesarem
817 196 904 238 vidi
922 197 1152 238 Minturnis
1180 212 1218 240 a.
1239 197 1278 238 d.
1304 210 1406 240 v111.
1426 197 1522 238 Kal.
1551 197 1676 239 Febr.

215 268 358 304 mane,
388 267 484 294 cum
514 253 823 295 absurdissimis
852 255 1081 306 mandatis,
1110 266 1195 295 non
1224 255 1459 307 hominem,
1486 255 1560 295 sed
1586 268 1679 296 sco-

216 327 292 366 pas
321 313 500 351 solutas:
538 313 585 350 ut
615 310 659 351 id
686 311 828 363 ipsum
857 312 962 352 mihi
989 313 1065 351 ille
1094 312 1288 353 videatur
1315 311 1521 352 irridendi
1550 324 1678 353 causa

216 370 382 419 fecisse,
412 368 484 418 qui
512 368 641 408 tantis
670 367 721 407 de
750 369 876 409 rebus
893 369 995 409 huic
1016 368 1214 409 mandata
1244 369 1430 418 dederit3
1460 368 1541 408 nisi
1569 370 1678 409 forte

219 439 302 466 non
331 425 461 477 dedit,
491 426 533 465 et
561 425 634 465 hic
663 437 855 465 sermone
884 426 1027 477 aliquo
1064 428 1235 478 arrepto
1265 438 1342 478 pro
1371 426 1579 466 mandatis
1607 424 1679 466 ab·

171 496 319 536 7usus
362 483 434 522 est.
493 481 726 534 Labienus,
765 482 830 523 vir
866 495 960 523 mea
997 483 1206 523 sententia
1243 496 1439 535 magnus,
1489 483 1678 523 Teanum

217 539 335 580 venit
372 552 411 580 a.
442 537 481 579 d.
513 551 573 580 lx.
603 539 698 579 Kal.
740 539 806 579 Ibi
850 540 1099 591 Pompeium
1147 541 1426 591 consulesque
1466 538 1679 580 convenit.

219 595 301 643 Qui
332 607 469 636 sermo
498 596 628 635 fuerit
658 596 699 635 et
729 595 830 646 quid
859 599 1001 637 actum
1028 597 1106 648 sit,
1148 596 1333 637 scribam
1362 596 1415 637 ad
1452 598 1516 648 te,
1551 606 1681 647 quum

218 654 381 693 certum
410 652 553 694 sciam.
621 652 847 703 Pompeius
886 653 939 693 ab
975 654 1117 693 Teano
1159 653 1361 693 Larinum
1403 665 1549 694 versus
1585 663 1682 704 pro-

216 710 355 750 fectus
398 711 460 749 est
499 723 536 749 a.
579 709 618 749 d.
648 721 749 749 vm.
780 709 879 751 Kal.
945 710 1009 749 Eo
1047 710 1116 750 die
1152 711 1307 751 mansit
1343 711 1531 752 Venafri.
1593 707 1684 749 Ali-

219 768 422 820 quantum
451 766 579 806 animi
607 764 774 806 videtur
801 765 922 806 nobis
959 767 1150 807 attulisse
1185 766 1411 811 Labienus.
1480 765 1564 808 Sed
1605 776 1682 818 ego

218 823 406 864 nondum
436 822 595 872 habeo,
639 821 740 872 quid
769 822 822 862 ad
851 824 894 862 te
924 835 975 863 ex
1003 822 1070 863 his
1097 823 1204 863 locis
1230 825 1425 865 scribam.
1482 825 1570 864 Ista
1598 834 1684 862 ma-

219 881 282 933 gis
313 880 529 933 exspecto:
572 879 673 929 quid
712 879 823 920 illim
860 877 1083 928 afferatur3
1128 892 1211 932 quo
1254 883 1381 933 pacto
1411 881 1461 920 de
1492 878 1683 920 Labieno

216 939 350 986 ferat3
396 935 496 988 quid
531 938 626 988 agat
662 936 873 976 Domitius
901 937 945 976 in
975 937 1156 986 Marsis,
1197 937 1334 990 Iguvii
1370 938 1599 985 Thermus,
1634 935 1682 976 P.

219 995 360 1036 Attius
390 994 577 1046 Cinguli3
626 1005 734 1044 quae
764 994 819 1033 sit
846 994 995 1047 populi
1034 993 1189 1035 urbani
1217 995 1433 1044 voluntas3
1473 1006 1581 1046 quae
1609 994 1685 1034 tua

221 1095 356 1129 soluto.
383 1113 426 1121 -
477 1093 686 1136 Terentiae5
725 1093 804 1127 also
830 1092 902 1138 ‚die
937 1092 1105 1137 Summe,
1146 1094 1292 1128 welche
1327 1093 1382 1129 sie
1416 1094 1500 1129 dem
1530 1092 1687 1127 Gemahl

221 1141 439 1185 angegeben
470 1140 583 1174 hatte.

314 1189 348 1222 6.
375 1186 418 1220 L.
445 1186 660 1227 Caesarem,
694 1184 806 1218 Lucii
829 1184 897 1219 690
922 1184 1103 1228 consulis,
1138 1184 1202 1228 qui
1227 1185 1370 1228 legatus
1394 1184 1566 1220 Caesaris
1591 1195 1689 1218 nunc

222 1239 320 1275 erat,
344 1232 476 1266 filium.
525 1231 613 1266 Vid.
640 1231 746 1265 Caes.
771 1231 816 1264 B.
843 1231 921 1265 Civ,
940 1231 971 1273 Ι,
997 1232 1073 1266 8.9.
1098 1231 1145 1264 ad
1170 1232 1298 1265 Famil.
1327 1232 1396 1273 IX,
1411 1234 1444 1266 7.
1472 1233 1563 1266 Erat
1586 1231 1688 1266 idem

222 1280 482 1322 Proquaestor
506 1277 673 1318 Africae,
707 1276 767 1310 cui
793 1277 934 1310 Catone
966 1276 1165 1310 interfecto
1191 1278 1328 1311 Caesar
1350 1278 1462 1311 vitam
1488 1277 1685 1311 concessit.

222 1325 312 1361 Vid.
340 1324 435 1358 Hirt.
468 1323 548 1357 Afr.
577 1323 681 1357 c.89.
707 1341 752 1347 —
798 1322 1018 1356 IWinlzirnis.
1067 1321 1107 1356 S.
1139 1332 1184 1356 zu
1217 1334 1276 1367 ep.
1293 1325 1373 1358 306.
1406 1334 1463 1356 am
1496 1323 1616 1357 Ende.
1641 1341 1687 1348 -

225 1371 338 1406 VIII.
363 1369 454 1404 Kal.
480 1370 585 1404 Febr.
600 1394 609 1411 ,
636 1379 693 1402 am
717 1368 772 1402 25.
789 1368 866 1403 Ian.
890 1387 935 1393 ·-
981 1369 1167 1402 mandatis
1192 1369 1376 1412 Caesaris,
1401 1379 1495 1412 quae
1520 1369 1602 1414 ipse
1627 1380 1688 1402 re-

222 1419 297 1451 fert
323 1417 368 1451 de
393 1416 503 1449 Bello
538 1414 648 1449 Civil.
676 1415 777 1457 1,}9.
803 1434 845 1439 —
893 1425 988 1458 scop.
1027 1416 1095 1448 sol.
1130 1414 1153 1448 i.
1183 1426 1214 1449 e.
1249 1415 1431 1449 hominem
1465 1426 1540 1450 non
1571 1414 1689 1459 magis

223 1465 336 1498 rebus
362 1461 538 1505 gerendis
563 1472 606 1494 ac
630 1460 794 1504 negotiis
831 1460 1026 1505 idoneum,
1059 1472 1166 1504 quam
1198 1472 1329 1506 scopas
1363 1462 1515 1504 (Besen)
1548 1461 1689 1496 solutas

223 1509 442 1544 evertendis
466 1508 632 1541 aedibus.
658 1507 767 1541 SCH.
791 1525 837 1532 --
876 1508 957 1546 ille,
985 1508 1023 1542 C.
1046 1507 1164 1541 Iulius
1184 1508 1330 1542 Caesar.
1355 1526 1401 1533 —
1434 1508 1546 1542 irriti.
1572 1518 1687 1547 caus„

225 1568 287 1590 um
313 1567 381 1589 uns
408 1565 453 1588 zu
479 1554 717 1594 verhohnen,
744 1552 871 1587 seinen
896 1552 1007 1598 Spott
1031 1553 1097 1587 mit
1122 1564 1190 1587 uns
1215 1564 1261 1587 zu
1287 1554 1443 1588 treiben.
1471 1573 1512 1579 —
1560 1553 1622 1598 qui
1642 1562 1691 1588 Ξ

225 1610 288 1636 ut.
307 1629 315 1636 .
332 1601 482 1635 dederit.
509 1619 552 1626 -—-
601 1603 634 1632 et
656 1611 703 1632 Ξ
726 1599 791 1632 sed
816 1605 903 1644 post
928 1610 1009 1632 non.
1038 1619 1081 1624 —
1127 1611 1290 1633 sermone
1320 1600 1490 1635 Caesaris
1525 1599 1571 1633 de
1597 1609 1690 1645 pace

225 1660 308 1682 cum
333 1646 516 1693 Pompeio
548 1645 729 1680 servanda
754 1649 900 1689 arrepto
927 1656 963 1689 p.
992 1657 1038 1679 m.
1070 1646 1203 1679 abusus
1227 1650 1297 1689 est,
1328 1648 1411 1680 Asc.
1433 1648 1464 1680 l.
1492 1646 1591 1681 Crat.
1626 1645 1691 1688 sit,

227 1694 422 1739 „sondern
454 1693 580 1726 dieser
611 1691 670 1725 ein
703 1691 784 1724 dem
821 1692 934 1726 Casas
972 1691 1190 1726 entfallenes
1225 1693 1430 1727 W'Ortchen
1464 1698 1554 1726 statt
1585 1691 1691 1725 eines

226 1741 429 1784 Austrages
455 1737 701 1773 missbraucht
727 1737 824 1771 ham
875 1737 930 1771 Er
960 1748 1040 1771 war
1073 1738 1163 1772 aber
1186 1737 1363 1772 wirklich
1388 1738 1454 1771 mit
1479 1738 1599 1771 einem
1623 1747 1691 1781 ge-

226 1788 375 1821 heimen
399 1786 581 1829 Austrage
605 1795 689 1817 vom
715 1783 920 1828 Pompeius
944 1784 1037 1816 nach
1052 1784 1258 1818 Ariminum
1278 1784 1497 1827 gekommen
1516 1783 1590 1817 und
1615 1793 1691 1816 von

227 1834 341 1867 Glisas
366 1844 410 1866 an
448 1833 557 1866 ienen
581 1829 755 1864 wirklich
792 1830 858 1863 mit
881 1829 1311 1875 Friedensvorschlagen
1341 1828 1689 1874 zui-uckgeschickt.

228 1879 268 1914 S.
296 1880 401 1914 Caes.
427 1878 474 1912 de
508 1878 554 1912 B.
581 1878 621 1911 C.
648 1876 684 1918 Ι,
711 1877 742 1910 8.
768 1876 800 1910 8.

321 1928 351 1960 7.
378 1924 559 1958 Labienus
597 1921 637 1957 S.
665 1923 692 1964 ξ.
717 1924 746 1956 1.
775 1921 1024 1964 CCXCVIH,
1049 1922 1084 1956 6.
1110 1940 1154 1947 -—
1201 1920 1273 1956 IX.
1298 1921 1412 1964 Kal„
1445 1932 1500 1955 am
1531 1920 1588 1955 24.
1613 1920 1692 1954 Ian.

231 1972 402 2005 Teanum.
439 1970 477 2005 S.
505 1981 565 2014 ep.
583 1968 725 2010 CCCV,
743 1968 776 2002 2.
802 1987 847 1993 —
893 1968 980 2012 quid
1003 1972 1072 2001 act.
1099 1969 1159 2010 sit,
1183 1968 1248 2002 das
1272 1968 1444 2002 Resultat
1466 1967 1593 2001 dieser
1618 1966 1693 1999 Zu-

229 2017 510 2052 sammenkunst.
534 2034 579 2040 —
628 2015 820 2057 Larinum,
846 2014 959 2047 hodie
978 2014 1129 2048 Larino.
1156 2013 1195 2048 S.
1222 2025 1279 2059 ep.
1299 2014 1445 2056 CCCV,
1469 2014 1502 2047 2.
1526 2032 1572 2038 —
1621 2011 1694 2046 Ve-

229 2065 344 2105 nafri.
382 2062 605 2108 Campaniae
630 2061 808 2105 oppidum
834 2060 871 2093 in
897 2060 1032 2094 dextra
1056 2060 1235 2096 Vulturni
1260 2059 1367 2104 ripa,
1402 2069 1498 2094 nunc
1522 2057 1692 2095 Venafri.

230 2110 338 2144 SCH.
388 2110 440 2143 Er
466 2110 648 2143 entsernte
673 2107 751 2141 sich
784 2107 862 2140 also
895 2106 1025 2140 immer
1048 2107 1182 2140 weiter
1206 2116 1278 2139 von
1302 2106 1408 2139 Rom.
1434 2124 1479 2130 —
1525 2104 1692 2138 attulisse

230 2156 473 2190 desciscendo
500 2166 521 2188 a
545 2155 716 2189 Caesare.
744 2171 789 2178 —
835 2153 939 2197 quid,
963 2154 1054 2188 Ern.
1081 2152 1166 2188 sch.
1191 2153 1282 2186 Lun.
1333 2151 1427 2195 quod
1518 2151 1691 2184 scribam.

232 2221 275 2228 —-
301 2204 392 2245 Ista,
416 2201 665 2235 Nachrichten
689 2210 763 2233 von
787 2198 893 2232 iener
917 2199 1034 2243 Seite,
1059 2210 1132 2232 von
1157 2199 1280 2232 Casas.
1307 2216 1350 2221 —
1396 2196 1492 2230 illim
1518 2196 1583 2231 Sic
1602 2196 1691 2230 Bos.

233 2250 369 2283 GraeV.
396 2247 483 2282 Sch.
510 2247 568 2280 ed.
596 2246 682 2279 min.
706 2257 752 2279 Ξ
774 2246 880 2279 illinc
911 2246 1021 2288 (Md.)
1059 2246 1145 2279 Asc.
1177 2245 1274 2278 Crat.
1310 2242 1408 2279 Vict.
1434 2244 1465 2277 1.
1490 2243 1523 2276 2.
1562 2242 1693 2276 Lamb.

231 2296 324 2329 Ern.
351 2295 445 2328 Liin.
484 2293 556 2327 ΟΒ,
589 2293 695 2326 illinc
726 2302 746 2324 a
777 2293 949 2326 Caesare.
1006 2291 1132 2325 Ueber
1163 2291 1261 2324 illim
1293 2301 1321 2323 s.
1358 2299 1403 2322 zu
1438 2300 1496 2334 ep.
1515 2288 1634 2331 XIX,
1658 2289 1690 2322 42

231 2342 344 2375 istim.
372 2360 414 2365 —
451 2350 519 2383 quo
540 2343 648 2382 pacto
730 2339 846 2380 ferat,
879 2337 953 2372 wie
977 2338 1089 2372 Casar
1120 2336 1191 2370 den
1216 2336 1442 2379 Uebergang
1466 2335 1532 2369 des
1555 2333 1694 2368 Labie-

232 2398 301 2421 nus
327 2397 393 2420 zur
416 2385 706 2429 Pompeiischen
737 2383 867 2418 Partei
903 2383 1103 2417 aufnimmt.
1153 2383 1266 2416 Cfisar
1298 2381 1385 2416 liess
1417 2381 1498 2415 sich
1528 2380 1693 2414 dadurch

232 2434 337 2468 nicht
361 2433 436 2467 irre
460 2431 624 2465 machen.
662 2448 705 2454 —
752 2430 792 2463 in
823 2430 969 2464 Marsis
998 2440 1053 2461 am
1085 2429 1189 2471 Lago
1223 2428 1260 2462 di
1291 2428 1436 2471 Marso,
1471 2427 1588 2460 durch
1620 2426 1693 2460 den

232 2479 464 2514 l'wlarsischen
489 2477 609 2520 Krieg
640 2476 822 2509 beriihmt.
882 2475 1008 2509 Ueber
1033 2475 1172 2508 Domit.
1209 2485 1236 2508 s.
1269 2484 1315 2508 zu
1352 2485 1410 2518 ep.
1429 2473 1562 2515 CCCI,
1587 2473 1622 2508 3.
1646 2489 1693 2497 -

233 2526 428 2569 Iguvium,
471 2522 647 2568 oppidum
682 2521 857 2555 Umbriae
895 2520 941 2554 ad
981 2520 1078 2554 viam
1117 2520 1336 2554 Flaminiam
1371 2518 1498 2563 (hodie
1537 2517 1693 2560 Gubio),

233 2572 418 2606 Thermus
442 2575 594 2616 praetor
618 2568 672 2611 (S.
698 2578 743 2600 zu
768 2567 955 2602 CCXXX.
980 2565 1030 2600 im
1054 2567 1157 2607 Ans.)
1183 2577 1262 2600 cum
1288 2566 1505 2600 cohortibus
1529 2563 1695 2607 quinque

234 2619 396 2652 tenebat.
446 2615 619 2652 Curionis
643 2620 764 2647 autem
789 2624 809 2646 a
834 2613 994 2647 Caesare
1015 2623 1094 2646 cum
1120 2612 1237 2646 tribus
1260 2612 1478 2646 cohortibus
1501 2609 1603 2644 missi
1628 2609 1695 2643 ad-

234 2671 346 2698 ventu
373 2663 523 2707 cognito
551 2661 725 2695 cohortes
750 2670 798 2692 ex
824 2659 914 2692 urbe
939 2658 1069 2692 eduxit
1092 2669 1135 2692 ae
1157 2659 1337 2704 profugit.
1384 2656 1497 2692 Curio
1522 2655 1694 2700 Iguvium

236 2709 393 2754 recepit.
452 2710 556 2744 Caes.
582 2707 616 2741 d.
642 2707 685 2740 Β.
719 2705 798 2740 Civ.
834 2707 873 2748 1,
900 2705 954 2739 12.
986 2705 1093 2739 SCH.
1126 2724 1174 2730 —
1219 2704 1261 2739 P.
1296 2704 1421 2738 Attius
1452 2704 1578 2738 Varus
1620 2711 1694 2735 non

237 2756 411 2800 Cinguli,
436 2755 502 2790 sed
525 2753 681 2789 Aua-imi
705 2757 790 2786 tunc
816 2757 912 2795 erat,
944 2761 1019 2795 quo
1053 2761 1102 2786 ex
1133 2750 1274 2796 oppido
1312 2748 1560 2795 praesidium,
1594 2747 1694 2792 quod
