1795 3043
233 78 334 129 478
504 72 568 119 Μ.
606 71 662 117 Τ.
699 69 1038 118 CICERONIS
1071 69 1444 122 EPISTOLAE.

234 199 328 230 rum
359 185 598 235 decretum3
645 183 861 237 rapiemur
896 185 972 226 aut
1006 182 1202 226 absentes
1230 185 1498 236 vexabimur3
1552 189 1622 230 vel
1650 191 1701 230 ut
1757 212 1759 226 2

234 246 429 287 consules
458 244 779 295 rogetpraetor
807 242 876 284 vel
906 242 1159 283 dictatorem
1196 242 1330 284 dicat:
1379 256 1560 296 quorum
1598 258 1699 287 neu·
1758 250 1759 258 ¹

233 305 346 343 trum
388 300 457 341 ius
494 300 573 342 est.
632 298 715 340 Sed
750 299 786 340 si
815 300 935 341 Sulla
971 300 1113 352 potuit
1148 299 1341 354 efficere,
1389 301 1444 342 ab
1488 302 1702 358 interrege

232 361 280 399 ut
310 356 495 398 dictator
523 357 763 405 diceretur,
807 369 884 398 cur
912 355 985 397 hic
1024 369 1109 397 non
1139 357 1298 410 possit?
1355 357 1475 399 Nihil
1505 359 1700 412 expedio,
1759 394 1760 410 ἶ

231 416 316 456 nisi
347 417 394 455 ut
423 415 497 455 aut
526 413 580 455 ab
611 415 716 463 hoc,
755 415 968 467 tamquam
992 414 1040 462 Q.
1060 414 1253 465 Mucius,
1281 416 1355 456 aut
1384 415 1438 456 ab
1466 415 1566 464 illo,
1595 417 1701 457 tam·
1759 426 1761 474 ᾗ

179 485 208 524 3
233 485 360 524 quam
388 471 437 513 L.
471 471 629 524 Scipio.
688 472 826 520 Quum
863 473 910 512 tu
945 473 1053 513 haec
1082 472 1221 525 leges,
1264 484 1341 526 ego
1370 473 1493 513 illum
1523 474 1701 515 fortasse
1759 489 1761 498 ἦ

232 541 487 572 convenere.
550 529 752 567 Τέτλαθι]
780 550 839 558 —--
877 526 1094 577 κύντερον·
1127 550 1183 558 -
1222 540 1277 569 ne
1296 529 1403 569 illud
1428 529 1599 580 quidem
1628 542 1703 572 no·
1759 536 1761 578 ;

229 588 365 627 strum
396 586 630 639 proprium.
694 586 800 626 Erat
829 586 943 626 enim
981 597 1078 638 spes
1114 585 1342 639 propinqui
1379 586 1563 637 reditus3
1612 589 1704 628 erat
1760 589 1761 625 3

228 644 446 685 hominum
484 643 674 696 querela.
732 641 856 683 Nunc
893 641 1011 684 exire
1048 643 1265 696 cupimus3
1313 655 1400 695 qua
1418 656 1495 696 spe
1523 643 1701 697 reditus,
1760 634 1762 684 f

228 701 336 742 mihi
364 700 535 753 quidem
565 712 781 752 nunquam
809 699 854 739 in
880 699 1062 740 mentem
1089 700 1220 741 venit.
1276 699 1371 741 Non
1402 700 1526 741 modo
1557 702 1700 742 autem
1761 727 1762 757 i

229 759 348 799 nulla
398 759 574 809 querela
621 759 685 797 est
722 756 1048 809 municipalium
1084 756 1304 798 hominum
1339 769 1391 798 ac
1430 757 1702 807 rusticorum,

229 815 303 856 sed
334 816 483 855 contra
511 816 707 855 metuunt
735 816 783 854 ut
813 814 1052 861 crudelem,
1083 813 1251 854 iratum.
1309 813 1400 855 Nec
1422 816 1563 856 tamen
1594 814 1701 856 mihi

229 872 462 924 quidquam
491 874 555 913 est
585 871 781 912 miserius
801 884 928 924 quam
948 871 1223 920 remansisse3
1253 883 1333 911 nec
1356 871 1541 923 optatius
1573 884 1702 924 quam

231 930 427 979 evolare,
457 941 541 970 non
573 931 661 969 tam
692 928 745 969 ad
775 927 881 968 belli
909 940 1036 981 quam
1066 927 1120 968 ad
1148 929 1275 980 fugae
1304 928 1561 974 societatem.
1616 928 1701 970 Sed

228 989 275 1027 tu
307 987 449 1035 omnia
477 986 656 1028 consilia
684 983 911 1026 differebas
940 986 985 1026 in
1015 984 1061 1025 id
1090 986 1283 1038 tempus,
1323 997 1452 1036 quum
1481 985 1700 1035 sciremus,

227 1057 338 1096 quae
356 1044 575 1085 Brundisii
603 1044 699 1084 acta
729 1044 879 1083 essent.
937 1042 1101 1083 Sci-us
1118 1054 1288 1095 nempe:
1327 1042 1551 1083 haeremus
1564 1042 1701 1083 nihilo

226 1102 380 1144 minus.
437 1101 520 1142 Vix
558 1101 672 1141 enim
717 1111 842 1151 spero
871 1099 977 1139 mihi
1004 1100 1120 1139 hunc
1149 1099 1316 1139 veniam
1355 1099 1572 1149 daturum3
1621 1100 1701 1141 etsi

227 1161 363 1200 multa
392 1156 523 1199 affero
553 1158 665 1198 iusta
695 1156 747 1196 ad
776 1155 1101 1207 impetrandum.
1161 1155 1245 1195 Sed
1274 1155 1354 1195 tibi
1386 1168 1553 1197 omnem
1580 1157 1699 1197 illius

226 1227 451 1267 meumque
465 1225 702 1254 sermonem
722 1212 918 1251 omnibus
935 1211 1078 1251 verbis
1097 1224 1343 1263 expressum
1361 1213 1502 1253 statim
1519 1214 1698 1254 mittam.

174 1269 204 1309 4
228 1273 294 1314 Tu
322 1284 436 1313 nunc
468 1271 581 1311 omni
599 1269 934 1310 amore-enitere
949 1296 961 1316 ‚
992 1269 1040 1307 ut
1069 1280 1146 1307 nos
1174 1281 1280 1309 cura
1298 1270 1375 1309 tua
1403 1271 1445 1309 et
1473 1271 1703 1322 prudentia

225 1330 359 1370 iuves.
427 1329 494 1369 Ita
524 1326 668 1368 subito
698 1325 914 1377 accurrit,
954 1326 1000 1364 ut
1027 1336 1082 1364 ne
1112 1324 1158 1365 T.
1181 1324 1382 1366 Rebilum
1412 1327 1607 1378 quidem,
1652 1329 1701 1368 ut

225 1448 379 1484 comitia
403 1446 617 1483 consularia
640 1446 782 1480 habere
805 1450 869 1479 aut
895 1444 1115 1479 dictatorem
1141 1444 1281 1481 dicere.
1316 1447 1526 1482 MANUT.
1575 1447 1613 1485 S.
1638 1459 1698 1495 ep.

223 1498 308 1539 350,
333 1498 366 1531 3.
393 1514 438 1520 -
468 1495 660 1539 rapiemur
683 1494 858 1535 Romam,
885 1497 926 1525 ut
951 1502 1070 1535 augur
1094 1497 1131 1525 et
1151 1499 1302 1527 senator
1324 1493 1364 1527 id
1380 1494 1600 1539 decernam,
1626 1502 1701 1540 aut,
1765 1519 1766 1529 1

223 1543 268 1577 si'
284 1540 540 1576 recusabimus
566 1540 641 1582 ire,
673 1538 905 1573 vexabimur.
932 1537 1143 1573 MANUT.
1182 1540 1365 1583 absentes,
1396 1541 1486 1576 weil
1511 1541 1571 1576 ich
1595 1541 1701 1576 nicht

224 1589 405 1632 mitgehe.
437 1606 481 1613 —
529 1587 587 1620 vel
616 1587 833 1620 dictatorem
864 1595 905 1618 se
936 1584 1046 1618 dicat.
1079 1603 1124 1609 -
1178 1585 1296 1621 Sulla.
1348 1586 1438 1630 Vgl.
1474 1599 1532 1632 ep.
1557 1588 1647 1632 351,
1677 1589 1702 1623 2
1765 1615 1766 1618 ,

223 1647 282 1670 am
302 1634 421 1669 Eride.
449 1653 492 1659 —
524 1633 634 1668 Nihil
648 1632 821 1677 expedio,
848 1629 910 1665 bei
935 1630 1032 1663 aller
1050 1630 1320 1676 Ueberlegung
1345 1633 1467 1677 bring'
1492 1634 1552 1668 ich
1567 1635 1700 1670 Nichts

223 1682 385 1716 anderes
410 1682 566 1724 hei-aus,
598 1680 665 1714 als.
698 1698 739 1704 —
790 1681 829 1710 ut
854 1703 887 1713 ..
911 1702 918 1711 .
940 1676 1087 1720 Scipio,
1124 1677 1197 1711 nisi
1224 1677 1351 1718 urmut
1375 1690 1397 1713 a
1421 1680 1584 1715 Caesare
1608 1688 1700 1715 tam-

224 1740 334 1773 quam
362 1730 405 1764 Q,
432 1727 581 1762 Mucius
613 1724 827 1769 (Scaevola)
862 1734 883 1757 a
906 1723 1029 1757 Mario
1054 1722 1204 1757 iuniore
1236 1725 1406 1767 occidar,
1450 1732 1514 1760 aut
1538 1737 1560 1761 a
1584 1728 1698 1762 Pom-
1766 1733 1777 1774 χ’

224 1775 338 1820 pcio,
384 1782 568 1817 tamquam
602 1774 642 1807 L.
671 1771 799 1815 Scipio
826 1781 847 1804 a
871 1769 978 1805 Sulla
1003 1768 1238 1814 proscriptus
1264 1776 1302 1804 et
1325 1782 1347 1805 a
1370 1772 1554 1817 Pompeio
1580 1773 1699 1807 iuter-
1766 1767 1768 1811 Ξ

223 1823 356 1856 sectus,
397 1820 506 1855 SCH.
558 1819 594 1854 S.
630 1830 688 1863 ep.
712 1818 804 1859 353,
837 1818 875 1850 l:
915 1816 1136 1868 Mucianum?
1167 1817 1315 1850 exitum.
1372 1817 1464 1852 Luc.
1497 1819 1698 1854 Cornelius

223 1867 357 1949 {cipio
398 1866 590 1948 Aslila71icus
631 1865 813 1911 warsfiss
855 1862 997 1897 Consul
1036 1872 1224 1906 gewesen.
1281 1862 1320 1898 S.
1356 1864 1520 1910 Appian.
1552 1867 1596 1910 l,
1638 1867 1695 1902 85.

261 1920 365 1948 rutus
396 1923 426 1947 c.
501 1939 509 1947 .

315 1962 350 1995 3.
382 1959 509 2002 illum,
550 1958 759 1993 Caesarem.
798 1973 843 1981 —
889 1955 1093 1990 τέτλαθι.
1150 1954 1215 1990 Sic
1250 1954 1378 1991 Lamb.
1415 1958 1547 1993 τέτλα
1583 1957 1696 2003 Ceth,
1766 1943 1768 1959 ⁵

223 2007 327 2050 quod
358 2005 454 2039 nihil
492 2010 560 2040 est.
610 2005 702 2038 Cum
727 2000 884 2037 Corrad.
916 2008 953 2035 et
978 2001 1106 2036 Lamb.
1138 2002 1357 2050 κύντερον
1392 2003 1439 2036 ad
1469 2014 1548 2048 seq.
1582 2005 1696 2040 traxi.

224 2054 300 2087 ΟΒ.
350 2053 509 2096 Perfer,
544 2051 689 2094 inquis,
723 2048 874 2093 gravius
900 2047 1040 2090 tulisti,
1077 2059 1188 2092 quum
1214 2049 1301 2092 lege
1326 2049 1462 2083 Clodia
1484 2051 1615 2095 pulsus
1641 2051 1698 2085 in-

224 2098 444 2143 dignissime
470 2097 664 2133 exsulasti.
712 2096 772 2130 Ad
798 2096 919 2129 locum
944 2095 1099 2128 Homeri
1126 2095 1172 2128 de
1196 2094 1335 2141 Ulysse
1360 2096 1533 2140 respexit
1559 2098 1696 2142 Odyss.

223 2147 316 2188 XX,
344 2147 407 2180 18.-
438 2147 596 2181 Τέτλαθι
613 2158 677 2188 μοι
694 2142 844 2191 κραὸιή·
868 2146 929 2176 καὶ
943 2141 1111 2188 κύντερον
1137 2143 1226 2176 ἀλλο
1247 2143 1326 2176 ποτ’
1347 2142 1461 2186 ἔτλης.
1486 2142 1694 2179 MANUT.

223 2193 318 2236 vgl.
345 2193 475 2225 Horat.
501 2193 621 2225 Carm.
647 2192 688 2230 1,
715 2192 748 2233 7,
769 2191 828 2224 30.
874 2187 950 2223 Sat.
976 2187 1035 2233 II,
1058 2187 1101 2230 5,
1127 2189 1158 2221 1.
1204 2186 1346 2231 Virgil.
1370 2189 1464 2222 Aen.
1491 2190 1526 2231 l,
1552 2191 1619 2225 198
1637 2201 1694 2234 sq.

224 2238 431 2284 Suspicor,
465 2238 572 2272 SCH.
602 2236 744 2280 inquit,
781 2235 998 2280 legendum:
1034 2236 1086 2268 At
1109 2233 1322 2281 κύντερον
1356 2244 1399 2267 ηε
1430 2234 1529 2268 illud
1552 2236 1696 2280 quidem

223 2289 388 2319 nostram
424 2284 621 2329 proprium
659 2282 835 2317 exsilium
880 2281 904 2315 i.
939 2292 972 2315 e.
1011 2291 1057 2314 ne
1099 2279 1249 2323 quidem
1283 2290 1402 2314 meum
1441 2280 1584 2315 durius'
1609 2282 1691 2318 fuit.

229 2332 402 2366 WIEL.:
446 2331 566 2374 „aber
604 2330 668 2363 auf
703 2329 850 2363 meiuen
882 2328 965 2362 Fall
1001 2332 1103 2372 passt
1132 2325 1234 2359 diess
1267 2325 1407 2361 nicht.''
1435 2344 1485 2371 ¹7-
1532 2328 1692 2373 querela,

223 2379 298 2412 alle
313 2378 519 2412 Menschen
542 2376 695 2420 klagten
722 2376 816 2409 iiber
838 2374 937 2408 mein
956 2372 1161 2408 Schicksal.
1187 2387 1232 2397 --
1269 2376 1431 2406 metuunt
1454 2374 1691 2419 Pompeium.

224 2425 265 2463 S.
293 2436 339 2469 ep
370 2425 460 2466 354,
485 2424 517 2457 4.
550 2441 595 2448 —
642 2423 806 2463 evolare,
839 2422 960 2455 davon
986 2429 1032 2454 zu
1057 2418 1208 2463 fliegen.
1242 2436 1287 2444 —
1334 2420 1556 2454 societatem.
1597 2421 1689 2465 Vgl.

224 2482 285 2516 ep.
310 2472 396 2511 354,
428 2472 461 2506 3.
494 2469 569 2503 und
602 2469 635 2502 4.
667 2487 709 2494 —
757 2468 964 2511 differebas.
1005 2466 1044 2500 S.
1070 2476 1128 2516 ep.
1152 2465 1241 2508 354,
1275 2465 1310 2500 2.
1343 2484 1388 2491 —
1435 2465 1624 2502 haeremus
1646 2478 1693 2501 =

223 2518 456 2560 dubitamus,
497 2515 588 2560 quid
620 2514 801 2558 agendum
831 2513 890 2549 sit.
922 2531 967 2538 —
1013 2523 1169 2546 ventam.
1218 2511 1257 2547 S.
1290 2522 1338 2546 zu
1370 2512 1401 2556 §.
1416 2513 1450 2546 1.
1488 2531 1533 2538 —
1578 2513 1690 2556 iusta,

222 2564 272 2598 im
298 2565 443 2599 Rechte
466 2561 745 2606 Begriindetes,
778 2559 1030 2594 Rechtliche's.
1065 2577 1110 2583 —-
1154 2569 1375 2602 sermonem,
1411 2558 1503 2593 Was
1529 2559 1592 2593 ich
1624 2558 1687 2594 bei

225 2612 370 2646 uns'rer
393 2608 720 2644 Zusammenkunft
743 2607 809 2640 mit
834 2607 916 2640 dem
942 2605 1056 2640 casar
1079 2605 1209 2640 werde
1233 2604 1470 2650 gesprochen
1494 2606 1623 2640 haben.

314 2657 348 2690 4.
380 2658 567 2698 accurrit,
600 2655 714 2690 casar
737 2653 877 2687 kommt
902 2652 974 2686 mir
998 2662 1039 2685 so
1064 2650 1279 2696 geschwind
1304 2651 1396 2685 iiber
1420 2651 1493 2686 den
1516 2651 1617 2686 Hals.
1644 2670 1689 2677 --

227 2702 271 2738 Τ.
296 2703 491 2737 Caninium
509 2702 695 2744 Rebilum,
730 2700 893 2745 legatum
910 2698 1081 2733 Caesaris
1104 2698 1143 2732 in
1169 2697 1304 2733 Gallia.
1338 2696 1377 2733 S.
1403 2698 1449 2732 ad
1464 2697 1687 2738 Attiaxn,

223 2750 280 2784 87.
328 2749 376 2783 ad
407 2749 558 2786 Divers.
596 2747 691 2790 vn,
722 2748 781 2783 30.
825 2746 884 2782 Er
916 2745 1022 2792 ward
1055 2744 1197 2780 Consul
1226 2755 1283 2780 am
1316 2744 1456 2782 letzten
1489 2744 1586 2779 Dec.
1619 2743 1686 2781 dea
