1795 3043
196 66 260 115 18
483 61 546 107 Μ.
584 62 638 107 Τ.
686 58 1031 106 CICERONIS
1064 58 1444 106 EPISTOLAE.

197 173 395 215 universo
443 173 611 214 senatui
647 174 852 213 venerant
900 171 944 212 in
981 174 1193 221 mentem,
1225 171 1446 225 praesidio
1484 169 1663 212 firmiori

197 244 304 283 opus
347 243 436 271 esse
473 231 525 271 ad
566 231 691 270 istam
728 229 1007 282 provinciam.
1076 229 1315 269 Censebant
1363 229 1477 269 enim
1518 241 1664 269 omnes

196 290 307 340 sere,
343 290 391 328 ut
420 289 463 327 in
494 288 620 328 ltalia
649 289 986 339 supplementum
1015 288 1120 326 meis
1159 288 1201 326 et
1240 286 1385 327 Bibuli
1425 285 1664 339 legionibus

196 345 473 386 scriberetur.
530 345 578 385 Id
608 357 739 396 quum
771 344 989 397 Sulpicius
1031 345 1181 385 consul
1211 356 1437 396 passurum
1466 356 1511 384 se
1539 356 1664 396 nega-

197 405 287 454 ret,
319 403 451 442 multa
480 414 554 442 nos
585 402 753 454 quidem
784 402 924 452 questi
952 414 1120 442 sumus:
1160 402 1232 441 sed
1262 403 1404 442 tantus
1435 412 1666 441 consensus

195 461 367 500 senatus
398 460 492 506 fuit,
525 460 571 499 ut
602 461 765 499 mature
807 458 1201 510 proficisceremur,
1234 458 1469 510 parendum
1498 459 1546 497 ut
1574 458 1665 497 fue-

196 517 275 557 rit:
306 517 449 567 itaque
480 516 669 556 fecimus.
711 515 856 563 Nunc,
889 516 1000 566 quod
1031 529 1056 555 a
1084 517 1126 554 te
1156 516 1262 567 petii
1292 516 1430 556 literis
1458 515 1525 566 iis,
1556 526 1663 566 quas

198 573 353 614 Romae
391 572 630 613 tabellariis
659 572 741 612 tuis
771 572 893 623 dedi,
924 572 1051 613 velim
1080 571 1159 612 tibi
1191 585 1320 613 curae
1350 573 1423 620 sit,
1456 573 1524 621 ut,
1554 584 1663 623 quae

197 631 431 670 successori
475 629 821 670 coniunctissimo
861 631 903 669 et
938 629 1192 670 amicissimo
1223 629 1487 670 commodare
1524 630 1664 680 potest

196 687 257 739 is,
288 687 360 738 qui
390 687 654 739 provinciam
681 686 834 738 tradit,
863 688 910 726 ut
939 699 990 726 ea
1018 699 1097 739 pro
1126 688 1271 728 nostra
1302 686 1664 727 consociatissima

197 745 414 785 voluntate
444 757 546 784 cura
576 757 626 784 ac
658 743 877 796 diligentia
906 745 981 784 tua
1010 745 1317 795 complectare:
1350 745 1397 784 ut
1426 756 1571 783 omnes
1599 743 1663 782 in·

196 801 393 853 telligant
430 813 509 841 nec
540 814 608 840 me
643 800 980 841 benevolentiori
1021 801 1218 852 cuiquam
1249 801 1479 841 succedere
1508 813 1588 840 nec
1618 801 1662 839 te

147 864 176 903 2
198 857 391 898 amiciori
421 857 609 910 potuisse
648 857 914 909 provinciam
943 858 1124 898 tradere.
1185 859 1251 898 Ex
1279 858 1335 898 iis
1366 857 1529 905 literis,
1562 870 1662 909 qua·

196 927 290 954 rum
322 915 373 955 ad
413 927 479 954 me
518 916 754 966 exemplum
782 914 960 967 misisti,
1001 927 1105 966 quas
1134 913 1179 954 in
1210 916 1358 955 senatu
1387 913 1562 954 recitari
1592 927 1661 955 vo-

197 972 337 1019 luisti,
369 971 430 1012 sic
460 972 776 1023 intellexeram,
812 973 1046 1024 permultos
1084 986 1109 1012 a
1138 973 1181 1012 te
1208 973 1363 1012 milites
1400 984 1490 1012 esse
1519 971 1660 1011 dimis-

196 1041 292 1077 sos,
323 1028 395 1068 sed
425 1029 530 1068 mihi
544 1028 702 1070 Fabius
730 1029 841 1068 idem
872 1029 1190 1077 demonstravit,
1223 1031 1264 1069 te
1294 1030 1337 1069 id
1367 1029 1573 1082 cogitasse
1602 1028 1663 1068 fa-

196 1097 320 1125 cere:
363 1085 458 1132 sed,
506 1098 635 1137 quum
664 1085 754 1138 ipse
793 1100 816 1127 a
855 1088 897 1126 te
934 1087 1187 1138 discederet,
1228 1086 1441 1139 integrum
1479 1086 1664 1126 militum

196 1155 417 1182 numerum
446 1143 589 1182 fuisse.
650 1143 697 1182 Id
727 1144 762 1184 si
792 1144 854 1183 ita
885 1145 970 1196 est,
1007 1146 1251 1196 pergratum
1280 1143 1386 1183 mihi
1416 1143 1591 1190 seceris,
1624 1143 1662 1182 si

195 1199 296 1239 istas
326 1200 497 1252 exiguas
527 1199 686 1252 copiaS,
719 1213 823 1251 quas
852 1201 1051 1247 habuisti,
1084 1213 1210 1252 quam
1240 1202 1414 1241 minime
1442 1200 1663 1240 imminue-

195 1256 275 1296 ris:
316 1269 401 1308 qua
441 1257 492 1296 de
535 1269 583 1296 re
623 1259 1008 1310 senatusconsulta,
1057 1270 1166 1308 quae
1204 1260 1315 1298 sacta
1367 1259 1489 1304 sunt,
1523 1257 1576 1298 ad
1617 1259 1661 1296 te

195 1314 321 1353 missa
358 1326 448 1353 esse
498 1314 695 1353 arbitror.
769 1314 980 1365 Equidem
1026 1327 1103 1366 pro
1147 1327 1224 1361 eo,
1265 1314 1413 1365 quanti
1449 1316 1491 1353 te
1530 1315 1657 1361 facio,

194 1370 401 1422 quidquid
433 1371 610 1417 feceris,
646 1370 911 1422 approbabo:
953 1371 1024 1411 sed
1055 1374 1097 1411 te
1126 1384 1295 1422 quoque
1326 1369 1492 1411 confido
1523 1384 1572 1412 ea
1602 1373 1659 1411 fa-

195 1429 382 1475 cturum,
429 1440 538 1478 quae
574 1428 679 1467 mihi
719 1427 932 1481 intelliges
974 1429 1155 1469 maxime
1194 1441 1283 1468 esse
1329 1428 1657 1469 accommodata.

194 1484 284 1537 Ego
309 1485 352 1524 C.
386 1484 673 1536 Pomptinum,
704 1485 889 1537 legatum
920 1497 1073 1536 meum,
1100 1485 1318 1525 Brundisii
1336 1486 1655 1537 exspectabam:

194 1553 375 1592 eumque
414 1542 512 1581 ante
540 1540 759 1580 Kalendas
789 1543 880 1581 Iun.
914 1542 1186 1582 Brundisium
1226 1544 1450 1582 venturum
1481 1543 1658 1582 arbitra-

193 1597 282 1637 bar.
345 1598 427 1645 Qui
456 1610 585 1649 quum
614 1597 801 1648 venerit,
840 1610 949 1650 quae
977 1600 1161 1650 primum
1190 1599 1418 1652 navigandi
1448 1599 1570 1639 nobis
1600 1601 1658 1640 sa-

193 1656 330 1694 cultas
358 1655 455 1695 data
485 1655 591 1707 erit,
620 1657 799 1694 utemur.

189 1809 305 1842 sagen
340 1800 398 1834 od.
426 1798 529 1833 nicht
559 1805 657 1833 etwa
688 1799 770 1835 mir.
822 1799 885 1834 Sic
918 1800 996 1834 Md.
1028 1800 1148 1843 Beng.
1184 1801 1274 1835 Bos.
1298 1800 1538 1844 Maru-Lag.
1566 1800 1653 1836 sch.

191 1846 286 1879 Liin.
313 1856 384 1878 ηοη,
407 1847 514 1880 modo
546 1845 638 1879 mihi
663 1846 764 1879 Crat.
790 1846 891 1882 vict.
920 1849 951 1882 1.
979 1847 1012 1881 2.
1038 1847 1166 1882 Lamb.
1206 1848 1342 1882 Gracv.
1379 1847 1544 1882 Ernesti.
1583 1848 1654 1881 Or.

191 1892 232 1927 S.
257 1892 408 1926 Ramsh.
443 1892 472 1934 §.
500 1893 578 1933 181,
604 1893 649 1934 B,
677 1893 711 1926 b.
738 1903 773 1925 u.
799 1904 830 1927 c.
858 1893 1003 1928 Grotef.
1036 1894 1064 1936 ἕ.
1089 1894 1170 1928 340.
1197 1912 1241 1918 —
1265 1894 1338 1927 secl.
1365 1893 1495 1928 Lamb.
1521 1895 1584 1927 sed
1609 1898 1653 1927 el.

190 1957 235 1963 —
256 1938 446 1982 praesidio
471 1939 631 1981 firmiori
654 1944 740 1981 cet„
767 1938 848 1973 dass
874 1940 933 1973 ein
959 1939 1147 1973 starkeres
1174 1940 1275 1973 Heer
1300 1950 1367 1973 zur
1391 1940 1655 1984 Beschiitzung

190 1984 259 2018 der
283 1984 450 2018 Provinz
487 1985 645 2018 Cilicien
676 1985 807 2029 nothig
840 1986 906 2020 sei.
957 1985 995 2020 S.
1023 1996 1068 2019 zu
1096 1986 1205 2030 epist.
1233 1986 1509 2029 CLXXXVII,
1547 1987 1580 2020 2.
1609 2005 1652 2011 -

188 2034 229 2063 ut
253 2030 290 2064 in
316 2031 432 2064 Italia
456 2031 574 2075 suppl.
600 2037 695 2074 cet.,
722 2031 805 2065 dass
841 2042 922 2066 man
956 2042 1023 2065 zur
1055 2032 1317 2076 Verstarkung
1358 2033 1426 2066 der
1458 2032 1651 2076 Legionen

189 2076 255 2110 des
287 2077 444 2111 Bibulus
485 2078 559 2110 und
590 2077 657 2111 der
697 2078 882 2121 meinigen
916 2079 1160 2122 VVerbungen
1205 2079 1241 2112 in
1281 2079 1416 2113 Italien
1458 2080 1650 2112 anordnen

190 2123 264 2156 und
289 2123 551 2157 ausschreiben
577 2126 711 2157 musse.
735 2143 779 2148 —
803 2125 924 2158 literis
948 2125 1009 2166 iis,
1034 2125 1111 2160 Md.
1138 2125 1239 2161 vict.
1267 2128 1299 2160 1.
1326 2126 1359 2160 2.
1387 2125 1456 2158 llis,
1485 2144 1527 2150 —
1555 2137 1651 2159 com-

187 2170 338 2202 modare
362 2180 408 2203 zu
434 2170 605 2204 Gefallen
631 2171 732 2204 thun.
755 2190 796 2194 —
822 2175 860 2204 ut
884 2182 938 2205 ea.
978 2171 1041 2205 Sic
1066 2171 1143 2206 Md.
1170 2172 1272 2207 Vict.
1299 2173 1331 2206 1.
1357 2171 1392 2207 2.
1415 2172 1559 2206 Bened.
1586 2173 1650 2205 de-

187 2215 259 2250 lev.
286 2220 325 2248 ut
349 2215 480 2250 ceteri.
528 2216 742 2259 Aliquoties
767 2217 821 2250 sic
846 2218 1015 2252 iteratur.
1057 2218 1255 2251 ORELLI.

277 2262 311 2296 2.
361 2273 404 2295 ex
436 2262 504 2304 iis,
529 2263 608 2297 Md.
635 2262 691 2296 his
717 2263 858 2307 literis,
883 2264 1172 2299 Amtsberichte.
1201 2283 1242 2288 -
1269 2262 1435 2306 exempl„
1462 2261 1546 2296 eine
1571 2263 1649 2298 Ab-

184 2307 328 2343 schrift.
356 2328 397 2333 —
423 2309 606 2352 dimissos,
632 2309 716 2343 dass
739 2311 825 2344 sehr
851 2310 949 2345 viele
962 2310 1140 2345 Soldaten
1166 2321 1238 2343 von
1264 2311 1337 2344 Dir
1362 2310 1434 2343 den
1458 2310 1649 2343 Abschied

185 2354 354 2388 erhalten
379 2355 518 2389 hatten.
544 2374 588 2380 --
611 2366 679 2399 pro
705 2367 759 2399 eo,
785 2358 910 2400 quanti
935 2361 968 2390 te
990 2357 1111 2399 facio,
1139 2359 1315 2401 vermoge
1332 2355 1473 2389 meiner
1491 2367 1647 2399 grosseti

183 2401 358 2445 Achtung
380 2412 501 2445 gegen
526 2401 640 2436 Dich.
687 2402 726 2437 S.
752 2404 902 2438 Ramsh.
928 2403 958 2446 §.
985 2403 1063 2438 109.
1090 2403 1236 2437 Grotef.
1263 2404 1292 2445 §.
1314 2402 1453 2444 23S‚12.
1479 2422 1522 2427 —
1547 2413 1646 2436 max.

183 2457 336 2490 accom.,
362 2448 426 2481 das
452 2448 740 2491 Zutraglichste.
767 2468 811 2473 —
835 2450 977 2493 Pompt.
1011 2459 1041 2484 s.
1067 2460 1127 2494 ep.
1156 2449 1428 2491 CLXXXVII,
1454 2448 1488 2483 2.
1515 2467 1557 2473 -
1584 2460 1647 2482 αν-

183 2492 351 2527 bitrabar
373 2506 418 2527 =.
443 2493 610 2528 arbitror
645 2494 694 2528 im
717 2495 909 2538 Briesstil,
946 2506 1024 2529 was
1049 2505 1095 2529 zu
1121 2497 1372 2539 exspectabam
1395 2506 1442 2529 =
1466 2501 1645 2539 exspecto

181 2549 238 2572 am
279 2539 419 2574 Besten
459 2546 574 2584 passt.
648 2540 711 2575 Sic
752 2542 842 2577 Ern.
888 2541 1128 2585 Mam-Lag.
1173 2542 1259 2577 Sch.
1295 2543 1391 2576 Liin.
1434 2541 1646 2575 arbitrabor

180 2585 259 2620 Md.
295 2597 316 2619 a
349 2597 406 2631 pr.
449 2597 495 2621 m.
524 2587 690 2620 arbitror
720 2588 797 2622 Md.
833 2600 853 2621 a
878 2599 950 2622 sec.
977 2600 1024 2622 m.
1059 2588 1176 2632 Neap.
1211 2590 1298 2624 Asc.
1337 2590 1370 2627 l,
1401 2586 1504 2622 vict.
1542 2589 1575 2622 l.
1608 2588 1643 2622 2.

179 2630 309 2665 Lamb.
329 2632 464 2667 Graev.
481 2632 622 2668 Bened.
643 2634 840 2668 ORELLI.
868 2653 909 2659 ——
936 2645 1067 2678 quae...
1094 2639 1248 2678 utemur,
1274 2633 1381 2669 werd
1400 2632 1461 2666 ich
1485 2633 1551 2666 mit
1577 2633 1644 2666 der

177 2684 300 2711 ersten
325 2678 456 2713 besten
497 2679 764 2723 Gelegenhest,
797 2681 863 2714 mit
888 2681 970 2715 dem
1003 2686 1129 2714 ersten
1155 2688 1269 2725 guten
1295 2679 1435 2716 VVinde
1459 2690 1533 2713 von
1559 2679 1643 2713 hier

173 2724 365 2769 absegeln.
392 2736 434 2758 ea
459 2729 601 2760 utemur
624 2727 711 2762 Ald.
739 2728 838 2762 Crat.
866 2727 994 2762 Lamb.
1021 2727 1061 2762 S.
1088 2727 1238 2762 Ramsh.
1266 2727 1296 2771 §.
1324 2727 1403 2770 159,
1427 2727 1464 2769 3,
1491 2726 1527 2761 b.
