1795 3043
451 73 765 122 EPISTOLA
800 73 1125 121 CCCLXXXI.
1266 78 1269 81 ⁴
1420 78 1523 129 543

58 189 104 231 in
133 188 202 230 his
229 187 339 229 locis
368 187 492 235 sunt,
531 187 679 228 labare
708 186 932 227 dicuntur:
959 210 1019 218 -
1069 185 1216 227 eodem
1246 185 1314 226 die
1344 187 1524 229 Funisu-

57 247 182 288 lanus
212 259 238 287 a
264 248 306 285 te
335 245 482 286 attulit
508 245 682 296 literas,
714 245 756 284 in
788 245 940 296 quibus
970 246 1062 285 erat
1093 243 1380 285 confirmatius
1410 245 1523 287 idem

57 303 182 346 illud.
240 302 297 343 Ei
325 302 377 343 de
407 314 482 343 suo
511 302 680 354 negotio
709 302 907 352 respondi
936 303 1173 351 cumulate,
1203 303 1428 342 cumomni
1449 304 1523 343 tua

56 361 208 414 gratia.
264 358 418 400 Adhuc
448 372 532 399 non
563 358 873 399 satisfaciebat:
913 359 1038 399 debet
1068 360 1207 399 autem
1234 359 1340 398 mihi
1370 360 1525 399 multos

58 429 270 469 nummos,
300 430 380 458 nee
410 416 593 458 habetur
614 416 819 467 locuples.
877 416 999 456 annc
1031 416 1091 456 ait
1120 428 1163 456 se
1193 416 1410 465 daturum3
1451 416 1524 457 cui

62 487 294 527 expensum
316 475 484 522 tulerit,
514 473 694 521 morari3
735 473 995 523 tabellariis,
1026 474 1061 513 si
1092 473 1203 526 apud
1217 477 1257 513 te
1276 475 1407 526 esset,
1438 486 1524 525 qua

57 533 353 583 satisfecisset,
412 530 548 572 dares.
636 529 849 576 Quantum
890 530 967 578 sit,
1025 530 1134 569 Eros
1177 530 1400 571 Philotimi
1443 530 1524 571 tibi

56 588 180 629 dicet.
240 587 322 628 Sed
363 587 417 628 ad
454 588 617 628 maiora
644 586 876 627 redeamus.
936 587 1055 635 Quod
1094 587 1239 639 optas,
1276 587 1523 629 Caelianum
1549 590 1581 630 2

54 646 166 686 illud
215 645 475 685 maturescit.
568 644 718 695 Itaque
763 646 987 696 torqueor,
1049 646 1191 684 utrum
1240 647 1410 685 ventum
1455 657 1527 685 ex-

54 704 260 754 spectem.
320 703 487 743 Vexillo
528 713 634 753 opus
664 703 745 741 est:
795 701 1094 742 convolabunt.
1154 701 1272 749 Quod
1300 702 1449 742 suades
1476 703 1524 742 ut

56 762 216 812 palam3
273 771 445 811 prorsus
482 759 714 799 assentior:
771 759 914 810 itaque
962 771 1028 798 me
1067 760 1357 810 profecturum
1401 761 1518 811 puto.

57 818 168 857 Tuas
199 819 339 857 tamen
368 817 543 856 interim
570 817 715 855 literas
746 819 957 868 exspecto.
1020 816 1159 856 Servii
1194 816 1370 856 consilio
1412 816 1524 856 nihil

57 874 296 926 expeditur.
353 874 506 913 Omnes
544 874 760 925 captiones
800 875 843 912 in
885 873 997 912 omni
1036 873 1245 913 sententia
1279 876 1524 914 occurrunt.

57 931 199 971 Unum
236 931 282 973 C.
313 930 568 971 Marcellum
603 931 781 983 cognovi
810 930 1084 980 timidiorem3
1142 943 1269 982 quem
1307 931 1526 971 consulem

57 1085 131 1109 von
149 1074 233 1108 acht
252 1084 345 1118 ganz
361 1073 525 1108 anderen
537 1075 739 1118 Cohorten,
765 1074 826 1108 die
842 1075 893 1107 eb
905 1075 1028 1108 ensal
1040 1075 1051 1108 l
1063 1086 1079 1108 s
1100 1076 1164 1109 auf
1176 1075 1303 1109 Abfall
1323 1087 1396 1110 von
1409 1077 1526 1110 Ciisar

58 1121 229 1154 dachten.
255 1140 300 1145 —
332 1121 463 1154 etenim
488 1120 565 1154 liae.
597 1121 700 1164 Lege
725 1131 800 1154 eae.
838 1121 1035 1154 ORELLI.
1064 1140 1107 1145 —
1144 1121 1414 1165 Funisulanus,
1447 1122 1524 1157 wot

59 1167 119 1201 ein
151 1166 382 1201 Publicaner
411 1166 505 1199 oder
528 1167 816 1200 Handelsmann.
840 1185 886 1192 --
934 1168 1116 1210 confirm,
1152 1168 1249 1201 noch
1273 1169 1379 1202 mehr
1403 1169 1527 1203 bestii-

59 1214 166 1257 tiget.
203 1232 248 1238 —
294 1213 476 1247 cumulate
497 1223 544 1246 =
569 1224 618 1247 ex
642 1219 749 1256 voto,
785 1212 859 1247 wie
885 1215 955 1247 er's
981 1224 1051 1246 nur
1073 1214 1277 1248 wiinschen
1302 1214 1454 1248 konnte.
1482 1233 1526 1241 —

58 1271 139 1294 cum
163 1259 263 1293 omni
287 1263 349 1292 tua
373 1258 526 1302 gratia,
561 1259 636 1293 und
662 1258 722 1292 ich
749 1259 844 1292 habe
869 1258 931 1293 ihn
958 1259 1112 1293 merken
1138 1261 1283 1303 lassen,
1308 1261 1392 1295 dass
1418 1273 1460 1295 er
1485 1271 1527 1295 es

57 1306 131 1340 Dir
157 1316 203 1339 zu
230 1305 375 1338 danken
400 1305 508 1338 habe.
540 1323 585 1329 —-
632 1316 669 1338 se
695 1306 889 1348 daturum,
929 1305 1014 1339 dass
1047 1317 1088 1339 er
1112 1306 1294 1340 bezahlen
1320 1307 1446 1341 wolle.
1481 1325 1528 1332 —·

59 1354 121 1386 cuz·
144 1363 224 1395 exp.
251 1352 397 1394 tulerit,
422 1352 586 1394 morari;
614 1352 702 1385 aber
719 1352 819 1394 Der,
846 1352 927 1385 dem
954 1362 995 1385 er
1021 1363 1061 1385 es
1086 1352 1259 1395 geliehen
1285 1353 1400 1396 habe,
1428 1354 1530 1387 halte

60 1399 124 1433 ihn
150 1399 230 1441 aus,
264 1397 388 1431 indem
415 1408 456 1430 er
480 1397 584 1431 nicht
609 1397 775 1432 bezahle.
800 1417 845 1423 —-
877 1398 1084 1431 tabellariis
1109 1424 1117 1432 .
1137 1425 1144 1432 .
1167 1425 1175 1433 .
1202 1400 1320 1433 dares.
1356 1399 1420 1434 Sic
1446 1401 1528 1434 Ma-

59 1444 205 1486 nutiuS,
232 1444 317 1477 sed:
343 1444 585 1486 satisfecisses
601 1444 853 1487 (satisfecisset
865 1455 947 1477 cum
966 1445 1102 1478 Graev.
1130 1444 1219 1480 Sch.
1245 1457 1294 1479 ex
1307 1446 1527 1481 ed.Bon0n.

59 1491 140 1533 Pii)
173 1491 290 1525 HerV.
323 1490 452 1524 Lamb.
491 1490 574 1524 sed:
610 1501 718 1534 quum
748 1491 986 1533 satisfecisset
1017 1494 1138 1534 (quum
1173 1503 1194 1525 e
1219 1491 1373 1526 Graevii
1399 1492 1526 1534 coni).

61 1536 274 1573 Sententia:
314 1537 415 1579 „Qui
450 1535 522 1570 sibi
557 1536 710 1579 debeat,
754 1547 834 1570 eum
862 1547 935 1569 non
960 1538 1126 1570 solvere:
1166 1537 1366 1582 scripsisse
1391 1545 1527 1582 tamen,

61 1590 102 1618 ut
127 1583 159 1617 is
184 1583 254 1616 tibi
279 1583 418 1616 solvat:
453 1589 634 1625 quatenus
661 1583 692 1616 is
719 1589 793 1615 tum
818 1583 993 1617 solvisset
1016 1583 1190 1626 (fortasse
1209 1585 1307 1617 enim
1333 1595 1406 1619 non
1432 1585 1532 1619 inte-

58 1641 163 1675 gram
188 1640 363 1664 summam
388 1628 608 1663 Funisulani
641 1628 790 1662 debitor
823 1636 902 1662 erat
931 1630 1123 1664 soluturus
1149 1630 1314 1674 Attico),
1353 1631 1386 1666 si
1419 1638 1457 1665 tu
1484 1642 1529 1665 ea

60 1675 221 1723 pecunia
254 1686 299 1709 eo
333 1676 417 1719 ipso
445 1682 614 1719 tempore
647 1685 777 1708 carere
809 1686 963 1719 posses,
1008 1676 1218 1710 tabellariis
1251 1677 1360 1711 dares
1391 1678 1436 1711 ad
1469 1689 1528 1712 me

61 1722 359 1769 perferendam.'’
390 1722 587 1755 ORELLI.
614 1740 659 1746 -—
701 1722 880 1756 Quantum
904 1723 975 1763 sit,
1009 1723 1112 1766 quod
1139 1722 1365 1757 Funisulano
1392 1724 1531 1758 debea-

63 1777 135 1804 tur.
174 1788 217 1793 —
265 1769 362 1803 Eros
395 1768 590 1802 Philotimi
624 1767 805 1809 libertus,
841 1768 1012 1802 diversus
1043 1769 1087 1801 ab
1117 1769 1235 1802 Attici
1268 1770 1427 1814 liberto,
1462 1769 1529 1814 qui

61 1815 275 1851 nominatur
300 1815 409 1848 Eros.
458 1814 549 1849 Vid.
575 1813 620 1847 ad
646 1813 758 1848 Attic.
786 1815 862 1856 VI,
890 1816 915 1847 l⁴
954 1815 1056 1856 XV,
1086 1816 1141 1849 15.
1165 1815 1221 1849 20.

149 1862 183 1895 2.
219 1861 434 1893 Caelianum
458 1860 572 1902 illud,
612 1859 676 1894 das
701 1860 980 1894 Unternehmen
1011 1861 1103 1894 nach
1129 1862 1212 1894 dem
1236 1861 1428 1907 Beispiele
1460 1861 1528 1897 des

0 1932 1 1946 ¹
63 1908 190 1943 catius
216 1907 354 1940 Caldus
379 1906 631 1940 Unteritalien
657 1917 701 1939 zu
730 1907 896 1940 Gunsten
923 1907 990 1940 der
1016 1907 1370 1949 republikanischen
1396 1909 1529 1944 Partei

0 1955 1 1961 ¹
61 1956 290 1996 auszuregen
318 1953 390 1986 und
416 1964 536 1996 gegen
563 1953 677 1986 Casar
701 1962 747 1986 zu
771 1953 992 1987 bewafsnen.
1043 1953 1081 1988 S.
1109 1966 1168 1999 ep.
1187 1956 1274 1997 378,
1300 1956 1332 1989 6.
1377 1957 1465 1996 380,
1490 1958 1527 1991 3.

62 2020 107 2026 —-
138 2001 265 2043 Itaque
292 2003 383 2043 too-q.
409 2006 500 2039 cet.‚
542 1998 601 2031 ich
634 1999 744 2041 quale
776 1999 873 2032 mich
910 1999 1024 2033 daher
1049 2000 1115 2034 mit
1140 2001 1208 2034 der
1231 2001 1529 2046 Ungewissheit,

63 2047 112 2080 ob
146 2045 208 2079 ich
240 2045 350 2079 einen
375 2045 571 2089 giinstigen
598 2045 712 2078 Wind
748 2045 782 2078 d.
809 2045 835 2081 i.
869 2046 938 2080 den
965 2046 1100 2090 Ersolg
1125 2045 1194 2080 der
1219 2048 1528 2093 gegenwartigen

61 2091 387 2135 Volksstimmung
417 2091 491 2124 und
516 2091 583 2124 der
608 2092 823 2125 erwiihnten
847 2092 1036 2126 Cohorten
1061 2092 1138 2126 und
1162 2093 1357 2136 Legionen
1382 2095 1529 2129 abwar-

62 2145 123 2174 ten
147 2139 232 2174 soll.
258 2158 303 2163 -
343 2138 488 2172 Vexz'llo
514 2149 570 2181 op.
598 2142 650 2170 est
673 2137 697 2171 i.
724 2148 755 2172 e.
783 2144 920 2172 tantum
946 2149 1040 2182 opus
1066 2145 1123 2173 est
1148 2139 1262 2183 duce,
1290 2141 1354 2183 qui
1380 2141 1528 2185 signum

63 2185 139 2220 det.
165 2184 282 2219 ERN.
318 2184 567 2230 Metonymie!
593 2202 637 2208 —
672 2185 911 2217 convolabunt
935 2186 979 2218 ad
1005 2185 1101 2218 hunc
1127 2186 1277 2229 ducem,
1305 2198 1345 2221 so
1372 2187 1528 2222 werden

63 2232 126 2265 die
152 2231 271 2265 Lente
295 2231 594 2265 schaarenweise
626 2241 707 2264 zum
734 2231 912 2264 1⁴‘alnilein
945 2231 1213 2275 herantliegen.
1246 2252 1291 2258 —
1339 2238 1378 2266 ut
1397 2234 1528 2279 palam

64 2278 89 2312 i.
117 2289 149 2311 e.
176 2288 356 2322 gemmam
381 2277 507 2311 annuli
534 2289 613 2310 cum
642 2278 750 2322 Gyge
767 2277 890 2322 Lydio
916 2278 963 2310 ad
988 2278 1142 2322 palmam
1171 2285 1381 2313 convertam
1408 2286 1445 2314 et
1468 2291 1528 2314 me

64 2334 137 2357 non
165 2324 362 2357 videndum
388 2324 538 2357 reddam
572 2324 604 2357 h.
632 2335 663 2357 e.
703 2324 848 2357 occulte
880 2324 1076 2358 discedam.
1127 2325 1224 2358 Nota
1250 2332 1307 2359 est
1330 2327 1455 2360 fabula
1479 2326 1528 2360 de

65 2370 187 2414 Gygis
212 2371 362 2404 annulo.
399 2370 488 2406 vid.
508 2370 586 2404 Cic.
614 2370 659 2402 de
679 2369 894 2412 Osficc.111‚
919 2371 952 2404 9.
986 2371 1019 2403 Ι.
1046 2371 1122 2404 FR.
1152 2372 1369 2406 GRONOV.
1399 2373 1529 2417 palam

63 2416 114 2450 ist
138 2416 241 2450 nicht
264 2416 329 2449 das
344 2416 592 2458 Adverbium3
626 2416 723 2449 deun
736 2415 869 2450 Cicero
895 2416 1035 2460 spricht
1061 2418 1224 2461 iiberall,
1249 2418 1334 2451 dass
1355 2430 1396 2451 er
1421 2419 1528 2453 seine

64 2463 224 2497 Abreise
250 2462 542 2496 verheimlichen
569 2462 694 2496 wolle.
728 2481 772 2487 —
819 2462 943 2496 Servii
966 2474 1062 2497 cons.
1089 2463 1184 2496 nihil
1208 2465 1418 2508 expeditur,
1447 2475 1528 2499 was

65 2508 114 2542 im
151 2509 306 2552 vorigen
333 2509 398 2542 ΒΥ.
434 2512 469 2541 in
496 2508 561 2542 hoc
592 2520 662 2542 non
686 2509 837 2541 multum
861 2513 922 2544 est.
960 2528 1003 2533 —
1054 2510 1183 2543 Omnes
1213 2511 1396 2554 captiones
1438 2518 1526 2554 cet„

65 2555 127 2589 bei
162 2555 284 2589 iedem
311 2555 547 2599 Vorschlage
580 2556 693 2589 fallen
720 2555 794 2588 ihm
828 2556 901 2589 alle
926 2556 1134 2599 moglichen
1161 2557 1526 2591 Bedenklichkeiten

66 2601 138 2635 ein.
190 2601 384 2644 captiones
418 2602 572 2646 proprie
605 2601 727 2644 dixit,
771 2612 881 2644 quum
919 2602 1136 2644 loqueretur
1167 2603 1213 2635 de
1240 2602 1527 2647 iurisconsulto5

65 2658 146 2681 nam
173 2659 194 2680 a
218 2647 453 2691 captionibus
478 2659 610 2682 cavere
636 2648 983 2682 iurisconsultorum
996 2654 1061 2681 est.
1088 2648 1296 2682 MANUT.
1321 2667 1364 2674 -
1406 2650 1528 2685 Unum

68 2719 76 2727 .
99 2719 107 2727 .
128 2719 137 2728 .
162 2694 305 2736 timia„
331 2694 355 2727 i.
378 2705 411 2727 e.
438 2693 591 2728 Servius
618 2694 668 2727 ita
694 2694 842 2728 timidus
867 2700 944 2735 est,
972 2700 1010 2727 ut
1038 2705 1146 2728 unum
1173 2706 1217 2727 co
1242 2696 1280 2730 C.
1307 2696 1526 2731 Marcellum

65 2740 307 2785 cognoverim
333 2739 570 2775 timidiorem.
595 2740 703 2775 SCH.
739 2741 826 2785 Vgl.
855 2752 913 2786 ep.
929 2742 1019 2784 379,
1045 2741 1080 2776 2.
1121 2743 1213 2785 378,
1238 2743 1272 2777 3.
1297 2760 1341 2768 —
1388 2743 1526 2780 consul.
