1795 3043
337 70 651 121 EPISTOL'A
686 69 966 117 CCCXLIX.
1038 70 1216 119 cch.
1405 79 1505 127 451

273 197 592 245 EPISTULA
627 196 802 243 CCCL.
842 195 924 254 (ad
958 198 1050 243 Att.
1086 197 1165 243 IX.
1201 197 1272 256 9.)

36 314 44 319 ,
108 283 193 321 Ser.
219 285 259 320 in
283 285 484 321 Formiano
509 285 641 322 xvn.
666 285 754 320 Kal.
779 285 873 329 Apr.
898 285 943 318 A.
969 283 1014 319 [J.
1041 283 1082 320 c.
1108 275 1187 319 70‘5.
1221 286 1269 328 (a.
1295 284 1337 320 c,
1360 285 1434 329 49.)

77 353 220 391 Tribus
253 354 426 401 epistolis
455 354 502 389 ab
534 354 663 389 Attico
698 352 852 399 scriptis
882 352 1042 388 strictim
1072 352 1291 400 respondet.
1328 354 1455 390 1-4,

528 423 718 459 CICERO
748 421 942 457 ATTICO
975 421 1017 457 S.

143 481 240 523 Tris
271 482 470 536 epistolas
499 484 595 523 tuas
623 481 774 533 accepi
803 480 1006 534 postridie
1026 479 1141 521 Idus.
1200 480 1336 522 Erant
1365 483 1506 525 autem

29 550 112 590 IV.‚
148 549 219 579 111.
233 570 246 592 ,
285 540 423 592 pridie
464 539 563 579 Idus
603 539 738 580 datae.
809 538 945 591 Igitur
981 537 1305 590 antiquissimae
1346 537 1529 591 cuique'

28 595 218 647 primum
258 595 538 650 respondebo.
596 595 791 636 Assentio
822 595 925 645 tibi,
966 595 1083 636 utin
1111 595 1342 636 Formiano
1372 598 1506 649 potis-

30 653 185 693 simum
217 665 477 694 commorer:
527 652 655 694 etiam
685 653 737 693 de
767 665 923 704 supero
952 652 1078 694 mariz
1123 651 1417 707 palpaboque‚
1456 655 1506 695 ut

30 710 157 750 antea
186 710 239 751 ad
271 712 314 759 te
342 709 518 762 scripsi,
570 722 806 761 ecquonam
833 708 956 750 modo
985 708 1141 763 possim
1167 710 1385 752 voluntate
1414 711 1506 753 eius

28 767 193 807 nullam
232 767 298 807 rei
329 766 533 819 publicae
562 769 730 819 partem
760 767 983 820 attingere.
1041 765 1162 815 Quod
1191 767 1362 815 laudas,
1403 768 1505 819 quia

29 822 227 864 oblivisci
255 836 323 864 me
353 824 508 876 scripsi
538 826 637 864 ante
665 824 781 865 facta
810 825 853 864 et
878 823 1037 864 delicta
1063 823 1200 865 nostri
1230 823 1382 866 amici:
1427 837 1505 878 ego

29 891 132 921 vero
172 880 235 921 ita
276 880 405 923 facio.
465 881 576 928 Quin
609 894 659 922 ea
687 882 802 933 ipsa,
843 892 950 932 quae
981 895 1006 922 a
1033 881 1077 921 te
1107 884 1504 931 commemorantur,

28 949 150 977 secus
182 937 235 978 ab
266 949 315 977 eo
344 938 390 977 in
420 950 487 977 me
518 938 658 991 ipsum
686 939 800 978 facta
821 949 910 977 esse
938 949 1023 978 non
1047 938 1243 978 memini:
1271 939 1390 979 tanto
1409 940 1507 991 plus

29 992 141 1046 apud
178 1007 244 1034 me
283 996 426 1034 valere
465 993 666 1036 beneficii
707 994 888 1047 gratiam
926 1007 1054 1046 quam
1092 994 1278 1036 iniuriae
1316 996 1507 1037 dolorem

28 1052 143 1092 volo.
202 1051 428 1091 Faciamus
459 1051 616 1104 igitur,
648 1053 696 1091 ut
728 1064 896 1102 censes,
928 1053 1263 1103 colligamusque
1291 1063 1383 1094 nos,
1433 1057 1508 1091 Σο-

0 1105 208 1162 1[φιστεύω
250 1108 386 1154 enini,
437 1107 566 1147 simul
606 1110 654 1147 ut
693 1120 764 1147 rus
805 1108 1013 1157 decurro,
1067 1110 1195 1159 atque
1237 1108 1284 1149 in
1326 1108 1509 1151 decursu

30 1164 168 1206 θέσεις
203 1177 318 1204 meas
358 1165 636 1205 commentari
683 1176 768 1204 non
807 1164 966 1205 desino.
1040 1165 1124 1206 Sed
1161 1167 1260 1206 sunt
1301 1166 1510 1218 quaedam

0 1270 2 1276 Ι
31 1234 178 1263 earum
196 1219 473 1273 perdifficiles
503 1221 555 1261 ad
573 1221 861 1261 iudicandum.
911 1222 975 1262 De
1000 1221 1300 1273 optimatibus,
1330 1223 1385 1264 sit
1407 1237 1509 1265 sane

0 1278 3 1337 l
29 1279 114 1331 ita,
144 1280 192 1318 ut
220 1278 304 1318 vis:
346 1277 418 1317 sed
448 1278 562 1318 nosti
590 1277 726 1325 illud,
771 1276 987 1320 Διονύσιος
1016 1280 1060 1316 ἐν
1089 1278 1300 1329 Κορίνθῳ.
1358 1281 1510 1322 Titinii

124 1401 158 1433 l.
187 1402 304 1444 postr.
331 1398 421 1432 Iclns
445 1398 577 1439 Mart.‚
613 1408 669 1432 am
695 1401 754 1435 16.
780 1401 900 1435 Marz.
933 1417 980 1426 —·
1026 1400 1121 1445 IV.‚
1147 1402 1249 1444 ΙΙΙ.,
1282 1402 1409 1447 pridie
1432 1405 1508 1449 Id„

31 1456 118 1480 vom
144 1445 223 1489 12,
249 1447 332 1489 13.‚
360 1445 415 1478 14.
443 1445 550 1478 Marz
587 1445 712 1480 datirt.
745 1465 790 1471 ·—-
837 1446 951 1490 antiq.
978 1447 1123 1491 cuique,
1165 1449 1232 1483 auf
1258 1447 1369 1484 ieden
1402 1451 1514 1486 Briet

31 1493 126 1526 nach
158 1492 301 1525 seinem
326 1491 448 1525 Alter.
492 1490 531 1525 S.
559 1491 711 1526 Ramsh.
740 1493 767 1534 ξ.
792 1492 878 1536 156,
914 1496 948 1527 1.
998 1493 1144 1528 Grotef.
1173 1495 1203 1538 §-
1227 1494 1308 1530 279.
1347 1498 1427 1532 384.
1466 1516 1510 1523 --

34 1538 235 1581 Assentio,
274 1538 394 1572 Nemo
426 1537 618 1573 assentior.
663 1538 862 1573 ORELLI.
900 1558 946 1564 —-
1002 1542 1114 1573 etiam
1154 1542 1198 1574 de
1234 1552 1367 1586 supero
1398 1545 1512 1590 mars}

34 1585 129 1618 auch
155 1585 194 1618 in
219 1584 301 1617 dem
326 1585 489 1627 Puncte,
523 1583 608 1618 dass
635 1583 697 1618 ich
722 1584 841 1628 mich,
868 1596 928 1619 um
954 1584 1037 1619 dem
1061 1586 1269 1632 Pompeius
1293 1599 1340 1623 zu
1364 1589 1511 1635 solgen,

33 1631 100 1665 auf
130 1630 214 1665 dem
248 1630 366 1664 obern
390 1630 522 1664 Meere
554 1630 774 1665 einschiffen
811 1632 922 1666 solle.
955 1650 1002 1658 —-·
1043 1633 1273 1678 palpaboque
1298 1634 1321 1668 i.
1348 1646 1379 1671 e.
1406 1636 1513 1671 blan-

33 1677 173 1711 diendo
206 1675 468 1720 adulandoque
507 1675 643 1711 leviter
682 1677 833 1711 tentabo
869 1684 907 1711 et
940 1679 1131 1722 experiar.
1171 1680 1370 1716 ROSIUS.
1420 1683 1513 1726 „ich

32 1723 116 1757 will
140 1723 349 1759 versuchen
374 1727 631 1766 auszutasten‚
657 1724 742 1756 0b⁷’.
766 1742 811 1748 ·-
852 1724 1036 1758 voluntate
1060 1726 1155 1765 eius,
1182 1727 1281 1760 bona
1303 1739 1386 1762 cum
1404 1729 1516 1765 venia

34 1768 217 1804 Caesaris,
249 1769 358 1803 SCH.
409 1769 499 1812 Vgl.
535 1780 592 1813 ep.
620 1769 906 1810 CCCXLVIII,
939 1771 1088 1816 Anlage
1111 1772 1165 1815 B,
1198 1773 1231 1808 2.
1271 1791 1316 1799 —
1364 1775 1513 1812 delicta.

35 1815 102 1850 Sic
125 1815 202 1850 Md.
229 1814 333 1850 Vict.
360 1815 394 1847 1.
421 1814 510 1849 Bos.
537 1814 652 1859 Seqq.
695 1816 794 1850 dicta
819 1818 907 1851 Asc.
935 1818 966 1850 1.
1003 1818 1102 1852 Crat.
1127 1818 1260 1853 Lamb.
1289 1820 1392 1856 Vici.
1418 1822 1450 1857 2.
1478 1825 1511 1859 1.

35 1861 138 1906 quod
169 1859 336 1904 intelligi
367 1867 497 1903 posset
529 1861 576 1894 de
609 1860 708 1905 illis,
744 1873 840 1905 quae
871 1864 979 1897 affert
1008 1864 1080 1909 Ep.
1105 1875 1183 1908 seq.
1233 1866 1340 1901 Sulla
1365 1869 1514 1913 potuit;

37 1918 107 1950 ego
133 1918 205 1940 non
228 1906 385 1950 potero?
421 1906 619 1942 ORELLI.
652 1925 698 1932 —
735 1909 853 1943 nostri
877 1910 1008 1954 amici,
1040 1910 1229 1956 Pompeii.
1255 1932 1300 1940 --
1345 1924 1449 1949 secus
1474 1939 1484 1950 .
1503 1940 1513 1950 .

37 1955 140 1997 facta
165 1964 259 1996 esse,
301 1962 415 1996 sogar
450 1952 554 1986 seine
580 1964 625 1987 an
649 1952 721 1987 mir
745 1956 990 2000 begangenen
1015 1957 1406 2004 Ungerechtigkeiten
1431 1962 1516 1997 will

37 2000 100 2034 ich
124 1999 199 2033 ihm
225 1998 328 2032 nicht
348 1998 560 2042 gedenken.
588 2019 627 2024 —
668 2002 764 2044 apud
787 2013 854 2037 me.
889 2003 953 2037 cfr.
980 2002 1099 2038 Hand.
1131 2005 1288 2040 Tursell.
1315 2008 1349 2042 1.
1374 2019 1413 2054 p.
1431 2010 1515 2044 411.

36 2046 222 2088 beneficii,
270 2045 371 2088 quod
408 2055 552 2078 omnem
590 2056 741 2090 operam
774 2055 812 2082 et
848 2049 1126 2084 contentionem
1157 2050 1350 2097 adhibuit,
1391 2061 1432 2091 ut
1468 2055 1516 2092 ab

38 2092 180 2126 exsilio
214 2101 426 2142 revocarer.
463 2091 571 2126 SCH.
605 2111 650 2118 ·—
697 2093 878 2140 iniuriae,
913 2097 1014 2139 quod
1047 2108 1105 2130 me
1135 2097 1315 2134 adversus
1340 2101 1515 2141 Clodium

38 2148 113 2172 non
148 2137 327 2172 defendit.
361 2137 469 2172 SCH.
502 2156 546 2164 -·
594 2138 723 2182 collig.
758 2152 845 2184 nos,
893 2142 971 2176 und
1003 2143 1144 2177 wollen
1181 2155 1249 2178 uns
1284 2156 1515 2185 zusammen-

20 2184 221 2227 ‘nehmenJ
248 2184 384 2217 fassen.
411 2202 456 2208 —-
491 2185 796 2232 Σοφιστεύω,
823 2187 919 2222 denn
945 2189 1005 2222 ich
1024 2189 1307 2236 philosophire,
1332 2197 1514 2234 wahrend

38 2229 101 2264 ich
133 2229 194 2263 die
224 2229 362 2282 Felder
402 2229 544 2263 melnes
577 2231 770 2277 Landguts
809 2234 954 2269 ablaufe
988 2237 1063 2277 (um
1100 2235 1172 2271 mir
1207 2237 1431 2288 Rewegung
1465 2255 1512 2280 zu

39 2275 221 2318 machen).
248 2294 294 2301 —
340 2287 381 2309 m
406 2276 580 2320 decursu,
616 2277 713 2312 beim
739 2279 1012 2324 Spazirlaufen.
1055 2283 1151 2318 Wer
1175 2284 1379 2322 Gedanken
1400 2291 1515 2325 nach-

31 2322 144 2374 523&ss
180 2322 300 2366 pflegt
324 2331 370 2355 zu
395 2322 542 2365 lausen,
576 2330 664 2358 statt
687 2335 735 2360 zu
760 2326 945 2371 spaziren.
979 2345 1024 2353 ·—-
1071 2330 1232 2372 θέσεις
1255 2343 1368 2378 supra
1392 2346 1512 2381 expo-

41 2375 132 2403 sitas
158 2369 315 2419 ep-345.
339 2387 393 2419 ·--
441 2370 490 2402 ad
514 2370 649 2413 indic„
688 2381 734 2406 zu
765 2373 1022 2409 entscheiden.
1053 2393 1099 2400 —
1146 2376 1203 2410 De
1229 2382 1391 2422 optimat.
1424 2388 1512 2427 cet,

41 2414 128 2450 dass
163 2413 224 2446 die
257 2415 469 2458 Optimaten
505 2415 603 2449 mein
635 2417 941 2454 Zurijckbleiben
972 2426 1038 2464 gut
1075 2421 1244 2465 missen,
1290 2436 1373 2470 mag
1415 2428 1513 2473 sein,

26 2460 133 2494 ,weil
166 2460 240 2512 Du·
261 2470 301 2494 es
333 2470 375 2493 so
400 2460 534 2512 yillst.
570 2480 614 2487 —
672 2466 929 2508 Διονύσιος
967 2469 1012 2503 ἐν
1041 2471 1279 2516 Κορίνθῳ.
1326 2472 1512 2519 Philippo

41 2505 292 2558 Macedoniae
328 2516 432 2549 regi,
477 2507 593 2559 quum‘
626 2511 825 2556 superbius
858 2513 905 2546 ad
935 2512 1252 2549 Lacedaemonios
1282 2518 1512 2565 scripsisset,

42 2551 82 2586 hi
116 2552 211 2585 nihil
243 2551 345 2586 aliud
377 2562 655 2603 rescripserunt
685 2568 795 2601 quam
827 2558 1022 2601 Διονύσιος
1052 2561 1089 2595 ἐν
1114 2562 1316 2608 Κορίνθῳ,
1354 2571 1395 2599 ut
1427 2577 1529 2606 eum,

43 2598 287 2632 admonerent
319 2598 492 2642 fragilem
528 2610 610 2634 esse
645 2612 774 2647 regum
810 2611 847 2638 et
872 2610 1114 2651 tyrannorum
1139 2607 1331 2644 fortunam.
1381 2612 1513 2657 Itaque

45 2643 116 2677 hoc
148 2644 350 2689 proverbio
384 2645 501 2696 utitur
525 2646 659 2681 Cicero
691 2660 738 2684 eo
771 2650 951 2695 consilio,
990 2656 1049 2695 ut,
1091 2652 1256 2694 quamvis
1281 2656 1387 2692 multi
1413 2660 1514 2705 opti-

44 2696 159 2742 mates
189 2701 287 2724 nunc
312 2691 483 2725 Caesaris
515 2692 698 2728 fortunam
730 2696 1034 2732 florentissimam
1067 2704 1219 2742 putent,
1257 2700 1367 2737 facile
1393 2711 1514 2742 tamen

45 2734 128 2771 fieri
152 2747 264 2783 posse
287 2736 410 2781 dicat,
453 2743 494 2773 ut
518 2746 669 2775 corruat
693 2746 731 2777 et
754 2742 936 2790 Dionysii
960 2743 1186 2790 Syracusani
1206 2745 1377 2786 Corinthi
1401 2762 1515 2788 exsu-

1119 2804 1208 2847 29*
