1795 3043
229 60 329 111 274
484 56 548 102 M.
586 55 640 100 Τ.
678 53 1017 102 CICERONIS
1051 56 1423 106 EPISTOLAE.

229 170 333 211 tium
364 181 484 210 sensu
514 170 822 221 apparuerunt:
852 170 1055 223 perpauci
1084 170 1438 211 necessitudinem
1465 172 1599 212 secuti
1627 172 1688 213 of-

229 227 372 269 ficium
409 227 721 278 praestiterunt.
790 227 936 278 Itaque
975 227 1082 267 mihi
1121 229 1183 267 est
1212 228 1419 268 Domitius
1448 228 1688 269 inimicissi-

230 297 346 332 mus,
388 286 435 323 ut
473 296 526 323 ne
555 283 804 324 familiarem
844 283 1011 336 quidem
1040 297 1160 325 suum
1188 297 1438 336 quemquam
1471 287 1556 326 tam
1592 286 1687 326 ode·

229 343 311 388 rit,
344 353 466 392 quam
496 353 584 381 me:
622 343 748 392 atque
778 354 827 381 eo
857 343 1000 394 magis,
1032 341 1142 393 quod
1171 354 1246 394 per
1275 342 1473 381 iniuriam
1502 343 1581 382 sibi
1610 355 1686 395 pu·

230 399 294 438 tat
322 400 534 449 ereptum,
567 399 686 440 cuius
716 411 791 451 ego
822 401 969 439 auctor
996 399 1163 440 fuerim.
1223 398 1346 439 Nunc
1374 399 1480 438 furit
1509 401 1593 439 tam
1618 412 1687 453 ga-

230 455 343 496 visos
380 455 567 495 homines
604 468 725 495 suum
763 455 972 504 dolorem,
1014 458 1270 507 -1-unumque
1299 468 1366 496 me
1395 455 1687 496 studiosiorem

229 512 418 553 Antonii.
459 512 564 552 Nam
594 512 666 553 Cn.
689 513 959 553 Saturninum
988 514 1293 554 adolescentem
1331 513 1422 564 ipse
1454 512 1528 554 Cn.
1546 513 1686 553 Domi·

230 570 313 608 tius
341 581 463 609 reum
491 569 607 622 fecit,
637 581 859 620 sanequam
883 571 1100 622 superiore
1120 585 1144 610 a
1163 571 1249 611 vita
1266 570 1544 619 invidiosum3
1575 568 1687 621 quod

230 626 434 667 iudicium
462 639 572 666 nunc
601 626 645 666 in
666 628 979 677 exspectatione
999 629 1075 676 est,
1108 627 1234 667 etiam
1263 627 1307 666 in
1338 627 1447 666 bona
1476 639 1561 678 spe,
1593 628 1688 678 post

180 690 208 729 2
233 683 327 723 Sex.
356 683 564 723 Peducaei
603 683 919 725 absolutionem.
986 684 1049 724 De
1090 697 1248 724 summa
1284 696 1330 724 re
1359 684 1533 736 publica
1562 694 1688 734 saepo

231 739 310 779 tibi
340 740 512 792 scripsi,
549 751 615 779 mc
645 753 800 780 3111111111
829 753 978 793 pacem
1006 753 1090 781 non
1125 742 1291 783 videre:
1331 743 1373 781 et
1404 753 1486 793 quo
1515 739 1689 792 propius

231 875 330 909 buta.
361 875 507 910 Friiher
528 877 629 910 hatte
655 876 717 910 das
744 876 949 919 Collegium
984 877 1054 911 der
1075 879 1230 922 Augurii
1256 879 1371 912 selbst
1396 877 1457 912 die
1483 877 1607 911 Wahl.
1647 875 1686 910 S.

230 922 399 967 Philipp.
419 923 467 957 II.
485 942 527 946 -
569 926 602 956 et
622 924 730 967 plane
756 949 763 956 .
782 950 789 957 .
808 949 815 956 .
841 929 1106 967 apparuerunt,
1139 925 1214 958 und
1247 936 1286 957 95
1317 924 1440 967 zeigte
1470 923 1549 957 sich
1583 923 1689 956 deut-

229 967 329 1011 lich,
364 969 446 1001 dass
472 969 544 1002 alle
568 970 833 1012 Bemiihungen
858 981 903 1003 zu
930 970 1097 1004 Guusten
1133 971 1226 1004 oder
1250 971 1469 1013 nguusten
1502 970 1569 1003 der
1595 969 1690 1003 Can-

230 1014 380 1047 didaten
416 1026 488 1048 von
519 1014 600 1048 dem
626 1016 810 1049 Interesse
835 1016 902 1049 der
926 1015 1258 1051 Staats-Parteien
1284 1016 1542 1057 (Casarischen
1567 1026 1602 1048 u.
1630 1025 1688 1048 se-

226 1060 478 1104 natorischen)
512 1061 736 1105 ausgingen,
771 1062 808 1095 in
839 1063 982 1096 welche
1014 1062 1086 1096 wir
1116 1063 1208 1096 ietzt
1241 1062 1399 1106 getheilt
1424 1061 1519 1095 sind.
1538 1080 1583 1086 —
1626 1059 1689 1094 n'e-

228 1117 314 1140 σεε-ς.
341 1107 465 1147 secuti,
492 1106 558 1140 mit
572 1107 935 1152 Berucksichtiguug
959 1108 1062 1142 ihrer
1076 1108 1339 1154 personlichen
1356 1107 1628 1144 Verhaltnisse.
1647 1126 1687 1153 ῥ-

227 1156 387 1195 ereptum
412 1160 646 1197 auguratum,
673 1165 749 1187 was
775 1165 838 1188 aus
864 1154 897 1188 d.
924 1155 1087 1188 Context
1109 1166 1155 1189 zu
1181 1156 1367 1198 erganzen
1393 1154 1506 1188 ist.—
1540 1164 1609 1197 per
1630 1153 1689 1186 in-

226 1199 383 1240 iuriam,
409 1199 508 1243 quod
534 1199 605 1233 sibi
631 1199 711 1233 xiro
737 1200 926 1234 consulari
950 1201 1000 1235 M.
1019 1201 1216 1244 Antonius,
1243 1200 1306 1244 qui
1333 1200 1495 1234 nondum
1522 1199 1688 1232 tribuna-

227 1251 303 1278 tum
336 1246 386 1289 pl.
421 1245 576 1289 adeptus
611 1252 709 1287 erat,
752 1246 790 1278 in
825 1253 1002 1288 auguratu
1048 1248 1234 1291 praelatus
1268 1252 1375 1280 esset.
1408 1245 1616 1280 MANUT.
1643 1253 1686 1269 -‘-

227 1291 330 1324 cuius
354 1290 513 1324 iniuriae
538 1302 605 1332 ego
631 1295 759 1324 auctor
790 1293 935 1334 fuerim.
975 1293 1073 1326 Ouid
1110 1293 1261 1326 mirum?
1295 1303 1406 1335 quum
1441 1291 1687 1325 amicissimus

226 1343 328 1371 esset
363 1336 519 1370 Curioni
555 1337 722 1379 Caelius;
763 1338 877 1372 Curio
910 1344 1029 1371 autem
1061 1339 1300 1372 vehementer
1332 1337 1497 1371 Antonio
1531 1338 1685 1371 faveret.

226 1382 320 1419 Vid.
338 1382 414 1417 Cic.
434 1382 534 1416 Phil.
552 1383 600 1416 ΙΙ.
628 1390 662 1415 et
681 1383 870 1417 Plutarch.
889 1390 925 1417 et
944 1384 1104 1418 Hirtium
1129 1385 1213 1418 libr.
1226 1385 1336 1420 VIII.
1364 1384 1410 1417 de
1428 1384 1472 1417 B.
1491 1383 1535 1417 G.
1562 1388 1599 1417 et
1625 1394 1684 1428 ep.

227 1430 293 1464 780
319 1429 355 1462 h.
383 1428 439 1463 ed.
463 1428 672 1464 MANUT.
688 1449 732 1454 —
771 1431 931 1472 gavisos.
968 1430 1044 1464 Die
1062 1431 1215 1465 Anderu
1241 1432 1367 1464 hatten
1393 1430 1468 1463 ihm
1494 1429 1596 1462 bloss
1621 1439 1686 1463 aus

227 1474 531 1517 Schadenfreude
563 1482 743 1518 entgegen
777 1476 1000 1519 gearbeitet3
1033 1477 1158 1510 Callus
1190 1477 1303 1510 allein
1328 1477 1419 1510 aber
1450 1486 1513 1509 aus
1539 1475 1686 1509 Partei-

224 1521 384 1554 lichkeit
407 1521 466 1553 fiir
490 1521 741 1555 Autonius.—
781 1523 802 1563 †
819 1533 994 1565 unumque
1020 1529 1089 1557 cet.
1121 1534 1295 1566 unumque
1320 1533 1420 1555 move
1444 1522 1686 1555 studiosorem

226 1566 310 1610 (sic)
337 1567 586 1600 Antonianum
613 1567 677 1600 Cn.
703 1567 780 1601 Md.
808 1579 983 1611 unumque
1006 1573 1122 1601 movet
1148 1569 1188 1611 (i.
1217 1580 1247 1602 e.
1275 1570 1402 1609 vexat)
1427 1569 1685 1601 studiosiorem

222 1613 392 1648 Antonii.
434 1612 532 1647 Nam
557 1613 622 1646 Cn.
648 1613 686 1646 S.
711 1613 852 1647 Bencd.
904 1614 1000 1647 Sane
1034 1614 1291 1658 improbabilis
1329 1615 1438 1647 etiam
1471 1615 1622 1657 vulgata
1646 1618 1684 1646 et

224 1659 405 1692 obscurae
430 1659 646 1693 sententiae.
686 1659 800 1693 Venit
826 1659 863 1692 in
887 1666 1060 1694 mentem:
1088 1661 1262 1701 dolorem,
1288 1661 1337 1693 ad
1361 1671 1537 1703 unumque
1562 1669 1684 1692 omnes

221 1705 462 1741 studiosiores
485 1705 652 1738 Antonii.
684 1705 781 1738 Nam
809 1705 1002 1738 ORELLI.
1044 1706 1168 1739 Ueber
1193 1707 1285 1748 feerit
1308 1705 1374 1738 mit
1398 1705 1489 1748 folg.
1516 1717 1682 1740 accus.c.

222 1750 285 1784 inf.
313 1761 339 1785 5.
365 1751 513 1784 Ramsh.
540 1752 665 1794 §.168,
684 1753 717 1785 3.
754 1750 899 1784 Grotef.
927 1752 955 1793 ᾗ.
974 1753 1055 1794 308,
1075 1752 1114 1795 23
1149 1753 1242 1785 iiber
1269 1752 1422 1794 gavisos
1446 1762 1527 1784 cum
1558 1761 1682 1786 accus.

221 1796 369 1831 Ranish.
396 1798 424 1840 ξ.
450 1797 534 1837 144,
553 1799 594 1840 3,
627 1797 714 1830 Not.
733 1797 766 1830 4.
798 1798 1054 1830 studiosiorem
1071 1798 1247 1841 Antonii,
1273 1809 1383 1841 quam
1408 1798 1527 1841 ipsius
1551 1798 1680 1832 fuisse.

219 1863 266 1868 —
300 1843 363 1876 Cn.
391 1843 576 1876 Domitius
606 1843 897 1885 Ahenobarbus,
932 1844 998 1876 der
1022 1843 1124 1877 Sohu
1160 1844 1225 1878 des
1250 1844 1291 1878 L.
1310 1845 1421 1877 Dom.
1447 1844 1586 1886 Ahen.,
1613 1843 1682 1876 der

220 1888 284 1923 ihn
309 1900 355 1923 zu
381 1889 506 1922 dieser
530 1889 700 1932 Auklage
722 1890 913 1923 vermocht
938 1890 1048 1923 hatte.
1082 1891 1208 1924 Ueber
1234 1889 1342 1923 ienen
1376 1901 1405 1924 5.
1432 1890 1535 1924 Caes.
1563 1890 1607 1922 Β.
1636 1889 1677 1923 C.

218 1937 253 1976 1,
270 1936 327 1971 23.
362 1934 514 1969 Sueton.
540 1935 630 1970 Ner.
658 1947 689 1969 c.
708 1937 740 1970 3.
766 1935 934 1980 Philipp.
954 1936 1005 1979 II,
1026 1938 1078 1969 11.
1112 1936 1178 1981 Er,
1204 1936 1278 1969 wie
1303 1936 1383 1969 sein
1409 1936 1546 1979 Vater,
1575 1933 1679 1969 91111-

217 1991 285 2024 ger
303 1981 565 2025 Pompeianer.
604 1982 684 2014 Der
702 1981 920 2015 Casarianer
943 1983 1043 2016 111955
1068 1982 1339 2016 (311130111111115
1364 1981 1551 2016 Calvinus.
1570 1982 1676 2015 Caes.

215 2026 262 2061 B.
288 2028 329 2062 C.
354 2028 432 2070 ΙΙΙ,
452 2028 504 2061 78.
530 2046 575 2052 -
617 2028 680 2061 Cn.
707 2027 966 2071 Saturninum,
1009 2029 1076 2062 der
1107 2028 1351 2062 vermuthlich
1385 2027 1679 2069 ungebiihrliche

212 2073 342 2108 Mittel
368 2073 590 2116 angewandt
614 2073 732 2116 hatte,
764 2074 846 2106 dem
871 2074 1053 2108 Antonius
1079 2075 1139 2107 bei
1165 2074 1232 2108 der
1251 2073 1481 2116 Augurwahl
1499 2072 1678 2107 Stimmen

216 2128 263 2153 zu
288 2120 531 2153 verschaffen.
548 2139 590 2144 —-
626 2131 728 2153 reum
751 2121 848 2161 fecit,
875 2121 938 2153 hat
965 2120 1183 2163 gei-ichtlich
1199 2120 1410 2163 angeklagt.
1452 2119 1533 2151 Hoc
1552 2119 1676 2161 affert,

215 2164 374 2209 opinor,
401 2171 440 2198 ut
466 2166 598 2200 Cicero
625 2165 831 2209 intelligat,
857 2177 923 2200 cur
948 2167 1135 2200 Domitius
1159 2166 1277 2200 minus
1296 2164 1496 2200 Saturnino
1523 2173 1678 2198 succen-

215 2217 315 2254 seat,
348 2211 448 2254 quod
479 2211 510 2245 15
541 2223 690 2255 quoque
722 2212 896 2256 petitioni
929 2224 1017 2246 suae
1050 2219 1248 2256 auguratus
1281 2211 1472 2244 restiterit.
1498 2210 1605 2244 SCH.
1631 2228 1678 2236 --

214 2269 239 2290 α
254 2258 331 2291 vita
347 2258 477 2300 invid„
505 2258 572 2291 der
595 2269 667 2291 von
692 2258 831 2291 seinem
858 2259 1015 2303 vorigen
1030 2259 1155 2292 Leben
1174 2259 1241 2291 her
1260 2257 1362 2291 nicht
1387 2257 1435 2290 im
1456 2257 1585 2290 besten
1599 2256 1680 2290 Rus

216 2302 277 2337 ist.
301 2302 429 2338 Lamb.
456 2316 479 2336 α.
503 2315 578 2347 sup.
596 2306 683 2337 vita.
703 2323 744 2328 —
770 2305 880 2338 etiam
904 2306 943 2338 in
969 2306 1060 2338 bona
1082 2315 1156 2348 spe,
1184 2304 1279 2337 doch
1306 2303 1353 2337 ist
1377 2310 1466 2346 gute
1481 2303 1676 2346 Hoffnuug

214 2348 276 2382 fiir
300 2349 371 2383 den
394 2349 613 2393 Beklagten.
655 2351 772 2384 Causa
807 2351 924 2384 bonae
959 2351 1057 2395 spei,
1097 2351 1197 2393 quod
1232 2349 1451 2385 Peducaeus
1482 2349 1677 2382 absolutus*

216 2401 313 2429 erat:
347 2407 421 2439 quo
446 2396 620 2440 exemplo
646 2396 692 2429 de
723 2397 892 2430 omuibus
923 2397 996 2431 reis
1028 2397 1123 2430 bene
1158 2407 1309 2441 sperare
1341 2396 1484 2430 liceret.
1533 2394 1674 2428 Dieser

215 2440 322 2476 Sext.
350 2442 562 2484 Peducfflrs,
595 2441 654 2476 ein
672 2442 850 2486 Senator,
882 2454 982 2485 war,
1009 2443 1082 2476 wie
1109 2453 1147 2476 es
1173 2442 1336 2484 scheint‚
1371 2441 1430 2474 9111
1455 2451 1496 2474 so
1522 2448 1674 2483 grosser

212 2486 484 2531 Tangenichss,
518 2488 599 2522 dass
633 2499 734 2531 man,
770 2488 817 2522 da
848 2488 911 2522 ihu
945 2489 1047 2522 seine
1081 2489 1236 2522 Richter
1272 2487 1496 2532 gleichwohl
1522 2487 1579 2518 fiir
1604 2496 1672 2518 un-

213 2534 387 2578 schuldig
411 2535 551 2568 erklart
574 2534 720 2577 hatten,
755 2545 830 2568 nun
863 2541 1047 2569 erwarten
1077 2535 1238 2577 konnte‚
1273 2545 1312 2568 es
1339 2532 1466 2567 werde
1490 2529 1672 2565 Niemand

210 2580 316 2613 mehr
340 2581 512 2624 schuldig
537 2580 721 2614 befunden
741 2581 904 2614 werden.
938 2582 992 2614 Er
1016 2581 1064 2614 ist
1082 2581 1134 2614 als
1149 2583 1309 2616 Praetor
1323 2578 1476 2614 Siciliae
1494 2577 1668 2611 bekannt.

210 2624 248 2659 S.
274 2625 321 2660 ad
346 2627 459 2662 Attic.
479 2627 551 2670 ΠΙ,
572 2629 623 2663 13.
641 2628 694 2661 14.
714 2628 768 2660 17.
804 2627 956 2662 Verrin.
978 2628 1015 2669 Ι,
1039 2629 1069 2661 7.
1104 2628 1161 2671 ΙΙ,
1185 2629 1241 2662 56.
1275 2627 1321 2659 de
1345 2624 1491 2660 Finibb.
1513 2624 1566 2666 ΙΙ,
1589 2624 1645 2658 18.

298 2672 333 2706 2.
370 2673 426 2707 De
449 2684 588 2706 summa
612 2683 653 2708 re
680 2684 741 2716 p.‚
774 2683 851 2707 was
886 2673 947 2706 die
971 2673 1162 2718 Republik
1187 2673 1397 2716 uberhaupt
1421 2669 1576 2703 betrifft.
1611 2668 1669 2702 rei

201 2717 371 2760 publicae
402 2719 501 2755 Crat.
525 2737 570 2745 —
612 2729 746 2754 annum
772 2729 909 2763 pacem.
946 2718 1010 2754 Sic
1045 2719 1123 2754 Md.
1157 2719 1261 2757 Vict.
1284 2719 1314 2752 1.
1337 2718 1370 2752 2.
1403 2715 1538 2751 Graev.
1572 2715 1662 2754 Ern.
