1795 3043
496 95 810 144 EPISTOLA
851 96 1172 145 cccxxxvl.
1465 107 1567 159 417

97 207 206 249 duae
233 209 422 262 legiones
450 208 543 251 sine
559 208 794 251 Picentinis
822 209 1069 253 cohortibus
1098 210 1143 253 in
1171 213 1441 265 conspectum
1464 213 1564 255 Cae-

97 266 204 306 saris
242 268 619 309 committerentur.
687 265 967 315 Quamobrem
1010 270 1144 309 nolito
1191 271 1468 319 commoveri,
1523 272 1560 312 si

97 322 283 363 audieris
312 335 379 363 me
406 324 592 376 regredi,
641 325 677 365 si
706 326 815 365 forte
845 324 998 364 Caesar
1027 326 1080 365 ad
1107 338 1173 365 me
1201 326 1362 375 veniet3
1410 339 1560 368 caven-

96 379 197 420 dum
233 381 344 421 enim
381 383 482 433 puto
511 392 623 433 esse,
661 394 716 421 ue
743 380 986 433 implicatus
1015 382 1226 424 haeream.
1283 383 1392 424 Nam
1420 396 1560 437 neque

97 438 238 477 castra
276 440 451 490 propter
487 438 588 478 anni
627 439 791 490 tempus
820 440 862 477 et
896 438 1078 478 militum
1108 439 1267 480 animos
1294 441 1437 481 facere
1465 454 1559 493 pos-

94 506 186 534 sum
222 506 360 545 neque
401 507 452 535 ex
488 494 682 535 omuibus
720 494 886 546 oppidis
915 495 1168 535 contrahere
1197 495 1342 548 copias
1372 498 1557 551 expedit,

95 562 149 590 ne
187 553 407 603 receptum
443 552 645 593 amittam.
710 552 859 603 Itaque
895 564 980 591 nou
1021 553 1202 604 amplius
1238 566 1325 593 xlv.
1362 555 1557 596 cohortes
1610 573 1617 584 ·

94 606 320 648 Luceriam
356 608 488 662 coegi.
548 608 751 648 Consules
788 608 1000 661 praesidia
1038 610 1179 650 omnia
1208 608 1431 651 deducturi
1459 613 1556 653 sunt
1579 611 1607 652 3

93 665 169 704 aut
205 663 249 704 in
283 664 473 705 Siciliam
509 664 628 706 ituri.
685 665 792 706 Nam
830 666 902 706 aut
942 666 1173 706 exercitum
1200 665 1369 707 firmum
1396 667 1558 710 habere

95 722 286 772 oportet,
326 734 408 773 quo
439 720 693 762 confidamus
721 734 995 775 perrumpere
1023 735 1099 763 nos
1126 736 1272 775 posse,
1322 725 1395 765 aut
1423 726 1558 779 regio-

93 789 168 817 nes
199 777 403 817 eiusmodi
432 778 647 825 obtinere,
680 791 703 818 e
732 778 883 830 quibus
912 792 1215 832 repugnemus:
1253 780 1297 821 id
1328 782 1439 833 quod
1455 796 1557 823 neu-

94 836 203 873 trum
231 834 353 874 uobis
381 835 463 875 hoc
493 836 682 887 tempore
711 836 940 887 contingit,
978 836 1087 887 quod
1119 838 1161 876 et
1181 849 1371 891 magnam
1389 841 1555 891 partem

92 889 243 931 Italiae
283 891 437 932 Caesar
475 892 701 943 occupavit
747 893 789 931 et
833 904 911 932 nos
953 905 1037 934 non
1077 893 1280 935 habemus
1318 897 1555 937 exercitum

91 948 178 987 tam
208 950 396 1000 amplum
425 961 563 999 neque
594 951 677 989 tam
704 961 922 1001 magnum,
964 961 1089 1000 quam
1117 950 1207 992 ille.
1264 951 1413 1003 Itaque
1434 953 1556 994 nobis

91 1004 397 1055 providendum
433 1006 517 1057 est,
561 1007 608 1045 ut
637 1018 821 1045 summae
850 1006 912 1044 rei
942 1005 1140 1057 publicae
1168 1006 1372 1048 rationem
1401 1009 1557 1051 habea-

91 1073 198 1102 muS.
257 1061 398 1102 Etiam
437 1063 564 1113 atque
601 1064 728 1102 etiam
766 1064 808 1102 te
847 1063 1016 1113 hortor,
1068 1064 1116 1102 ut
1161 1075 1257 1103 cum
1286 1065 1401 1105 omni
1430 1067 1555 1118 copia

92 1119 403 1169 quamprimum
443 1118 496 1158 ad
540 1130 606 1158 me
647 1118 804 1158 venias.
876 1118 1100 1159 Possumus
1139 1121 1267 1160 etiam
1313 1133 1428 1162 nunc
1466 1135 1556 1164 rem

92 1173 305 1226 publicam
336 1175 519 1227 erigere,
550 1175 585 1215 si
618 1174 827 1216 communi
844 1175 1021 1215 consilio
1050 1177 1268 1229 negotium
1291 1177 1558 1220 administra-

90 1231 249 1272 bimus:
290 1232 354 1272 sin
384 1232 695 1279 distrahemur‚
737 1231 897 1271 infirmi
926 1232 1092 1272 erimus.
1149 1234 1258 1274 Mihi
1287 1235 1370 1275 hoc
1401 1236 1556 1277 consti-

91 1289 228 1328 tutum
256 1290 332 1330 est.
391 1288 471 1328 His
502 1288 640 1328 literis
661 1287 851 1339 scriptis,
889 1287 991 1327 Sica
1020 1302 1045 1329 a
1067 1290 1109 1328 te
1139 1290 1245 1330 mihi
1272 1291 1422 1332 literas
1447 1295 1557 1333 attu·
1577 1297 1607 1338 4

92 1345 145 1385 lit
173 1346 215 1384 et
245 1343 452 1385 mandata.
512 1344 632 1391 Quod
661 1355 727 1383 me
756 1344 950 1390 hortare,
982 1346 1031 1384 ut
1059 1345 1169 1386 istuc
1198 1348 1384 1388 veniam:
1421 1349 1465 1389 id
1489 1362 1557 1391 me

92 1402 235 1442 facere
265 1413 348 1441 non
379 1400 565 1442 arbitror
593 1412 740 1453 posse,
772 1400 885 1453 quod
913 1411 999 1442 uon
1028 1413 1179 1456 magno
1199 1415 1328 1458 opere
1356 1405 1409 1447 iis
1429 1406 1558 1461 legio-

93 1458 217 1498 nibus
246 1457 426 1500 confido.

15 1552 17 1625 i
91 1577 149 1611 M.
180 1577 354 1612 Tuscilio.
407 1578 564 1611 Tusciui
587 1589 676 1612 sane
701 1586 785 1614 sunt
809 1580 906 1624 apud
932 1581 1083 1615 Gruter.
1109 1582 1189 1626 924,
1216 1584 1272 1617 24.
1298 1586 1432 1620 Mutat.
1451 1570 1556 1632 1412,

89 1624 124 1657 2.
153 1623 230 1657 ΟΒ.
262 1642 307 1648 -
352 1624 525 1657 mandata
557 1625 642 1658 dedi
673 1626 697 1659 f.
724 1626 913 1669 mandavi,
955 1633 994 1660 ut
1026 1628 1094 1662 tibi
1128 1629 1271 1664 diceret
1290 1633 1558 1675 providendum

16 1652 18 1700 i
90 1679 165 1702 esse
189 1674 260 1703 cet.
293 1688 337 1694 —
385 1670 478 1703 duae
503 1670 595 1714 leg.,
627 1671 689 1704 die
722 1671 935 1706 bewussten
969 1674 1065 1707 zwei
1090 1674 1299 1718 Legionen.
1347 1677 1385 1712 S.
1410 1680 1558 1722 Anlage

17 1707 18 1772 i
92 1716 138 1748 A.
173 1715 206 1750 2.
239 1734 283 1741 —
331 1718 369 1749 in
402 1727 522 1760 consp.
559 1717 660 1750 Caes.
696 1728 845 1759 comm.‚
887 1719 969 1751 dem
1004 1721 1119 1753 Ciisar
1153 1723 1371 1765 gegeniiber
1405 1726 1558 1768 gestellt

90 1761 258 1795 wiirden.
291 1780 335 1786 -—
392 1763 507 1795 nolito
543 1767 779 1805 commoveri,
819 1764 893 1797 lass
918 1764 1049 1799 Dich’s
1086 1766 1120 1799 ia
1155 1767 1257 1802 nicht
1283 1769 1555 1815 beunruhigen.

91 1806 131 1841 S.
158 1807 307 1841 Ramsh.
333 1808 359 1850 §.
376 1809 454 1842 167.
487 1809 571 1842 Not.
600 1811 632 1842 1.
673 1809 817 1843 Grotef.
843 1811 872 1852 §.
889 1811 968 1844 186.
992 1812 1101 1845 Anm.
1128 1813 1160 1847 2.
1186 1831 1232 1838 —
1277 1815 1326 1848 ad
1350 1827 1404 1849 me
1427 1821 1559 1862 veniet,

90 1853 158 1886 auf
177 1853 274 1886 mich
300 1853 482 1896 los-gehen
508 1855 629 1888 sollte.
657 1873 700 1879 —
748 1858 837 1888 anni
859 1860 1020 1900 tempus,
1054 1858 1226 1893 hiemem.
1251 1878 1297 1885 —-
1345 1864 1486 1897 animos
1508 1875 1557 1899 ε...-

89 1899 475 1941 Unzuoerlassigkeit.
499 1919 544 1925 -
590 1900 701 1935 XIV.
726 1901 900 1936 cohortes.
949 1901 987 1936 S.
1011 1904 1159 1948 Anlage
1182 1906 1228 1940 A.
1254 1906 1284 1949 §.
1300 1906 1333 1941 2.

180 1946 215 1979 3.
249 1945 441 1978 deducturi
462 1950 544 1978 sunt
568 1957 617 1979 ex
642 1946 805 1990 oppidis.
825 1966 870 1972 —
904 1952 942 1980 ut
964 1959 1125 1984 summae
1149 1953 1207 1984 rei
1223 1963 1263 1996 p.
1286 1963 1319 1987 r.
1344 1952 1444 1997 hab„
1471 1953 1557 1989 dass

93 1989 180 2024 Wir
203 1990 303 2032 Das,
343 2001 420 2025 was
452 1993 511 2025 sur
535 1992 597 2025 die
628 1992 824 2037 Republik
855 1993 920 2027 das
950 1993 1144 2030 Sicherste
1177 1997 1246 2041 ist,
1285 1998 1348 2031 nie
1383 2010 1449 2034 aus
1482 2000 1555 2035 den

20 2054 21 2062 κ
90 2036 223 2079 Augen
258 2035 457 2071 verlieren.
497 2037 560 2072 Sic
585 2038 712 2072 Lamb.
744 2038 782 2072 in
813 2050 861 2073 m.
889 2040 989 2075 1584.
1028 2052 1205 2075 summam
1238 2054 1258 2076 e
1282 2044 1394 2078 solito
1423 2046 1461 2079 in
1487 2047 1556 2080 hac

14 2073 23 2128 γ’
89 2082 250 2116 formula
273 2093 414 2116 errore.
450 2083 546 2118 Cett.
583 2084 657 2118 oR.
692 2103 735 2109 —
784 2095 911 2120 comm.
939 2088 1091 2130 consil.,
1126 2089 1220 2121 nach
1245 2089 1366 2124 einem
1390 2092 1555 2135 gemein-

20 2132 21 2135 ’
90 2127 334 2162 schastlichen
370 2129 500 2163 Plane.
535 2147 578 2154 —
627 2130 892 2176 distrahentur,
937 2143 1006 2166 uns
1042 2133 1269 2169 vereinzeln.
1303 2154 1348 2161 —
1396 2140 1554 2183 constit„

20 2175 21 2179 ’
88 2174 186 2208 mein
211 2174 328 2209 tester
353 2175 578 2209 Grundsatz.

179 2220 214 2254 4.
245 2219 351 2264 Sica,
373 2220 567 2255 familiaris
583 2221 789 2257 Ciceronis.
823 2222 862 2259 S.
879 2234 925 2258 zu
944 2235 1000 2269 ep.
1015 2223 1124 2261 LIV.
1148 2225 1229 2261 LV.
1253 2225 1551 2263 DCLXXXIII.

22 2277 24 2297 ἰ
90 2264 321 2300 DCXCVII.
356 2267 580 2303 DXLVIII.
612 2268 822 2304 DCGLlX.
864 2270 1058 2307 Plutarch.
1092 2270 1130 2304 in
1157 2271 1280 2306 Cicer.
1306 2284 1341 2317 p.
1366 2275 1453 2317 877,
1488 2275 1554 2310 ubi

22 2316 26 2354 ἦ
90 2311 228 2345 Vibius
253 2311 403 2346 Siculus
427 2320 602 2357 vocatur,
628 2314 660 2349 si
685 2320 809 2349 tamen
835 2315 882 2350 de
898 2316 1025 2350 eadem
1041 2327 1083 2350 re
1108 2318 1308 2362 utrobique
1332 2329 1454 2353 sermo
1480 2327 1552 2355 est.

23 2366 25 2373 ’
90 2356 207 2391 ERN.
248 2375 290 2381 -
337 2359 387 2391 iis
411 2359 629 2401 legionibus.
669 2358 733 2395 Sic
757 2362 844 2396 Asc.
873 2367 1050 2407 utraque,
1088 2364 1185 2397 Crat.
1228 2364 1372 2398 Recte.-
1403 2364 1480 2407 „de
1506 2365 1554 2400 iis

91 2402 325 2447 legionibus,
350 2404 397 2439 de
422 2406 558 2450 quibus
583 2416 696 2452 supra
721 2408 828 2451 (§.2.)
854 2408 1026 2454 scripsi.''
1053 2407 1111 2444 his
1129 2409 1203 2453 leg.
1229 2411 1324 2445 Ceu.
1354 2410 1551 2445 ORELLI.

152 2809 220 2839 cto.
243 2812 354 2840 eriere
379 2824 408 2841 v.
435 2814 575 2842 einez-b.
608 2816 650 2843 ιι.
1225 2819 1281 2860 27
