1795 3043
441 66 759 115 EPISTOLA
799 62 1171 113 CCCLXXXIIJ.
1434 66 1534 114 549

72 183 244 225 vectore
273 193 446 223 usurum
474 181 591 234 puto.
652 178 812 221 Crebro
851 179 1028 220 refricat
1063 175 1296 229 lippitudo,
1343 185 1428 214 non
1457 173 1535 214 illa
1558 171 1585 210 2

72 239 240 292 quidem
290 239 532 292 perodiosa,
580 237 652 278 sed
691 237 829 277 tamen
871 248 980 287 quae
1021 234 1222 286 impediat
1258 231 1532 283 scriptionem

73 309 222 337 meam.
283 296 574 338 Valetudinem
591 297 706 335 tuam
735 294 818 334 iam
848 292 1136 333 confirmatam
1158 302 1248 330 esse
1277 291 1319 329 et
1347 302 1372 329 a
1389 288 1532 328 vetere

69 353 219 394 morbo
259 355 300 393 et
341 367 367 395 a
406 353 525 394 novis
566 349 871 391 tentationibus
909 349 1084 402 gaudeo.
1151 347 1340 388 Ocellam
1377 345 1529 385 vellem
1554 336 1581 376 3

69 410 332 453 haberemus.
374 409 579 450 Videntur
608 408 719 449 enim
749 419 837 447 esse
867 407 973 447 haec
993 407 1139 458 paullo
1155 403 1365 445 faciliora.
1407 400 1531 442 Nunc

69 468 240 518 quidem
270 468 581 518 aequinoctium
610 477 685 505 nos
714 465 926 515 moratur,
957 463 1068 514 quod
1096 461 1219 503 valde
1238 457 1530 513 perturbatum

67 526 172 565 erat.
232 524 281 564 Id
318 524 354 564 si
394 520 544 571 α’κραὲς
581 522 683 569 erit,
728 521 891 561 utinam
920 519 1031 560 idem
1061 519 1229 559 maneat
1257 515 1527 556 Hortensius!

66 580 297 633 siquidem,
346 581 393 621 ut
422 580 560 621 adhuc
590 580 702 630 erat,
746 576 967 619 liberalius
997 589 1087 616 esse
1119 575 1227 615 nihil
1256 574 1407 626 potest.
1464 571 1527 611 De
1552 564 1578 603 4

67 637 294 690 diplomate
331 637 572 689 admiraris,
623 634 744 687 quasi
783 634 927 675 nescio
957 635 1076 674 cuius
1106 634 1148 673 te
1177 630 1329 684 flagitii
1358 629 1529 669 insimu-

66 694 203 736 larim.
260 694 397 746 Negas
437 694 549 734 enim
588 694 631 732 te
667 692 883 745 reperire,
929 690 1004 743 qui
1038 690 1142 731 mihi
1178 688 1221 729 id
1263 688 1308 727 in
1346 687 1529 726 mentem

66 752 243 792 venerit.
302 752 392 803 Ego
421 752 581 798 autem,
614 750 714 801 quia
743 749 971 801 scripseras
1000 750 1042 787 te
1072 745 1288 800 proficisci
1319 744 1528 796 cogitare3

65 831 123 838 —
150 808 308 849 etenim
339 808 554 848 audieram
584 807 743 847 nemini
774 806 898 846 aliter
926 805 1082 853 licer03
1110 825 1168 833 —-
1219 814 1269 842 eo
1299 802 1340 841 te
1369 800 1528 840 habere

66 864 308 914 censebam,
359 866 402 905 et
431 864 531 915 quia
560 865 702 916 pueris
733 864 921 915 diploma
949 874 1198 912 sumpseras.
1258 857 1401 899 Habes
1431 869 1529 897 cau-

63 934 152 963 sam
180 923 393 974 opinionis
420 933 556 962 meae:
595 923 637 961 et
666 923 804 961 tamen
834 920 958 959 velim
985 919 1120 966 scire,
1152 915 1253 968 quid
1275 915 1452 967 cogites,
1482 913 1526 953 in

64 980 319 1033 primisque,
349 980 385 1020 si
417 978 517 1030 quid
549 978 677 1018 etiam
707 990 820 1017 nunc
849 977 949 1017 novi
979 977 1054 1016 est.
1109 986 1216 1015 xvu.
1246 973 1343 1012 Kal.
1375 972 1469 1011 Iun.

79 1051 1525 1072 -ffl——fflffl-—ss-

65 1102 242 1137 hominem
274 1102 405 1135 bonum
439 1105 473 1134 et
505 1101 661 1134 doctum.
711 1099 829 1133 Male:
874 1098 1044 1140 sequitur
1081 1094 1178 1130 enim
1219 1094 1386 1138 probum.
1445 1091 1528 1124 Hoc

64 1160 176 1191 quum
208 1146 529 1181 animadvertisset
560 1146 724 1191 scriptor
748 1144 813 1179 Cd.
839 1145 977 1179 Anton.
1013 1142 1111 1188 apud
1144 1140 1301 1184 Malasp.
1336 1136 1526 1172 correxit:

65 1195 243 1229 hominem
263 1198 298 1228 et
321 1194 485 1234 doctum,·
518 1192 631 1235 idque
656 1191 801 1236 recepit
825 1191 912 1226 Sel).
937 1191 1032 1224 Liin.
1064 1188 1161 1231 Sed,
1188 1187 1220 1222 si
1244 1184 1413 1229 corrupti
1437 1182 1529 1226 quid

64 1242 183 1284 inest,
222 1240 296 1283 leg.
329 1244 410 1274 erat
440 1238 586 1284 potius:
619 1238 798 1272 hominem
830 1241 863 1271 et
894 1236 1094 1281 perbonam
1119 1239 1152 1268 et
1177 1235 1317 1268 doctum
1344 1230 1524 1264 existimo.

65 1287 189 1331 Saepe
220 1287 314 1319 enim
347 1284 419 1319 adi.
456 1296 536 1318 cum
558 1295 627 1328 per
658 1283 863 1327 composita
894 1288 1070 1327 corrupta
1106 1279 1197 1314 vidi.
1247 1277 1355 1314 Quod
1380 1276 1411 1310 si
1438 1277 1473 1310 h.
1499 1275 1524 1309 l.

64 1339 240 1367 mutatum
272 1331 341 1365 suit
375 1331 412 1364 in
444 1332 666 1374 probantem,
698 1330 812 1374 probo
837 1340 942 1373 nam,
984 1327 1095 1362 facile
1126 1327 1281 1360 alterum
1307 1323 1524 1364 membrum,

66 1379 167 1423 quod
200 1377 406 1412 desiderari
438 1377 613 1410 videbant
647 1388 695 1410 ex
729 1387 762 1411 v.
788 1379 840 1418 et,
878 1376 1147 1420 suppleverunt
1172 1376 1205 1406 et
1223 1371 1391 1416 probum.
1440 1368 1525 1403 Non

66 1434 187 1460 tamen
218 1422 428 1457 necessaria
459 1421 528 1456 ista
558 1421 758 1456 correctio.
809 1426 843 1455 et
872 1421 1019 1455 hercule
1049 1420 1230 1454 hominem
1263 1421 1297 1450 et
1325 1417 1468 1450 doctum
1492 1416 1525 1447 el

62 1472 219 1517 probum
254 1471 420 1503 existimo
461 1469 528 1503 Cd.
566 1469 605 1502 in
638 1478 684 1503 m.
719 1468 822 1503 1584.
866 1468 1064 1503 ORELLI.
1102 1485 1147 1492 -
1199 1466 1288 1498 navi
1317 1463 1416 1506 eiu-3,
1457 1460 1525 1495 des

64 1518 243 1558 Schilles,
276 1516 424 1549 worauf
445 1526 487 1548 er
512 1515 731 1558 gekommen
759 1515 819 1548 ist.

153 1564 188 1597 2.
223 1562 412 1605 lippitudo.
446 1561 485 1596 S.
510 1571 557 1594 zu
583 1572 640 1605 ep.
657 1560 911 1599 CCCLXXX‚
937 1561 957 1594 1
984 1571 1042 1594 am
1068 1557 1187 1592 Ende.
1212 1575 1257 1581 —
1288 1565 1380 1599 quae
1404 1564 1449 1586 :z
1474 1551 1526 1585 ita

64 1615 105 1645 ut
135 1608 310 1653 impediat
340 1619 413 1642 scr.
447 1619 517 1647 m.‚
557 1607 654 1640 mich
686 1618 741 1640 am
776 1605 984 1642 Schreiben
1013 1603 1224 1640 behindert.
1261 1621 1306 1627 —
1353 1611 1377 1634 a
1406 1602 1524 1632 velere

62 1656 198 1691 morbo.
247 1654 285 1689 S.
313 1664 359 1687 zu
383 1653 420 1687 d.
446 1653 566 1696 vorig.
591 1653 656 1687 ΒΥ.
682 1654 712 1696 §.
734 1654 767 1687 6.

152 1704 186 1737 3.
216 1700 374 1734 Ocellam
399 1699 625 1741 haberemus,
653 1706 692 1732 ut
710 1698 902 1732 nobiscum
926 1702 1055 1742 posset
1079 1694 1288 1730 discedere.
1314 1689 1524 1727 MANUT.

65 1749 104 1784 Sv
127 1759 183 1793 ep.
201 1747 483 1788 CCCLXXIX,
508 1747 531 1780 3
556 1745 629 1779 und
655 1745 964 1786 CCCLXXVII,
990 1746 1024 1780 4.
1050 1762 1094 1768 -—
1128 1742 1308 1776 videntur.
1342 1740 1400 1772 An
1425 1737 1527 1770 vide-

63 1798 192 1829 rentur
215 1793 338 1836 (scil.:
366 1792 427 1834 „si
452 1803 533 1825 eum
558 1791 861 1833 haberemus”:)2
895 1791 1093 1824 ORELLI.
1117 1808 1163 1815 --
1185 1786 1311 1831 paullo
1336 1784 1525 1827 faciliora,

64 1842 163 1875 denn
189 1839 341 1872 alsdann
369 1837 514 1871 scheint
538 1838 622 1871 hier
638 1839 742 1871 Alles
768 1837 938 1881 weniger
955 1833 1297 1877 Schwierigkeiten
1322 1842 1368 1865 zu
1393 1830 1526 1863 haben.

65 1906 110 1912 -·
141 1883 418 1929 aequinoctium.
468 1883 663 1919 Quomodo
695 1884 968 1928 aequinoctium
1004 1883 1105 1916 eirca
1140 1879 1274 1916 XVII.
1300 1877 1386 1911 Kal.
1413 1874 1525 1914 Iunii,

66 1943 141 1976 quo
175 1932 237 1965 die
274 1930 415 1974 scripta
444 1936 502 1963 est
537 1931 629 1963 haec
660 1930 844 1974 epistolae
889 1931 1033 1973 Nempe
1066 1924 1342 1970 aequinoctium
1370 1931 1525 1957 vernum

65 1980 140 2013 isto
172 1988 268 2011 anno
303 1975 433 2010 incidit
468 1975 504 2008 in
540 1976 648 2011 XVI.
675 1977 759 2010 Kal.
786 1977 890 2019 1un.‚
930 1977 1036 2010 cuius
1069 1970 1366 2019 perturbationis
1396 1976 1526 2003 causas

68 2025 272 2068 diligenter
295 2021 472 2065 exposuit
495 2022 708 2056 Pontedera
744 2022 781 2055 in
806 2023 948 2066 antiqq.
973 2023 1128 2056 Roman.
1155 2024 1193 2052 et
1217 2018 1351 2052 Graec.
1376 2023 1528 2049 enarra-

69 2071 236 2105 tionibus
261 2068 370 2113 epist.
389 2067 470 2101 XL.
496 2079 527 2112 p.
546 2069 625 2103 345.
653 2068 759 2102 SCH.
809 2069 886 2102 Die
911 2070 1050 2103 Romer
1073 2065 1256 2100 befanden
1282 2062 1360 2097 sich
1386 2059 1528 2094 damals

67 2118 246 2159 vermoge
270 2115 371 2148 ihres
396 2113 653 2148 verdorbenen
680 2114 887 2149 Kalenders
921 2115 1034 2149 sehon
1061 2113 1099 2146 in
1124 2112 1192 2145 der
1216 2109 1326 2145 Mitte
1352 2108 1418 2142 des
1435 2104 1527 2148 Mai,

67 2163 162 2197 nach
187 2162 255 2195 der
278 2161 429 2195 wahren
457 2160 733 2205 Zeitrecltnung
756 2161 846 2195 aber
871 2167 946 2195 erst
972 2160 1009 2194 in
1034 2159 1101 2192 der
1125 2159 1264 2192 letzten
1289 2154 1437 2190 ⁷Woche
1461 2152 1529 2185 des

68 2211 187 2244 MiirZ.
213 2226 256 2233 —
301 2206 461 2251 perturb.
488 2211 586 2249 erat,
617 2206 703 2241 Sch.
734 2207 790 2240 ed.
817 2207 904 2241 min.
929 2211 1001 2249 est,
1036 2204 1234 2239 sturmisch
1257 2213 1360 2245 war,
1397 2199 1457 2233 ist.
1484 2215 1527 2222 -

71 2257 255 2303 ἇκραὲς,
288 2252 492 2296 liquidum,
524 2263 596 2286 non
622 2253 897 2296 perturbatum,
931 2252 1092 2295 giirtstig.
1118 2271 1163 2277 --
1195 2250 1292 2283 idem
1314 2259 1362 2281 =
1385 2244 1529 2289 gleich-

70 2302 158 2336 falls
181 2300 217 2334 d.
244 2299 268 2333 i.
293 2299 386 2333 auch
410 2299 570 2342 giinstig.
620 2299 659 2332 S.
685 2299 834 2333 Ramsh.
860 2300 888 2342 ἕ.
907 2301 992 2341 158,
1017 2299 1061 2341 2,
1086 2309 1122 2342 g.
1160 2296 1304 2331 Grotef.
1330 2295 1359 2337 ξ.
1377 2293 1457 2326 290.
1484 2308 1526 2315 -

71 2347 282 2388 liberalius,
316 2344 501 2388 ardgeres
524 2346 579 2379 als
603 2345 837 2379 Hortensius.

162 2393 196 2427 4.
227 2390 487 2425 insimularint.
524 2391 588 2426 Sic
612 2391 740 2426 Lamb.
788 2391 1040 2425 insimularent
1069 2391 1166 2425 Cett.
1213 2385 1364 2424 Attikus
1388 2384 1530 2418 konnle

75 2440 147 2473 den
171 2436 370 2472 Ausdruck
393 2438 524 2480 κέλητα,
546 2440 676 2473 c’c'ozerm·
703 2437 740 2470 in
765 2448 824 2481 ep.
841 2438 1126 2480 CCCLXXJX,
1153 2439 1176 2472 3
1200 2447 1242 2470 so
1267 2433 1445 2472 nehmen,
1474 2428 1531 2462 ³⁴¹³

77 2495 185 2519 wenn
210 2483 274 2517 ihn
289 2482 423 2518 Cicero
449 2483 553 2517 einer
573 2484 709 2517 Unthat
735 2483 1012 2527 beschuldigte;
1036 2485 1132 2517 deun
1150 2479 1393 2518 Verbi-echer
1417 2475 1532 2509 sehen

76 2531 157 2566 sich
181 2530 275 2565 nach
298 2535 421 2573 gutem
440 2529 636 2575 Vorspann
661 2540 731 2563 um.
780 2530 866 2563 Man
891 2526 986 2565 siihlt
1009 2531 1119 2573 aber,
1146 2529 1231 2562 dass
1256 2526 1360 2560 Alles
1384 2521 1532 2556 scherz-

79 2578 181 2613 haste
210 2574 398 2611 Neckerei
427 2585 518 2608 war.
553 2595 596 2601 --
643 2576 754 2609 aliter
789 2575 870 2609 scil.
905 2576 978 2611 nisi
1009 2582 1154 2621 sumpto
1188 2574 1392 2619 diplomate
1423 2571 1532 2612 (Pass

83 2634 150 2659 zur
174 2621 398 2663 Postreise.)
429 2620 536 2656 SCH.
563 2641 604 2646 -
652 2632 692 2655 eo
715 2634 762 2655 =
786 2622 1017 2666 desswegen.
1058 2642 1102 2647 —
1148 2626 1182 2655 te
1205 2621 1336 2654 habere
1358 2618 1535 2663 diploma.

86 2688 128 2720 -ι
162 2669 203 2702 in
230 2670 430 2713 primisque
461 2667 557 2701 scire
588 2667 721 2712 velim,
752 2668 786 2702 si
810 2668 897 2711 quid
919 2680 963 2701 =
989 2671 1023 2705 εἴ
1045 2683 1092 2712 ιι,
1131 2677 1207 2703 was
1232 2677 1271 2702 es
1295 2671 1391 2700 etwa
1413 2663 1538 2699 Neues

91 2715 183 2759 gibt.
216 2733 257 2741 ·-
306 2713 436 2749 XVII.
464 2713 551 2748 Kal.
579 2714 682 2757 Ima,
718 2724 774 2749 am
800 2715 855 2748 16.
874 2713 965 2749 Mai.
