1795 3043
207 108 307 155 516
474 102 538 148 M.
574 102 631 149 Τ.
667 98 1005 148 CICERONIS
1040 94 1411 146 EPISTOLAE.

209 214 289 256 tibi
318 226 462 255 carum
492 225 582 253 esse
612 212 797 265 gaudeo,
840 213 875 252 si
904 213 988 252 erit
1016 213 1105 252 ulla
1134 224 1202 252 res
1230 211 1428 264 publica,
1467 211 1567 252 satis
1590 225 1675 252 am-

210 275 330 325 plum
358 271 657 324 patrimonium
686 266 920 321 relinquam
952 270 996 309 in
1020 270 1222 309 memoria
1249 269 1432 309 nominis
1450 268 1547 310 mei.
1598 269 1673 309 Sin

212 334 352 371 autem
381 329 500 367 nulla
529 327 633 379 erit,
663 327 774 366 nihil
805 327 969 367 accidet
1000 328 1040 366 ei
1071 327 1296 377 separatim
1328 341 1352 366 a
1382 325 1557 378 ‘reliquis
1575 325 1676 366 civi-

213 385 323 426 huss
362 384 468 425 Nam
498 384 608 435 quod
638 396 788 436 rogas,
827 386 873 424 ut
901 384 1125 435 respiciam
1153 396 1350 435 generum
1381 395 1539 435 meum,
1580 382 1676 436 ado-

212 443 442 484 lescentem
473 442 676 493 optimum
706 441 894 492 mihique
923 440 1203 481 carissimum:
1243 453 1296 480 an
1327 440 1515 487 dubitas,
1547 451 1678 491 quum

214 500 343 551 scias,
373 499 521 550 quanti
551 511 680 549 quum
710 497 851 545 illum,
884 500 973 537 tum
1003 510 1102 538 vero
1127 498 1312 538 Tulliam
1341 509 1475 538 meam
1509 497 1675 544 faciam,

213 558 316 608 quin
358 569 407 596 ea
447 568 513 596 me
552 568 654 595 cura
691 555 1056 594 vehementissime
1088 555 1316 596 sollicitet?
1376 556 1418 594 et
1448 567 1496 594 eo
1526 554 1673 606 magis,

214 613 326 665 quod
354 613 400 653 in
422 613 709 654 communibus
729 612 911 651 miseriis
942 613 1021 652 hae
1047 614 1189 653 tamen
1211 612 1458 652 oblectabar
1487 609 1679 663 specula,'

215 670 481 711 Dolabellam
511 681 647 708 meum
687 670 754 707 vel
785 669 924 720 potius
953 671 1142 708 nostrum
1171 670 1264 709 sore
1294 669 1347 709 ab
1378 669 1430 709 iis
1459 668 1678 719 molestiis,

215 740 321 779 quas
348 727 606 768 liberalitate
637 738 714 765 sua
744 727 1036 772 contraxerat,
1069 725 1264 767 liberum.
1322 727 1459 767 Velim
1485 737 1677 776 quaeras,
1728 736 1734 741 ·

215 796 321 836 quos
350 785 424 824 ille
454 784 544 824 dies
572 782 837 834 sustinuerit,
866 783 909 822 in
952 782 1056 822 urbe
1086 782 1182 822 dum
1213 785 1317 823 fuit:
1358 797 1483 834 quam
1501 780 1679 822 acerbos

165 858 194 898 6
217 841 321 889 sibi,
352 854 476 892 quam
505 840 795 891 mihimetipsi
826 852 972 880 socero
1003 852 1087 879 non
1108 840 1317 881 honestos.
1364 841 1512 892 ltaque
1539 850 1679 890 neque
1741 881 1745 887 x

218 910 295 951 ego
327 900 440 938 hunc
461 898 781 949 Hispaniensem
803 909 944 936 casum
976 900 1195 948 exspecto,
1229 897 1280 936 de
1300 910 1382 948 quo
1412 898 1517 938 mihi
1536 896 1680 947 explo-

214 957 353 996 ratum
389 956 451 995 est
487 955 548 994 ita
579 966 690 1001 esse,
743 956 790 993 ut
817 955 862 994 tu
893 954 1064 1003 scribis,
1113 966 1251 1005 neque
1280 954 1510 1005 quidquam
1540 954 1680 993 astute

215 1012 370 1064 cogito.
430 1011 476 1052 Si
513 1011 678 1063 quando
720 1012 802 1050 erit
836 1011 1004 1059 civitas,
1055 1012 1136 1050 erit
1164 1012 1356 1063 profecto
1387 1010 1509 1051 nobis
1536 1011 1703 1054 locust,

213 1071 278 1110 sin
311 1071 447 1108 autem
478 1081 561 1108 non
592 1069 700 1119 erit,
739 1069 782 1107 iu
824 1068 989 1108 easdem
1021 1069 1266 1108 solitudines
1305 1070 1351 1108 tu
1381 1070 1495 1120 ipse,
1538 1069 1680 1107 utar·

216 1127 375 1177 bitror,
421 1126 585 1175 venies,
634 1126 677 1164 in
709 1126 864 1175 quibus
894 1137 970 1164 nos
1000 1126 1240 1166 consedisse
1270 1125 1427 1165 audies.
1490 1124 1572 1165 Sed
1602 1134 1679 1176 ego

216 1184 395 1224 fortasse
424 1183 632 1223 vaticinor
669 1183 709 1219 et
748 1182 853 1221 haec
885 1181 1025 1221 omnia
1054 1183 1249 1222 meliores
1277 1181 1494 1221 habebunt
1524 1182 1680 1222 exitus.

217 1240 432 1281 Recordor
461 1240 571 1278 enim
600 1237 913 1288 desperationes
942 1249 1110 1284 eorum,
1152 1240 1225 1289 qui
1256 1251 1375 1278 senes
1405 1240 1548 1285 erant,
1581 1238 1678 1278 ado-

217 1298 404 1337 lescente
443 1308 534 1334 me:
593 1306 663 1333 eos
694 1306 769 1346 ego
797 1294 973 1334 fortasse
1003 1307 1116 1334 nune
1146 1296 1291 1334 imitor
1330 1297 1372 1334 et
1400 1297 1497 1335 utor
1527 1294 1679 1335 aetatis

167 1365 194 1404 ¹7
217 1354 334 1395 vitio.
392 1353 527 1392 Velim
557 1350 617 1390 ita
646 1352 708 1390 sit.
769 1351 851 1390 Sed
881 1352 1039 1392 tamen!
1072 1381 1084 1393 .
1104 1382 1114 1392 .
1133 1382 1144 1392 .
1165 1382 1174 1390 .
1234 1353 1389 1404 'sogam
1418 1353 1680 1403 praetextam

215 1412 305 1452 texi
333 1410 469 1461 Gppio
501 1410 602 1461 puto
631 1410 672 1447 te
703 1408 883 1449 audisse.
943 1407 1051 1448 Nam
1081 1409 1249 1448 Curtius
1278 1411 1422 1449 noster
1450 1409 1682 1461 dibaphum

304 1533 339 1567 5.
372 1532 412 1565 in
435 1533 624 1565 memoria.
650 1532 733 1565 Asc.
760 1531 847 1566 Ald.
879 1531 918 1564 in
943 1529 1167 1564 memoriam.
1195 1530 1294 1563 Crat.
1321 1529 1558 1573 Mart-Lag.
1593 1529 1680 1565 Sch.

212 1580 310 1615 Liin.
342 1579 567 1611 memoriam.
596 1577 669 1611 OR.
696 1596 740 1602 -—
790 1578 883 1620 quod
907 1587 1044 1619 rogas,
1080 1587 1158 1610 was
1183 1576 1306 1610 Deine
1328 1576 1430 1611 Bitte
1456 1577 1608 1611 betrifft.
1633 1595 1679 1603 —-

213 1626 377 1670 specula,
423 1624 614 1658 Deminut.
648 1635 719 1657 von
751 1634 848 1667 spes,
890 1623 950 1656 die
983 1622 1131 1656 sreilich
1167 1622 1326 1666 gelinge
1360 1623 1561 1666 Hoffnung.
1612 1622 1678 1657 Sie-

212 1672 315 1708 ward
348 1670 527 1704 wirklich
560 1680 604 1703 zu
632 1671 799 1703 VVasser.
831 1688 875 1694 —
923 1669 967 1702 ab
992 1669 1041 1702 iis
1074 1668 1147 1711 (his
1172 1670 1246 1703 Md.
1276 1669 1375 1704 Vict.
1400 1670 1449 1711 2.)
1483 1670 1676 1713 molestiis,

213 1719 259 1752 ab
295 1729 382 1751 aere
407 1717 549 1758 alieno;
589 1716 695 1750 cuius
721 1726 829 1749 causa
854 1721 893 1748 ut
919 1715 1039 1748 creari
1066 1715 1236 1748 tribunus
1263 1715 1384 1759 plebis
1411 1722 1562 1760 posset,
1596 1716 1680 1760 ple-

211 1764 320 1799 beius
344 1769 475 1808 postea
500 1764 616 1796 iactus
642 1768 699 1796 est
723 1763 920 1806 legemque
947 1762 992 1794 de
1019 1761 1154 1794 tabulis
1180 1761 1286 1795 novis
1320 1762 1590 1805 promulgavit,
1632 1762 1679 1796 de

212 1822 287 1855 quo
314 1810 486 1853 queritur
501 1809 635 1843 Ciee10
661 1809 706 1842 ad
732 1808 843 1842 Attio.
870 1808 953 1844 Lib
971 1808 1048 1850 XI,
1075 1819 1130 1859 ep:
1146 1808 1203 1841 23.
1227 1808 1335 1841 SCH.
1362 1826 1405 1832 —
1439 1809 1676 1843 liberalitate.

211 1857 481 1892 Immoderatus
507 1862 676 1899 summus
702 1854 832 1897 generi
858 1857 1015 1889 honesto
1032 1853 1180 1887 nomine
1196 1855 1375 1906 appellat
1411 1855 1530 1888 Multa
1550 1855 1678 1889 multis

210 1902 407 1946 largiendo
432 1912 495 1935 aes
508 1901 669 1934 alienum
697 1902 756 1934 vel
781 1901 938 1935 confieri
964 1901 1023 1934 vel
1049 1907 1150 1933 certe
1175 1912 1236 1933 au
1224 1900 1306 1943 „reri
1331 1906 1439 1945 potes
1425 1907 1468 1934 t.
1503 1902 1678 1935 Ceterum

211 1949 439 1984 Dolabellae
463 1947 710 1992 prodigalitas
735 1958 802 1992 pe1
830 1948 958 1982 {nono
951 1946 1075 1994 ησαὸι
1109 1946 1315 1980 libevcclitas
1339 1948 1563 1991 appellatur.
1614 1947 1678 1982 Ci-

211 2007 299 2030 cero
332 2001 456 2028 antem
494 2000 711 2038 speraverat
747 1980 981 2027 Dolabellam
1015 1993 1186 2027 Caesaris
1211 1993 1332 2027 donis
1372 2004 1414 2026 ac
1458 1992 1676 2028 muneribus

210 2043 443 2077 sublevatum
464 2040 522 2073 iri.
551 2058 595 2065 -—
625 2051 712 2084 quos
739 2065 770 2074 ..
798 2041 896 2083 (lies,
925 2039 1222 2083 Zahlungstage,
1249 2040 1353 2073 Zabi
1357 2040 1610 2083 ngstermine.
1629 2059 1674 2065 —

208 2088 373 2122 mihimet
403 2088 487 2130 ipsi.
538 2086 602 2120 Sic
639 2086 831 2120 emendavi
866 2093 1079 2130 corruptam
1103 2086 1178 2120 Md.
1213 2086 1455 2128 scripturam:
1488 2086 1579 2120 milii
1602 2087 1676 2129 fuit

207 2134 295 2178 ipsi.
331 2134 428 2167 Cett.
457 2132 547 2166 milti
571 2134 645 2176 ipsi
670 2139 820 2177 praeter
844 2133 1079 2175 Mam-Lag.
1116 2132 1202 2167 Sch.
1231 2132 1326 2166 Lun.
1361 2133 1443 2175 qui:
1471 2133 1545 2176 ipsi
1567 2132 1671 2167 milii.

210 2181 285 2216 ΟΒ.
313 2199 357 2204 —
388 2179 605 2212 sustinuerit
630 2190 650 2212 a
675 2179 926 2213 creditoribus
953 2190 1016 2212 ve
1012 2187 1120 2212 atus.

301 2249 333 2283 6.
374 2258 484 2291 neque
517 2258 585 2289 ego
620 2247 712 2281 hunc
737 2248 840 2291 Hisp.
868 2259 941 2281 cas.
969 2258 1066 2290 exsp.
1102 2247 1138 2280 h.
1166 2258 1199 2281 e.
1233 2257 1355 2290 neque
1382 2253 1584 2292 exspectO,
1626 2257 1672 2283 an

203 2296 304 2330 fone
319 2293 492 2346 Pompeii
518 2294 633 2337 legati
650 2294 823 2328 Petreius
851 2300 887 2327 et
903 2294 1078 2328 Afranius
1099 2294 1263 2335 vincant;
1297 2299 1426 2336 utpote
1452 2293 1515 2337 qui
1532 2292 1673 2338 potius,

205 2348 248 2375 ut
273 2348 310 2375 tu
328 2339 484 2382 selibis,
512 2340 707 2374 Caesarem
722 2341 899 2374 victoxem
926 2341 1007 2374 fore
1032 2339 1282 2384 praevideam.
1306 2339 1414 2374 SCH.
1440 2358 1485 2364 —
1518 2351 1670 2384 neque..

148 2403 150 2405 ·
205 2388 330 2429 cogito
366 2386 445 2420 scil.
475 2386 521 2419 de
546 2387 714 2430 partibus
732 2387 907 2431 Pompeii
941 2394 1002 2420 aut
1027 2386 1196 2420 Caesaris
1228 2386 1516 2430 amplectendis,
1558 2393 1674 2430 prout

204 2445 266 2468 res
294 2434 330 2467 in
351 2432 533 2477 Hispania
556 2432 745 2466 ceciderit.
779 2433 1014 2467 ERNESTI.
1063 2432 1186 2475 „noch
1211 2432 1320 2465 brute
1337 2432 1398 2466 ich
1423 2433 1516 2466 iiber
1538 2432 1671 2475 irgend

204 2481 316 2514 einen
342 2479 620 2523 hinterlistigen
647 2479 890 2513 Gedanken.⁷'
925 2498 969 2503 -
1016 2479 1168 2521 civitas,
1201 2489 1262 2512 res
1290 2478 1451 2523 publica.
1483 2493 1529 2504 -ι
1574 2479 1672 2512 vati-

204 2527 330 2568 cinor,
362 2525 544 2559 hariolor.
587 2525 711 2568 „doch
736 2525 797 2558 ich
822 2526 1027 2559 schwarme
1052 2525 1265 2568 vielleicht,
1295 2525 1423 2558 maehe
1447 2525 1519 2559 den
1544 2524 1670 2558 Weis-

203 2572 351 2616 sager.'’
381 2591 425 2596 —-
473 2572 675 2615 desperat„
722 2571 783 2605 die
808 2571 1214 2615 Hoffnungslosigkeit.
1248 2589 1291 2596 ——-
1340 2575 1425 2605 utor
1456 2575 1526 2605 aet.
1560 2571 1667 2614 vitio,

206 2619 282 2671 und
307 2618 465 2670 versalle
488 2618 527 2652 in
552 2617 656 2653 diese
680 2617 1077 2653 Altersschwachheit.
1104 2636 1147 2643 —
1195 2617 1268 2652 Sed
1292 2622 1412 2652 tamen
1436 2643 1444 2652 .
1467 2644 1475 2652 .
1499 2643 1507 2652 .
1523 2645 1532 2653 .
1564 2619 1669 2663 Apo-

204 2675 380 2710 siopeSis.

293 2724 325 2756 7.
355 2725 584 2765 praetextam
609 2721 684 2755 texi
710 2722 747 2755 h.
774 2733 807 2755 e.
842 2722 1096 2766 magistratum
1122 2721 1285 2765 aliquem
1318 2732 1340 2755 a
1364 2722 1526 2756 Caesare
1550 2719 1669 2754 desti-

198 2766 292 2802 nari.
340 2769 514 2802 Ceterum
539 2768 601 2802 hic
627 2779 752 2802 rumor
776 2768 942 2803 incertus
966 2768 1048 2803 fuit.
1093 2768 1205 2802 Certe
1231 2778 1304 2802 non
1329 2773 1474 2803 constat
1500 2766 1665 2812 Oppium
