1795 3043
464 51 777 99 EPISTOLA
814 52 1044 100 CCLXII.
1084 53 1341 100 CCLXIII.
1547 62 1647 108 231

177 175 254 205 nec
284 164 337 216 is,
366 165 440 217 qui
471 165 689 217 attulerat,
720 178 744 205 a
773 166 814 204 te
844 168 1091 217 acceperat,
1123 167 1170 206 ut
1201 179 1251 208 ex
1281 179 1331 207 eo
1361 166 1529 214 scirem,
1560 180 1642 219 quo

178 233 232 260 ex
261 223 355 262 loco
385 224 457 263 aut
486 235 568 274 quo
596 226 787 274 tempore
828 224 966 261 essent
1010 222 1145 263 datae.
1207 225 1323 272 Quae
1351 237 1479 276 quum
1509 227 1648 264 essent
1669 229 1697 269 2

173 278 360 326 incerta,
394 279 629 320 existimavi
659 281 795 319 tamen
827 279 1071 319 faciundum
1102 293 1206 332 esse,
1236 284 1281 321 ut
1312 282 1364 322 ad
1395 283 1436 321 te
1464 282 1643 322 statores

174 346 290 376 meos
319 338 361 376 et
390 337 561 377 lictores
591 348 687 376 cum
718 336 853 376 literis
884 336 1117 378 mitterem:
1149 350 1251 388 quas
1289 338 1325 378 si
1362 339 1462 379 satis
1491 350 1644 391 oppor-

174 394 275 432 tuno
306 395 495 445 tempore
524 393 744 445 accepisti,
775 393 1059 446 gratissimum
1088 394 1193 434 mihi
1223 396 1388 447 seceris,
1417 396 1455 435 si
1487 398 1546 436 ad
1573 408 1642 435 me

171 449 216 490 in
249 450 441 491 Ciliciam
460 463 584 502 quam
612 451 795 503 primum
825 451 1004 490 veneris.
1065 450 1302 502 Namquod
1328 453 1379 492 ad
1399 465 1464 492 mc
1487 452 1640 492 Curius

172 508 450 548 consobrinus
478 510 588 555 tuus,
620 507 746 559 mihi,
775 509 823 547 ut
852 507 957 560 scis,
987 509 1165 548 maxime
1203 510 1487 560 necessarius5
1527 510 1642 561 quod

169 563 272 604 item
311 565 355 607 C.
379 565 602 618 Virgilius,
640 564 904 617 propinquus
933 567 1054 612 tuus,
1097 565 1450 606 familiarissimus
1480 568 1641 616 noster,

170 621 223 661 de
252 624 295 661 te
324 622 637 663 accuratissime
666 622 857 674 scripsit:
887 624 1001 662 valet
1030 622 1073 661 id
1103 622 1273 673 quidem
1304 623 1415 675 apud
1440 635 1507 662 me
1531 625 1639 663 mul-

170 680 271 730 tum,
295 680 421 719 sicuti
451 679 575 719 debet
604 680 820 718 hominum
851 679 1200 720 amicissimorum
1227 679 1408 732 diligens
1428 693 1641 721 commen-

171 736 308 776 datio.
338 737 410 776 sed
430 739 525 776 tuac
556 736 708 776 literae
738 736 790 776 de
819 737 891 777 tua
922 738 1172 789 praesertim
1202 737 1404 790 dignitate
1426 737 1541 776 etde
1565 750 1638 777 no-

169 794 256 832 stra
293 794 591 833 coniunctione
631 794 802 836 maximi
843 796 942 834 sunt
988 794 1098 847 apud
1144 806 1212 835 me
1252 794 1463 846 ponderis.
1527 794 1638 834 Mihi

169 852 369 900 quaestor
398 851 583 902 optatior
614 850 832 904 obtingere
862 863 984 891 nemo
1014 851 1166 904 potuit.
1207 851 1490 899 Quamobrem
1513 863 1638 903 quae-

169 919 335 958 cunque
367 921 391 947 a
420 920 486 947 me
517 910 761 949 ornamenta
790 909 834 948 in
863 911 905 948 te
936 908 1261 961 proficiscentur
1282 909 1304 932 *
1324 908 1378 958 *3
1420 911 1468 948 ut
1493 921 1639 948 omnes

165 965 429 1017 intelligant,
469 979 493 1004 a
524 977 590 1004 me
620 966 811 1006 habiiam
843 977 931 1005 esse
962 967 1169 1006 rationem
1209 968 1308 1006 tuae
1346 967 1639 1016 maiorumque

166 1023 334 1060 tuorum
365 1022 593 1074 dignitatis.
663 1023 745 1062 Sed
775 1023 818 1062 id
848 1023 1017 1062 facilius
1048 1035 1308 1073 consequar,
1347 1023 1383 1062 si
1413 1022 1465 1063 ad
1495 1035 1562 1062 me
1592 1022 1638 1062 in

167 1077 358 1119 Ciliciam
388 1080 574 1119 veneris:
607 1080 718 1130 quod
748 1092 823 1133 ego
856 1082 896 1119 et
916 1092 1009 1121 mea
1029 1082 1071 1121 et
1090 1080 1154 1120 rei
1176 1080 1377 1133 publicae
1397 1083 1439 1120 et
1458 1080 1638 1122 maxime

166 1138 238 1176 tua
267 1137 472 1177 interesse
502 1136 702 1178 arbitror.
1234 1153 1236 1158 ’

338 1286 653 1332 EPISTULA
689 1286 939 1332 CCLXIH.
976 1286 1058 1344 (ad
1093 1288 1198 1332 Div.
1239 1287 1302 1332 II.
1341 1289 1445 1348 12.)

293 1371 374 1407 Ser.
402 1372 439 1406 in
466 1372 623 1416 Cilicia,
657 1384 784 1407 mense
809 1373 931 1408 Iunio.
960 1375 1004 1408 A.
1031 1374 1077 1408 U.
1105 1375 1145 1409 C.
1175 1375 1252 1410 704.
1280 1376 1331 1419 (a.
1360 1374 1400 1411 G.
1427 1374 1504 1416 50.)

165 1441 302 1476 Urbem
328 1453 349 1475 a
372 1453 412 1476 se
437 1441 644 1476 desiderari
669 1441 856 1485 significat
882 1448 931 1484 et,
956 1454 1068 1485 quum
1095 1442 1283 1478 discessus
1303 1454 1325 1477 e
1349 1441 1547 1488 provincia
1571 1453 1637 1487 ap-

208 1488 454 1533 propinquet,
486 1488 603 1532 petit,
630 1495 670 1521 ut
695 1488 844 1522 Caelius
870 1487 945 1522 sibi
970 1488 1100 1522 literas
1126 1489 1274 1523 obviam
1298 1489 1432 1524 mittat.
1460 1490 1480 1522 l
1496 1508 1540 1515 —
1556 1490 1589 1524 3.

297 1558 350 1592 M.
377 1557 565 1592 CICERO
591 1556 695 1590 IMP.
724 1555 762 1590 S.
790 1556 839 1590 D.
865 1557 918 1590 M.
945 1556 1134 1591 CAELIO
1169 1557 1355 1591 AEDILI
1384 1556 1498 1592 CUR.

274 1627 494 1668 Sollicitus
524 1627 720 1679 equidem
759 1639 873 1666 eram
911 1626 963 1667 de
994 1627 1120 1667 rebus
1148 1628 1349 1669 urbanis:
1392 1628 1452 1668 ita
1482 1628 1637 1667 tumul-

162 1751 296 1784 Graev.
323 1751 412 1784 Ern.
440 1762 503 1784 nec
529 1762 596 1795 quo
623 1753 648 1784 t.
675 1750 896 1793 Mart-Lag.
924 1749 1011 1785 Sch.
1037 1752 1132 1786 Lun.
1169 1753 1236 1787 cfr.
1269 1753 1379 1788 Hand
1414 1754 1573 1787 Turseli.
1601 1754 1634 1787 l.

156 1808 194 1841 p.
217 1798 296 1831 545.
324 1797 520 1832 ORELLI.

249 1843 282 1876 2.
315 1847 491 1882 statores,
531 1842 782 1876 Amtsdiener.
823 1841 863 1876 S.
898 1843 943 1876 ad
980 1843 1132 1880 Divers.
1158 1843 1213 1885 X,
1237 1845 1291 1881 21.
1335 1857 1394 1891 pr.
1429 1846 1634 1880 Planc.17.

161 1889 339 1924 Pandect.
364 1891 432 1933 lv,
458 1891 493 1931 6,
521 1891 575 1923 lo.
613 1889 786 1932 inscript.
815 1889 913 1933 apud
939 1889 1090 1925 Gruter.
1117 1902 1154 1936 p.
1175 1893 1278 1935 1631,
1305 1903 1339 1926 n.
1358 1897 1390 1928 3.
1411 1911 1454 1916 —
1495 1892 1543 1925 ad
1566 1902 1634 1924 me.

160 1935 317 1969 Excidit
342 1937 391 1970 acl
415 1947 435 1969 e
459 1936 536 1969 Md.
555 1954 597 1959 —
631 1936 688 1969 Μ’
716 1935 869 1978 Curam,
901 1936 964 1978 qui
1000 1937 1071 1970 fuit
1104 1945 1282 1981 quaestor
1316 1939 1478 1973 urbanus
1505 1937 1636 1972 Silano

161 1988 199 2015 et
223 1983 381 2016 Murena
405 1993 498 2016 coss.
527 1982 665 2015 deinde
693 1981 781 2015 trib.
808 1982 858 2026 pl.
889 1983 933 2017 P.
959 1983 1121 2017 Lentulo
1157 1984 1362 2030 Spinthere
1396 1991 1433 2019 et
1467 1984 1636 2018 Caecilio

159 2028 317 2062 Metello
337 2040 432 2063 coss.
453 2029 514 2062 hic
535 2027 674 2063 dicitur
690 2028 928 2063 consobrinus
944 2029 1062 2064 Caelii
1075 2030 1196 2074 Caldi,
1216 2032 1317 2075 quod
1341 2037 1478 2066 matres
1503 2041 1635 2064 eorum

161 2081 284 2108 essent
309 2086 472 2109 sorores.
499 2075 606 2109 SCH.
627 2095 672 2102 -—
710 2075 750 2108 C.
782 2074 973 2116 Virgilius
998 2076 1035 2109 in
1061 2084 1239 2121 praetura
1266 2079 1306 2113 Q.
1335 2077 1532 2112 Ciceronis
1557 2076 1637 2109 col-

160 2120 254 2165 lega.
293 2121 443 2156 Deinde
469 2133 513 2155 eo
540 2132 658 2165 anno⁷
685 2132 758 2164 quo
786 2121 919 2155 Cicero
946 2123 983 2155 in
1010 2123 1186 2157 exsilium
1212 2124 1324 2165 abiit,
1351 2124 1521 2159 Siciliam
1546 2134 1638 2168 pro-

161 2174 314 2211 praetor
346 2167 630 2202 administravit.
670 2169 774 2201 Orat.
812 2179 882 2212 pro
909 2169 1038 2204 Plane.
1074 2181 1105 2203 e.
1131 2171 1185 2204 40.
1220 2171 1328 2205 SCH.
1374 2171 1463 2214 Vgl.
1496 2180 1543 2203 zu
1576 2180 1636 2213 ep.

159 2213 247 2257 LII,
265 2217 296 2248 7.
322 2215 545 2250 DLXXXI.
571 2215 755 2250 DLXXI.
778 2233 820 2238 —
863 2216 1036 2258 optatior.
1072 2216 1202 2250 Lamb.
1230 2221 1263 2250 te
1288 2217 1460 2261 optatior.
1500 2215 1634 2258 Vergl.

162 2271 221 2304 ep.
246 2260 531 2296 CCLXXV.—-
573 2273 714 2295 ornam.
739 2262 778 2294 in
804 2265 847 2293 te.
885 2260 948 2295 Sic
980 2263 1077 2296 Man.
1110 2263 1263 2307 Lamb.‚
1306 2270 1344 2296 ut
1376 2273 1533 2307 semper.
1566 2261 1632 2294 cfr.

161 2305 246 2339 Lib.
268 2308 302 2348 3,
321 2308 353 2350 l,
380 2307 409 2349 §.
429 2308 463 2340 l.
489 2308 537 2341 ad
561 2312 605 2342 te.
635 2308 731 2342 Cett.
759 2318 840 2340 cum
865 2308 942 2341 Md.
969 2308 1124 2342 Excidit
1149 2316 1235 2354 post
1265 2312 1544 2353 proficiscentur
1568 2318 1636 2340 vo-

162 2352 345 2386 cabulum.
379 2353 571 2387 elaborabo
598 2354 695 2388 haud
720 2354 814 2387 male
847 2355 1024 2399 supplent
1057 2356 1191 2399 Margo
1224 2356 1302 2391 Md.
1336 2357 1455 2400 Neap.
1490 2354 1578 2388 Asc.
1599 2355 1633 2386 1.

162 2398 263 2432 Crat.
290 2398 418 2432 Lamb.
448 2399 643 2434 ORELLI.
667 2420 713 2425 —-
755 2411 983 2444 quaecunque
1006 2413 1052 2434 z
1077 2403 1220 2445 omnia,
1255 2403 1321 2436 sed
1354 2413 1434 2436 cum
1460 2404 1635 2444 respectu

160 2445 208 2478 ad
232 2444 455 2479 facultatem.
496 2447 712 2488 „Desshalb
739 2447 857 2480 sollen
883 2447 958 2481 Dir
990 2448 1065 2481 alle
1089 2448 1160 2481 mir
1191 2449 1402 2492 moglichen
1429 2445 1635 2480 Auszeich-

161 2502 308 2535 nungen
342 2502 413 2525 von
447 2491 519 2525 mir
553 2493 706 2527 ertheilt
737 2494 911 2536 werden,
945 2505 1003 2527 um
1029 2494 1097 2528 der
1121 2495 1228 2529 Welt
1253 2505 1297 2529 zu
1324 2494 1455 2537 zeigen
1485 2504 1517 2526 u.
1538 2502 1632 2525 s.w.

161 2538 328 2580 dignitas
354 2537 402 2572 ist
427 2537 488 2571 die
513 2539 741 2573 ausserliche
766 2540 933 2583 warde,
961 2540 1021 2573 die
1047 2541 1107 2575 ein
1122 2542 1262 2576 Romer
1287 2541 1403 2575 durch
1430 2538 1492 2572 die
1517 2538 1634 2571 hohe-

161 2595 227 2618 ren
253 2584 520 2618 Ehrenstellen
546 2585 701 2629 eihielt,
727 2585 801 2619 und
826 2586 892 2621 das
916 2587 1092 2621 Ansehen
1118 2588 1317 2622 desselben
1343 2587 1392 2620 im
1419 2584 1535 2620 Senat
1560 2583 1634 2618 und

160 2630 259 2664 beim
291 2631 434 2666 Volke.

382 2676 573 2710 CAELIO
596 2676 707 2711 Ruso.
757 2677 797 2713 S.
835 2688 882 2712 zu
916 2690 974 2723 ep.
992 2680 1134 2714 CXCII
1160 2679 1208 2714 im
1234 2679 1416 2723 Ansange.

279 2724 312 2757 1.
352 2721 396 2756 de
428 2723 501 2758 reb.
536 2722 636 2765 τινὰ,
679 2723 771 2758 tiber
803 2723 874 2759 den
911 2725 1073 2760 Zustand
1106 2726 1173 2760 der
1206 2725 1351 2761 Sachen
1385 2725 1423 2759 in
1455 2723 1564 2758 Rom.
1594 2740 1636 2746 ——
