1795 3043
477 33 794 83 EPISTOLA
829 32 1084 81 CCXXIII.
1404 35 1504 86 107

58 151 173 192 tiam.
239 149 328 191 Imo
375 147 413 190 si
461 147 671 189 actionem
708 146 1058 198 stultissimasque
1102 145 1154 187 ‹le
1200 159 1265 197 se,
1316 146 1503 188 nefarias

57 209 108 249 de
137 208 290 260 patriis
328 205 611 247 consessiones
649 204 864 246 audisses?
921 204 1056 244 Mittit
1083 204 1128 244 in
1160 205 1384 245 consilium
1414 217 1502 244 eos·
1525 212 1551 251 3

57 266 152 306 dem
179 265 291 316 illos,
320 264 393 315 qui
421 263 519 303 lites
549 262 834 312 aestimarant,
863 261 1038 301 iudices.
1098 263 1234 309 Quum
1265 274 1398 314 aequo
1426 275 1502 301 nu-

57 335 173 363 mero
212 321 445 361 sententiae
483 319 679 370 fuissent,
722 318 978 369 Laterensis,
1019 319 1130 370 leges
1159 319 1377 372 ignorans,
1406 331 1504 370 pro-

57 379 282 429 nuntiavit,
312 377 411 430 quid
440 376 595 427 singuli
615 375 780 414 ordines
800 374 1076 415 iudicassent:
1107 377 1148 414 et
1178 377 1228 416 ad
1259 379 1503 429 extremum,

58 439 105 476 ut
123 437 273 486 solent,
305 436 431 475 ΆὈΝ
453 433 747 472 REDIGAM.
780 432 1006 483 Postquam
1025 432 1215 472 discessit
1235 435 1276 473 et
1295 446 1371 486 pro
1387 434 1504 474 abso-

0 526 2 533 .
59 494 148 533 luto
170 493 373 532 Servilius
393 489 541 530 haberi
561 490 735 540 coeptus
760 488 854 541 [est]
868 519 881 541 ,
907 489 1096 540 legisque
1115 501 1245 529 unum
1264 493 1307 530 et
1328 490 1504 531 centesi-

57 626 157 660 kraft
181 626 313 659 dessen
338 624 399 658 ein
423 623 571 657 solcher
595 622 753 656 Frevler
784 622 848 656 das
882 624 1125 668 empsangene
1151 623 1250 658 Geld
1275 625 1422 660 wieder
1446 637 1506 659 er-

0 708 1 717 }
59 680 191 707 statten
216 675 350 706 musse.
398 670 610 713 Uebrigens
636 669 683 702 ist
709 679 748 702 es
772 669 949 712 bekannt,
974 670 1057 704 dass
1082 671 1123 705 C.
1136 671 1303 715 Clodius,
1331 672 1398 706 der
1421 683 1506 707 ver-

59 720 234 754 storbene
260 720 380 754 Vater
404 717 470 750 des
494 716 640 760 Appius
666 715 804 758 Minor,
831 716 869 749 in
895 716 1091 750 Sardinien
1117 717 1195 750 sich
1220 718 1273 752 als
1296 719 1506 763 Proprator

59 776 211 809 grosser
245 765 532 808 Erpressungen
563 762 735 805 schuldig
769 763 939 805 gemacht
968 763 1069 797 hatte
1094 763 1169 797 und
1201 775 1284 797 vom
1320 765 1505 800 Servilius

59 812 107 846 im
133 812 270 846 Namen
297 809 420 843 dieser
444 808 608 843 Provinz
634 809 698 841 auf
719 809 1084 852 wiedererstattung
1109 810 1322 854 angeklagt,
1349 812 1439 846 aber
1463 823 1506 846 so

59 858 225 892 schlecht
257 856 457 901 angeklagt
487 866 586 898 war,
626 854 709 888 dass
742 855 809 888 der
832 855 1016 898 Beklagte
1042 857 1335 901 losgesprochen
1361 858 1507 894 wurde.

59 915 103 938 ex
127 904 230 937 bonis
251 903 397 948 patriis.
449 901 512 936 Sic
538 900 683 945 scripsi.
705 902 828 945 patris
852 913 932 935 cum
957 902 1035 936 Md.
1063 903 1159 938 Cett.
1186 911 1337 947 praeter
1361 905 1506 948 Lamb.,

60 950 124 993 qui
151 950 242 983 vitio
268 957 369 983 recte
393 948 647 981 animadverso
673 947 866 992 rescripsit
887 949 1070 992 paterrzz'S,
1098 960 1170 992 quo
1197 961 1290 994 opus
1315 962 1388 984 non
1414 958 1506 986 erat.

63 997 259 1030 ORELLI.
288 1014 327 1020 -—-
353 996 558 1036 amentiam,
584 994 700 1038 Appii
726 994 890 1028 minoris.
916 1013 961 1018 —
984 995 1108 1037 immo,
1129 996 1272 1030 ianoch
1286 998 1391 1031 mehr
1405 1000 1508 1032 wiir-

60 1043 143 1076 dest
167 1043 229 1076 Du
254 1041 353 1075 Dich
386 1040 625 1074 verwundert
655 1040 795 1083 haben,
826 1051 950 1074 wenn.
976 1060 1021 1065 -—
1045 1042 1244 1086 actionem,
1272 1043 1337 1077 des
1360 1045 1507 1090 Appius

60 1090 212 1122 alberne
236 1088 367 1121 Reden
392 1098 460 1120 vor
486 1086 675 1120 Gerichte.
702 1105 744 1110 —
769 1087 1022 1128 confessiones.
1070 1087 1133 1122 Sic
1152 1089 1301 1133 scripsi.
1350 1090 1508 1125 Senten-

61 1135 110 1169 tia
140 1135 349 1168 ultimorum
375 1134 466 1166 haec
492 1139 566 1166 est:
594 1132 656 1175 „si
679 1132 845 1167 audisses
878 1133 1132 1177 confitentem,
1166 1136 1309 1170 nefarie
1342 1148 1384 1171 ac
1408 1139 1507 1171 frau-

63 1181 234 1215 dulenter
259 1191 298 1213 se
325 1180 432 1213 bonis
458 1179 588 1223 patriis
614 1179 796 1223 potitum,
821 1179 962 1213 nefarie
988 1180 1033 1213 iis
1059 1192 1162 1214 usum
1188 1193 1270 1216 esse
1295 1184 1340 1217 ad
1364 1185 1508 1218 scelera

61 1227 310 1273 perpetranda
334 1237 375 1259 ac
400 1226 576 1259 libidines
601 1226 844 1269 explendas.“
868 1227 901 1258 si
919 1227 1098 1260 actionem
1119 1229 1355 1263 stultissimas
1380 1232 1441 1274 qui
1464 1232 1509 1265 de

63 1285 101 1307 se
126 1273 287 1315 nefarias
312 1273 354 1305 cle
374 1273 494 1315 patris
519 1272 603 1314 (sic)
630 1274 724 1314 conf.
752 1272 829 1305 Md.
855 1273 888 1304 si
913 1274 1108 1316 actionem,
1139 1275 1441 1320 stultissimasque
1465 1278 1509 1312 de

64 1330 115 1362 se,
139 1319 303 1360 nefarias
328 1319 369 1351 de
390 1322 495 1361 patre
520 1318 615 1358 conf.
644 1318 728 1351 Sch.
744 1318 838 1351 Liin.
858 1319 892 1350 si
917 1320 1112 1359 actionem,
1138 1322 1442 1367 stultissimasque
1465 1325 1509 1357 de

65 1376 114 1404 se,
141 1366 302 1406 nefarias
322 1365 442 1407 patris
467 1365 559 1405 conf.
584 1363 726 1397 Bened.
743 1363 912 1398 Weiske.
960 1366 1126 1408 Utraque
1151 1366 1263 1400 lectio
1288 1368 1325 1401 in
1352 1381 1396 1403 eo
1421 1381 1510 1414 pec-

67 1418 138 1453 cat,
164 1410 263 1453 quod
290 1409 383 1454 patri
420 1409 491 1454 ipsi
515 1409 658 1442 scelera
681 1417 940 1454 apponuntur,
976 1423 1086 1453 quum
1111 1423 1231 1446 sermo
1258 1415 1366 1449 unice
1391 1416 1439 1449 sit
1463 1417 1510 1450 de

67 1458 176 1491 bonis
201 1456 332 1501 patriis
356 1456 450 1489 male
475 1455 675 1498 dissipatis.
705 1456 899 1490 ORELLI.
944 1457 1114 1490 Ceterum
1147 1460 1311 1501 nefarias
1335 1463 1378 1495 de
1402 1467 1510 1506 patre

67 1505 308 1546 consessiones
339 1502 429 1535 dicit
461 1501 629 1544 Caelius,
663 1502 762 1544 quod
787 1502 938 1545 impium
972 1510 1050 1536 erat
1075 1515 1095 1537 a
1120 1504 1200 1537 filio
1232 1508 1348 1550 patris
1372 1509 1510 1544 mortui

68 1550 278 1583 memoriam
305 1548 408 1593 turpi
430 1547 593 1580 criminis
619 1548 760 1580 macula
784 1549 1035 1583 contaminari.
1071 1550 1179 1585 SCH.

156 1598 188 1630 3.
236 1595 358 1629 Mittit
382 1599 450 1627 cet.
477 1593 621 1638 Appius
652 1605 732 1627 war
757 1593 877 1627 dumm
903 1605 1045 1640 genug,
1077 1596 1139 1630 die
1163 1598 1367 1634 namlichen
1393 1601 1510 1636 Rich-

69 1647 126 1675 ter
150 1641 367 1675 zuzulassen
394 1640 511 1683 (nicht
524 1650 569 1673 zu
591 1640 911 1684 perhorresciren,
937 1653 1013 1675 was
1047 1642 1121 1675 ihm
1146 1645 1238 1677 nach
1259 1646 1340 1679 dem
1364 1648 1511 1682 Rechte

67 1688 248 1728 zustand)‚
275 1687 419 1720 welche
452 1686 489 1719 in
515 1686 635 1720 seines
661 1688 797 1722 Vaters
832 1687 953 1721 Sache
977 1689 1056 1723 698.
1083 1700 1115 1723 3.
1141 1690 1187 1723 U.
1215 1702 1243 1724 c.
1273 1692 1336 1726 das
1361 1694 1510 1728 Urtheil

67 1734 319 1778 gesprochen,
355 1733 418 1766 ihn
444 1733 501 1766 fiir
526 1733 746 1776 unschuldig
772 1732 912 1766 erkliirt
937 1735 1074 1768 hatten.
1130 1736 1281 1771 Konnte
1307 1750 1348 1772 er
1372 1741 1510 1784 hoffen,

71 1781 153 1814 dass
178 1780 287 1824 diese}
311 1779 381 1812 den
407 1778 589 1813 Servilius
627 1779 730 1813 einer
752 1779 1059 1814 Praevarication
1090 1781 1149 1815 fiir
1175 1784 1347 1829 schuldig
1378 1787 1512 1821 erken-

70 1837 141 1860 nen
161 1827 233 1860 und
253 1826 418 1859 dadurch
443 1825 679 1869 eingestehen
697 1826 865 1869 wiirden,
892 1826 946 1859 sie
970 1827 1095 1860 hatten
1122 1828 1285 1864 damahls
1310 1832 1370 1865 ein
1396 1845 1511 1877 unge-

70 1873 216 1906 rechtes
240 1872 389 1905 Urtheil
415 1872 565 1914 gelant}
592 1890 634 1895 —
661 1883 770 1916 aequo
795 1883 958 1906 numerO.
1007 1874 1100 1907 Also
1124 1875 1210 1908 sand
1235 1877 1314 1911 sich
1338 1879 1401 1912 bei
1416 1880 1511 1913 zah-

70 1919 160 1962 lung
185 1919 250 1951 der
269 1918 457 1956 Stimmen,
485 1918 567 1951 dass
588 1919 681 1951 eben
709 1930 750 1952 so
769 1919 867 1952 viele
886 1919 1042 1953 Richter
1060 1921 1120 1953 stn-
1145 1921 1205 1955 die
1223 1922 1512 1970 Lossprechung

71 1965 136 1998 des
169 1964 351 1999 Servilius
386 1974 457 1997 von
485 1964 550 1997 der
574 1964 1010 2008 Priivaricationsklage,
1038 1967 1090 2000 als
1116 1967 1175 2000 fiir
1200 1968 1261 2002 die
1288 1971 1513 2006 Verurthei-

70 2011 160 2054 lung
186 2011 379 2044 desselben
404 2021 544 2044 waren.
592 2011 636 2044 In
654 2011 772 2044 einem
797 2012 948 2044 solchen
973 2012 1077 2045 Falle
1090 2015 1223 2048 wurde
1247 2016 1314 2049 der
1329 2018 1514 2063 Beklagte

71 2058 132 2091 fiir
156 2057 446 2101 losgesprochen
473 2057 626 2090 erlxliirt.
674 2056 712 2091 S.
747 2057 880 2091 Cicero
914 2069 982 2102 pro
1021 2059 1214 2094 Cluentio:
1247 2062 1286 2095 in
1320 2060 1513 2098 consilium

73 2104 165 2137 ituri
190 2108 292 2136 erant
317 2104 455 2136 iudices
480 2104 639 2145 triginta
663 2108 695 2136 et
719 2103 788 2136 duo
803 2118 813 2137 .·
838 2105 1023 2137 sententiis
1048 2107 1166 2138 decem
1191 2111 1223 2140 et
1246 2119 1309 2141 sex
1333 2110 1512 2145 absolutio

75 2150 201 2191 confici
212 2153 368 2192 poterat.
394 2149 507 2183 Diess
527 2156 665 2183 wusste
685 2149 807 2183 leider
825 2150 891 2184 der
907 2151 1151 2185 Oberrichter
1166 2152 1379 2190 Laterensis
1395 2159 1511 2192 nicht.

73 2196 129 2229 Er
153 2202 273 2238 wagte
298 2195 468 2228 desshalb
495 2196 613 2237 nicht,
640 2195 702 2228 ihn
728 2196 781 2229 als
806 2197 1111 2241 freigesprochen
1138 2199 1174 2232 in
1205 2200 1265 2234 die
1291 2204 1410 2236 Acten
1435 2204 1514 2237 ein-

76 2247 252 2284 zutragen
280 2241 332 2282 (in
357 2242 498 2275 tabulas
523 2242 707 2284 referre);
733 2243 893 2276 sondern
918 2243 1006 2277 liess
1032 2255 1101 2277 nur
1126 2247 1413 2292 protokolliren,
1436 2260 1514 2284 was

76 2288 136 2321 fiir
161 2288 243 2319 eine
266 2286 416 2320 Stimme
437 2288 519 2320 eine
547 2289 630 2321 iede
651 2288 717 2321 der
741 2288 820 2322 drei
836 2289 993 2323 Klassen
1012 2290 1184 2335 Richter,
1220 2293 1287 2326 der
1310 2302 1514 2338 senatores,

79 2333 222 2375 equites
251 2332 321 2365 und
348 2333 483 2366 tribuni
511 2334 659 2376 aerarii,
685 2335 900 2378 abgegeben
926 2336 1062 2370 hatten.
1091 2339 1207 2380 „Iede
1231 2340 1365 2374 Klasse
1390 2342 1514 2375 dieser
1571 2363 1573 2365 ·

79 2380 236 2413 Richter
271 2378 427 2411 stimmte
459 2380 682 2422 besonders,
714 2382 804 2414 aber
829 2381 889 2415 die
914 2383 1101 2416 Mehrheit
1127 2384 1193 2418 der
1218 2396 1424 2420 zusammen
1449 2400 1514 2432 ge-

78 2426 225 2459 ziihlten
263 2423 438 2458 Stimmen
474 2427 676 2460 entschied.
710 2446 755 2451 —
801 2432 833 2460 et
867 2429 916 2461 ad
945 2433 1139 2463 extremum
1165 2433 1439 2476 pronuntiavit,
1474 2438 1512 2467 ut

78 2471 210 2513 solent,
244 2470 349 2503 NON
382 2470 643 2515 REDIGARI,
687 2473 761 2506 und
786 2474 925 2506 zuletzt
955 2476 1047 2508 nach
1072 2476 1205 2510 vielem
1238 2479 1419 2512 Zweiseln
1456 2492 1513 2514 er-

78 2517 198 2550 kliirte
225 2527 264 2549 er
290 2516 326 2549 in
353 2515 418 2549 der
442 2519 726 2560 gewohnlichen
743 2520 909 2553 Formel:
945 2522 1038 2564 „Ich
1064 2523 1190 2556 werde
1215 2523 1278 2556 das
1303 2525 1450 2558 Urtheil
1477 2526 1514 2559 in

77 2563 143 2596 (las
178 2563 543 2606 Gerichtsprotokoll
576 2565 676 2598 nicht
711 2566 923 2609 eintragen,
959 2568 994 2600 d.
1022 2567 1046 2600 i.
1073 2568 1132 2601 ich
1157 2570 1285 2602 werde
1320 2570 1381 2604 ihn
1414 2572 1515 2606 nicht

76 2610 131 2643 als
165 2609 469 2652 {reigesprochen
502 2610 788 2653 protokolliren.
829 2616 862 2645 et
892 2612 939 2646 ad
969 2618 1166 2647 extremum
1192 2615 1413 2660 absolutum,
1448 2619 1515 2663 ait,

75 2657 232 2697 referam
267 2666 316 2688 ex
351 2655 477 2688 Ursini
511 2656 577 2690 Cd.
604 2656 689 2690 sch.
716 2658 810 2693 Liin.
838 2677 880 2683 —
906 2659 1071 2693 discessit
1102 2660 1246 2694 domum
1279 2674 1299 2696 e
1325 2664 1514 2700 tribunali.

77 2721 120 2727 —
145 2705 286 2745 coeptus
313 2702 392 2744 [est]
414 2702 517 2743 quod
544 2703 668 2736 addidi
694 2715 774 2737 cum
799 2705 924 2737 Lamb.
955 2705 1027 2738 ΟΒ.
1061 2706 1139 2740 Das
1164 2707 1246 2741 kam
1273 2709 1354 2742 dein
1379 2710 1516 2744 Prinos
