1795 3043
501 81 813 129 EPISTOLA
850 81 1090 129 CCCLlX.
1432 94 1533 140 483

69 197 214 237 nostro
243 195 427 248 iudicio,
467 195 673 236 tardiores
700 196 793 235 fore
819 196 1030 247 reliquos,
1085 197 1120 237 si
1149 208 1226 238 nos
1254 208 1339 238 non
1370 199 1533 239 veneri-

70 267 182 301 mus,
214 253 370 294 dicere.
428 252 540 305 Ego,
574 252 817 293 dissimilem
844 253 1016 293 illorum
1046 265 1136 294 esse
1155 266 1336 295 causam.
1396 255 1533 302 Quum

70 312 222 351 mulia:
272 309 406 362 „Veni
443 310 596 362 igitur,
645 311 687 349 et
727 322 802 361 age
840 308 892 348 de
921 309 1062 361 pace.”
1119 311 1295 363 Meone,
1342 311 1530 364 inquam,

72 367 310 408 arbitratu?
380 365 475 419 „An
525 365 631 413 tibi,
689 366 847 417 inquit,
900 379 976 419 ego
1025 367 1377 418 praescribam?”
1443 370 1530 422 sic,

70 425 265 475 inquam,
310 436 449 476 agam,
498 423 673 463 Senatui
702 435 785 462 non
816 423 989 475 placere
1018 423 1061 463 in
1092 425 1319 476 Hispanias
1358 425 1413 466 iri
1449 438 1530 467 nec

69 481 281 521 exercitus
309 481 352 520 in
385 480 608 520 Graeciam
638 480 938 531 transportari,
980 481 1219 533 multaque,
1255 481 1448 533 inquam,
1478 483 1532 523 de

71 538 211 577 Gnaeo
248 536 493 589 deplorabo.
561 537 666 578 Tum
705 537 806 577 ille:
849 537 969 589 „Ego
1006 549 1107 578 vero
1145 538 1228 578 ista
1266 539 1354 579 dici
1392 539 1532 581 nolo.’'

69 595 135 635 lta
164 594 387 646 putabam,
430 594 627 644 inquam:
674 593 746 638 sed
777 605 859 648 ego
885 605 933 634 eo
965 595 1062 634 nolo
1094 595 1262 643 adesse,
1309 597 1422 647 quod
1460 598 1533 638 aut

68 652 129 692 sic
154 652 262 691 mihi
292 649 514 692 dicendum
544 651 607 689 est
635 650 875 701 multaque,
927 663 1037 702 quae
1065 653 1186 692 nullo
1215 652 1336 692 modo
1366 666 1532 705 possem

70 708 219 756 silere,
268 709 302 747 si
341 707 552 755 adessem,
596 708 783 747 autnon
812 707 1079 749 veniendum.
1140 709 1309 749 Summa
1337 710 1441 760 fuit,
1483 713 1533 751 ut

70 766 169 816 ille,
219 764 341 815 quasi
379 764 537 803 exitum
567 776 795 814 quaerensz
851 768 929 815 „ut
957 765 1274 806 deliberarem.”
1329 766 1423 807 Non
1450 768 1534 808 fuit

67 821 317 874 negandum.
387 821 456 860 Ita
491 821 770 862 discessimus.
840 821 974 861 Credo
1014 823 1142 874 igitur
1181 824 1295 864 hunc
1335 836 1403 864 me
1446 836 1531 864 non

68 890 221 919 amare.
278 878 333 918 At
361 889 437 930 ego
466 889 533 918 me
553 878 710 926 amavi,
752 877 865 929 quod
894 878 1000 918 mihi
1029 880 1112 919 iam
1142 880 1307 931 pridem
1336 894 1416 921 usu
1446 893 1531 922 non

70 935 202 976 venit.
259 934 465 986 Reliqua,
511 947 535 974 o
564 935 648 975 dii!
697 935 770 986 qui
799 936 1044 976 comitatus!
1094 949 1222 988 quae,
1269 939 1317 977 ut
1346 940 1392 978 iu
1421 940 1531 979 soles
1553 944 1582 984 2

70 992 239 1041 dicere,
269 992 432 1031 νεκυιάἱ
494 992 542 1031 In
566 1004 649 1043 qua
679 994 770 1032 erat
798 994 826 1041 ἦ·
856 1005 956 1032 area
976 994 1206 1034 scelerum!
1269 994 1302 1033 0
1324 1006 1415 1034 rem
1436 1007 1532 1046 per-

70 1049 216 1089 ditam!
258 1061 283 1089 o
313 1049 458 1101 copias
476 1048 737 1099 desperatas!
778 1048 909 1097 Quid,
940 1049 1051 1100 quod
1072 1050 1210 1090 Servii
1229 1048 1371 1090 filius?
1419 1050 1533 1103 quod

69 1105 253 1147 Titinii?
309 1107 413 1156 quot
442 1105 486 1143 in
516 1105 571 1144 iis
599 1105 748 1144 castris
776 1105 971 1152 fuerunt,
1014 1104 1170 1156 quibus
1195 1106 1421 1159 Pompeius
1451 1109 1534 1148 cir-

69 1161 399 1204 cumsideretur!
458 1161 542 1201 Sex
569 1161 769 1214 legiones,
826 1161 1011 1202 Multum
1040 1162 1211 1215 vigilat,
1251 1163 1395 1205 audet:
1440 1166 1535 1206 nul·

68 1307 225 1343 wiirden
250 1306 330 1341 sich
354 1305 570 1347 bedenken,
607 1304 700 1339 nach
726 1304 794 1338 der
819 1303 925 1338 Stadt
956 1303 1031 1337 und
1057 1302 1094 1338 in
1119 1304 1192 1339 deu
1216 1305 1333 1341 Senat
1356 1316 1403 1341 zu
1427 1307 1534 1342 kom-

70 1365 166 1389 men.
214 1353 290 1388 Die
315 1351 496 1387 Infinitivi
522 1352 666 1395 haugen
693 1361 774 1384 vom
800 1350 1012 1384 Infinitivus
1038 1350 1238 1386 historicus
1262 1353 1384 1387 dicere
1408 1354 1464 1388 ab.
1489 1372 1535 1380 —-

71 1401 154 1443 Ego
186 1400 267 1434 scil.
299 1399 553 1443 respondere,
593 1397 874 1442 respondebam.
907 1415 953 1422 —
1000 1396 1216 1431 dissimilem
1247 1409 1351 1433 meae
1387 1411 1533 1436 causae.

70 1466 115 1472 —-
146 1447 262 1480 multa
291 1445 438 1479 locutus
475 1455 619 1488 essem,
655 1443 855 1481 dixissem,
889 1448 926 1476 ut
952 1443 1212 1487 ostenderem,
1249 1444 1400 1480 illorum
1425 1445 1538 1481 dissi-

71 1492 195 1527 milem
221 1502 303 1526 esse
327 1502 488 1525 causam.
521 1509 563 1516 ——
613 1499 685 1532 age
709 1489 752 1522 de
771 1498 878 1533 pace,
914 1491 1005 1532 trag'
1029 1489 1096 1522 auf
1115 1489 1186 1523 den
1210 1490 1372 1526 Frieden
1397 1502 1457 1527 an.
1490 1510 1536 1518 -—-

71 1539 135 1573 Sic
160 1565 168 1573 .
192 1563 202 1573 .
227 1548 360 1581 agam,
396 1547 505 1571 wenn
532 1537 610 1571 Das
634 1537 702 1577 ist,
727 1546 768 1569 so
793 1534 890 1569 wird
914 1535 1012 1568 mein
1036 1535 1206 1580 Vortrag
1230 1537 1365 1571 darauf
1385 1538 1538 1573 hinaus-

70 1586 206 1629 gehen.
247 1601 292 1610 --
346 1584 438 1626 ista,
485 1583 615 1617 solche
654 1581 806 1623 Dinge,
845 1581 1156 1625 Aeusserungen,
1197 1582 1274 1617 wie
1313 1584 1420 1619 diese
1460 1584 1538 1619 und

70 1632 219 1676 Klagen
245 1630 339 1664 iiber
360 1630 426 1663 das
450 1629 551 1663 Loos
576 1629 642 1662 des
665 1626 881 1671 Pompeius.
907 1645 951 1651 —
1001 1628 1057 1660 Ita
1075 1628 1271 1672 putabam,
1303 1630 1383 1666 Das
1406 1630 1539 1665 konnt’

72 1677 134 1712 ich
168 1676 244 1711 wol
277 1675 434 1710 denken.
470 1694 512 1701 —
561 1686 602 1708 eo
632 1686 678 1707 =
711 1673 806 1707 eben
843 1673 1077 1717 desswegen.
1109 1692 1155 1698 —
1201 1676 1344 1721 adesse,
1389 1676 1427 1710 in
1463 1678 1536 1711 den

74 1724 188 1759 Senat
212 1722 396 1756 kommen.
424 1740 464 1746 —
503 1721 579 1765 sic,
618 1727 658 1754 ut
682 1720 797 1753 multa
820 1719 868 1753 de
892 1720 1016 1753 Gnaeo
1042 1719 1248 1764 deplorem.
1274 1741 1318 1747 —
1354 1727 1539 1767 multaque

73 1770 148 1804 alia
173 1767 331 1802 dicenda
355 1773 451 1801 sunt.
478 1786 521 1792 ——
570 1767 719 1800 Summa
743 1767 835 1808 fuit,
862 1765 926 1799 das
951 1765 1059 1799 Ende
1084 1766 1166 1808 (des
1192 1768 1420 1813 Gespriichs)
1444 1780 1534 1803 war.

73 1835 117 1841 —-
151 1815 308 1854 exitum,
339 1820 428 1856 gnte
453 1813 660 1848 Ausflucht.
694 1831 737 1837 —
784 1822 958 1856 quaerens
982 1812 1063 1846 scil.
1090 1813 1160 1846 hoc
1184 1824 1205 1848 a
1227 1825 1286 1848 me
1309 1821 1467 1859 peteret.
1492 1833 1538 1841 —-·

78 1863 130 1895 At
156 1886 165 1894 .
187 1886 195 1894 .
216 1886 225 1893 .
251 1863 375 1893 amavi
405 1865 497 1902 cet.‚
544 1860 635 1893 aber
660 1869 720 1892 um
751 1868 792 1891 so
818 1858 924 1892 mehr
956 1858 1020 1892 bin
1044 1858 1106 1892 ich
1136 1858 1203 1894 mit
1226 1860 1298 1895 mir
1319 1861 1538 1905 zufrieden5

74 1907 136 1941 ein
162 1906 331 1948 Genuss,
365 1905 434 1940 der
456 1905 527 1939 mir
550 1906 660 1949 lange
686 1904 788 1938 nicht
811 1914 857 1938 zu
883 1904 995 1938 Theil
1021 1904 1139 1938 ward.

162 1963 196 1998 2.
229 1963 406 2006 Reliqua,
439 1961 627 2006 iibrigens.
679 1961 718 1996 S.
741 1961 888 1996 Ramsh.
917 1962 947 2004 ἓ.
966 1961 1054 2002 132,
1080 1961 1114 1996 5.
1143 1981 1186 1987 -
1227 1964 1420 1997 comitatus
1445 1965 1539 1999 Cae-

76 2008 190 2051 saris,
222 2009 368 2044 welche
390 2008 619 2053 Begleitung
644 2009 745 2043 hatte
770 2008 838 2041 der
860 2008 989 2042 Manu!
1015 2027 1060 2033 —
1108 2013 1276 2045 νεκυία.
1318 2009 1357 2044 S.
1386 2012 1538 2056 ep.351‚

76 2059 108 2091 7.
141 2057 230 2099 352,
254 2055 288 2089 2.
321 2074 365 2080 —
413 2066 501 2088 area
526 2056 610 2089 scel.
636 2054 659 2088 i.
677 2066 710 2088 e.
737 2053 774 2088 in
800 2065 874 2097 quo
900 2066 1083 2088 concursu
1108 2055 1393 2099 sceleratorum,
1425 2057 1541 2091 Tum-

76 2102 274 2147 melplatze
298 2112 370 2135 von
394 2102 588 2137 Frevlern.
636 2100 843 2137 Vielleicht
868 2112 956 2135 arca
979 2101 1175 2144 scelerum,
1206 2101 1244 2135 in
1270 2103 1540 2137 welch’einem

77 2148 367 2191 Frevelkasten,
391 2149 650 2191 Lastersarge‚
676 2146 969 2189 Lasterkerker‚
995 2148 1028 2180 d.
1052 2146 1075 2181 i.
1102 2147 1139 2180 in
1164 2149 1298 2182 welch’
1323 2149 1428 2184 einer
1452 2150 1541 2184 Um-

79 2195 229 2238 gebung
260 2205 332 2227 von
356 2195 538 2229 Frevlern
573 2193 706 2227 befand
739 2204 781 2227 er
813 2193 904 2227 sich.
953 2193 1004 2227 Es
1037 2203 1135 2236 war,
1175 2194 1230 2228 als
1262 2196 1364 2229 wiire
1395 2207 1477 2230 man
1502 2195 1540 2230 in

78 2241 162 2275 dem
186 2241 335 2275 Kerker
360 2240 428 2275 der
451 2241 661 2274 Unterwelt
686 2239 747 2273 bei
772 2239 950 2273 Tantalus
985 2239 1057 2272 und
1083 2239 1245 2274 anderen
1269 2241 1450 2276 Frevlern
1474 2253 1543 2285 ge-

79 2297 220 2321 wesen.
268 2287 394 2320 Ueber
421 2287 485 2321 das
511 2297 555 2321 zu
581 2289 705 2323 νεκυιά
730 2297 771 2319 So
796 2286 982 2330 passliche
1007 2297 1096 2319 arca
1121 2297 1150 2320 s.
1176 2287 1276 2321 Plin.
1305 2289 1346 2324 H.
1359 2289 1403 2322 N.
1429 2288 1541 2326 XIII.

80 2335 136 2368 13.
186 2333 316 2366 Horat.
345 2332 423 2367 Sat.
451 2335 492 2376 1,
518 2335 560 2374 8,
586 2334 620 2368 9.
671 2332 748 2366 Cic.
774 2332 856 2366 Mil.
884 2333 985 2366 c.22.
1038 2333 1122 2366 Man
1148 2333 1245 2367 sieht
1270 2334 1354 2368 eine
1380 2333 1543 2378 Anspie-

80 2379 171 2422 lung
196 2379 261 2412 auf
281 2380 414 2413 Casars
440 2379 688 2421 Geldkasten‚
722 2379 789 2412 der
814 2378 875 2411 die
896 2378 1201 2413 Verschwender
1227 2380 1300 2413 und
1319 2381 1544 2414 Verarmten

82 2435 213 2468 anzog.
247 2443 292 2449 —
334 2425 538 2468 perditam!
577 2427 617 2458 o!
657 2425 725 2458 der
758 2424 1021 2459 schandlichen
1050 2424 1189 2460 Sache!
1229 2444 1270 2449 ——
1319 2427 1543 2470 desperatas,

83 2470 288 2504 bestehend
323 2480 388 2504 aus
412 2471 635 2513 Menschen,
677 2471 737 2505 die
769 2470 849 2504 sich
875 2471 1106 2514 ausgegeben
1134 2471 1249 2503 haben
1278 2471 1348 2504 und
1386 2483 1456 2504 nun
1484 2472 1549 2505 auf

84 2517 228 2551 Kosten
252 2516 422 2549 Anderer
440 2517 578 2550 hausen
597 2517 748 2551 wollen.
775 2536 819 2541 —
850 2517 972 2551 Servii
996 2518 1120 2559 filius?
1151 2518 1246 2559 quod
1267 2517 1399 2550 Titinii
1422 2517 1545 2551 filius?

84 2563 175 2596 Was
201 2562 274 2595 soll
300 2573 380 2595 man
406 2562 498 2596 dazu
525 2573 658 2606 Sagen,
692 2563 776 2597 dass
801 2563 943 2604 Lente,
978 2563 1052 2597 wie
1078 2563 1145 2596 der
1169 2561 1272 2595 Sohn
1299 2563 1364 2597 des
1389 2563 1545 2598 Servius

85 2609 160 2660 ¹¹¹.¹d.
182 2607 345 2642 Titinius
371 2608 431 2642 bei
458 2608 584 2642 diesen
609 2609 786 2654 Truppen
813 2609 891 2642 sich
917 2609 1111 2643 befinden'ss
1159 2608 1250 2642 Ueb.
1277 2608 1435 2661 Serv-ius
1459 2608 1546 2644 Sul-

83 2665 187 2735 ¹353?
192 2653 443 2734 ⁵1⁹·1ti15531202’1?
449 2655 522 2745 ⁵2¹3
537 2654 865 2743 330351'13513‘333.
900 2666 1008 2735 S'seiii
1023 2654 1428 2735 siffincssssfflmffls
1439 2655 1547 2736 ²222·ss

88 2756 148 2792 ep.
170 2746 354 2789 CCCLX,
390 2746 423 2780 2.
458 2765 502 2772 -
555 2747 692 2789 vigilat
725 2747 873 2781 Caesar.
907 2765 951 2772 --
998 2749 1214 2785 extremum,
1259 2747 1364 2781 diese
1395 2747 1548 2783 Zusam-

1154 2806 1241 2846 31*
