1795 3043
225 45 326 95 424
530 41 596 88 Μ.
629 40 685 87 Τ.
721 38 1061 104 CICERONIS
1095 38 1466 89 EPISTOLAE.

228 165 325 195 rum
351 164 599 195 concessum
627 153 690 193 est
718 153 787 194 vel
813 163 958 195 omnes
987 150 1106 194 adire
1134 151 1400 206 provincias3
1447 157 1523 195 aut
1557 155 1685 209 legati

228 212 330 251 sunt
359 223 517 251 eorum.
577 209 660 250 Sed
688 209 800 251 nihil
829 209 1002 252 dissero.
1060 208 1172 257 Quid
1199 210 1369 262 placeat
1397 209 1478 251 tibi
1513 213 1556 251 et
1583 211 1685 264 quid

229 267 533 321 propemodum
551 268 717 309 rectum
734 267 813 316 sit,
843 266 1046 320 intelligo.
1104 266 1234 307 Plura
1255 266 1505 316 scriberem,
1535 269 1571 309 si
1593 271 1686 321 ipse

229 336 409 378 possem.
469 323 572 377 Sed,
607 325 656 365 ut
693 324 799 364 mihi
836 323 1006 376 videor,
1047 324 1197 376 potero
1237 321 1380 366 biduo.
1437 324 1561 365 Balbi
1590 325 1688 366 Cor·
1768 347 1773 382 ς

230 380 338 421 nelii
374 380 595 421 literarum
635 382 896 434 exemplum,
941 393 1045 432 quas
1087 379 1234 420 eodem
1275 380 1343 421 die
1382 382 1552 434 accepi,
1604 394 1688 434 quo
1761 390 1777 413 ³⁴

230 438 344 488 tuas,
382 437 481 478 misi
510 438 563 479 ad
593 439 659 491 te,
695 439 743 481 ut
770 451 906 484 meam
934 437 1069 480 vicem
1097 436 1283 490 doleres,
1327 449 1456 489 quum
1483 450 1552 484 me
1579 437 1688 480 deri·
1763 455 1764 458 ¹

231 491 323 535 deri
352 493 533 539 videres,

809 569 1109 578 ...meum—.-

931 641 984 684 A.

593 730 796 769 BALBUS
837 731 1082 768 CICERONI
1124 732 1231 769 IMP.
1275 733 1316 771 S.

343 800 530 845 Obsecro
572 803 640 855 te,
684 801 856 855 Cicero,
905 801 1071 855 suscipe
1119 814 1265 844 curam
1301 804 1345 843 et
1392 803 1689 858 cogitationem

229 856 515 911 dignissimam
550 860 650 901 tuae
677 860 877 913 virtutis,
924 861 973 900 ut
1003 860 1224 901 Caesarem
1253 861 1295 900 et
1323 861 1568 914 Pompeium
1597 874 1692 912 per-

228 914 332 955 fidia
372 916 590 958 hominum
634 915 860 958 distractos
900 928 1046 957 rursus
1081 916 1126 957 in
1161 916 1384 969 pristinam
1423 917 1691 967 concordiam

228 971 422 1014 reducas.
483 973 617 1014 Crede
654 974 762 1014 mihi
793 974 1012 1015 Caesarem
1047 985 1132 1014 non
1161 974 1296 1014 solum
1324 975 1415 1015 fore
1443 974 1489 1014 in
1518 976 1591 1015 tua
1620 986 1693 1027 po·

230 1030 408 1081 testate,
437 1029 509 1070 sed
538 1031 665 1071 etiam
693 1030 920 1072 maximum
937 1030 1191 1072 beneficium
1221 1032 1262 1070 te
1293 1031 1375 1071 sibi
1396 1030 1558 1071 dedisse
1586 1031 1693 1072 iudi-

230 1087 449 1139 caturum,
485 1087 522 1127 si
549 1088 635 1128 huc
664 1088 706 1127 te
733 1087 891 1128 reiicis.
947 1088 1108 1139 Velim,
1153 1087 1267 1128 idem
1297 1088 1521 1140 Pompeius
1549 1089 1694 1140 faeiat,

231 1142 308 1194 qui
341 1144 390 1182 ut
426 1143 581 1184 adduci
617 1143 695 1184 tali
733 1144 923 1196 tempore
962 1144 1016 1184 ad
1054 1145 1187 1184 ullam
1224 1144 1508 1185 conditionem
1544 1145 1691 1197 possit,

231 1199 363 1251 magis
400 1201 500 1253 opto
539 1212 665 1251 quam
693 1212 831 1252 spero.
891 1200 999 1248 Sed,
1050 1213 1177 1253 quum
1207 1201 1447 1242 constiterit
1476 1203 1518 1241 et
1546 1203 1694 1242 timere

232 1254 430 1308 desierit,
479 1258 571 1296 tum
620 1256 826 1308 incipiam
862 1268 947 1297 non
989 1255 1213 1309 desperare
1247 1258 1363 1297 tuam
1401 1258 1694 1298 auctoritatem

177 1316 208 1356 2
230 1312 460 1366 plurimum
499 1312 612 1365 apud
649 1324 746 1353 eum
773 1311 1012 1354 valituram.
1071 1313 1192 1360 Quod
1221 1313 1448 1354 Lentulum
1477 1317 1696 1355 consulem

230 1381 372 1410 meum
407 1369 581 1410 voluisti
621 1367 695 1410 hic
734 1381 977 1419 remanere,
1022 1368 1192 1410 Caesari
1229 1372 1419 1424 gratum,
1461 1371 1564 1411 mihi
1593 1384 1693 1412 vero

231 1425 514 1480 gratissimum
553 1425 716 1469 medius
751 1423 879 1468 fidius
915 1425 1070 1468 fecisti.
1127 1426 1234 1469 Nam
1270 1427 1391 1468 illum
1429 1429 1537 1469 tanti
1565 1429 1693 1477 facio,

230 1549 300 1584 '701
335 1555 487 1594 praetor
517 1549 700 1594 urbanus,
744 1550 810 1594 qui
842 1550 1063 1595 Pompeium
1095 1554 1245 1584 secutus
1275 1556 1343 1585 est.
1401 1550 1491 1587 Vid.
1522 1550 1693 1596 Philipp.

232 1595 305 1638 111,
329 1597 362 1630 6.
390 1614 433 1620 —-
481 1595 526 1631 P.
550 1596 708 1640 Sestius,
737 1596 781 1631 L.
811 1596 871 1640 F.‚
909 1602 1064 1641 praetor
1086 1596 1167 1630 suit.
1209 1597 1275 1632 7⁰5
1309 1607 1378 1641 pro
1402 1603 1578 1642 praetore
1605 1598 1697 1632 Cili-

232 1641 328 1675 ciam
360 1640 474 1676 rexit.
512 1642 603 1679 vid.
637 1642 684 1677 ad
717 1653 776 1687 ep.
792 1642 868 1678 XV
898 1641 979 1676 init.
1013 1660 1057 1667 —-
1102 1652 1204 1676 more
1227 1642 1429 1686 maiorum,
1468 1644 1561 1677 nach
1586 1644 1698 1678 altem

231 1687 499 1722 Herkommen.
534 1706 577 1713 —
625 1698 771 1732 eorum,
811 1688 876 1732 qui
907 1698 988 1722 cum
1021 1687 1181 1732 imperio
1206 1695 1315 1732 sunt,
1352 1689 1414 1723 die
1438 1689 1698 1723 Militaircom-

231 1733 368 1767 mando
401 1734 534 1768 haben.
571 1752 611 1760 -
660 1735 732 1769 Sed
762 1733 857 1767 nihil
888 1734 1050 1776 dissero,
1089 1733 1185 1767 doch
1215 1733 1275 1768 ich
1301 1734 1380 1769 will
1406 1734 1511 1769 diese
1536 1736 1698 1770 Materie

231 1778 337 1813 nicht
349 1779 485 1814 weiter
501 1790 567 1814 aus
581 1780 759 1815 einander
778 1787 919 1815 setzen.
932 1799 977 1805 —
1009 1782 1085 1824 ipse
1097 1790 1253 1823 possem.
1279 1779 1319 1815 S.
1335 1792 1393 1825 ep.
1410 1781 1699 1818 CCCXXXVII

232 1825 282 1859 im
307 1825 395 1861 Ans.
423 1845 463 1851 —
512 1827 601 1860 misi
622 1839 668 1861 =
691 1826 811 1861 mitto.
837 1845 882 1852 —
928 1837 1045 1860 meam
1069 1827 1203 1869 vicem,
1235 1825 1333 1860 mein
1357 1827 1471 1861 Loos.

315 1870 540 1906 BALBUS.
566 1873 659 1906 Ueb.
678 1872 808 1906 diesen
823 1872 867 1906 L.
883 1872 1082 1907 Cornelius
1097 1872 1238 1905 Balbus
1263 1883 1290 1906 s,
1308 1884 1367 1917 ep.
1380 1873 1637 1917 CCCXXXH,
1661 1875 1695 1910 4.

233 1916 429 1951 Zuweilen
454 1917 551 1951 wird
577 1928 620 1952 er
643 1918 784 1952 Balbus
806 1917 924 1952 maior
948 1925 1111 1961 genannt
1134 1918 1182 1951 im
1202 1919 1435 1962 Gegensatze
1460 1930 1531 1953 von
1557 1921 1698 1955 Balbus

232 1962 375 2005 minor,
407 1963 492 1997 dem
518 1962 645 1998 Sohne
669 1964 793 1999 seines
815 1964 995 1999 Bruders.
1043 1963 1082 1998 S.
1109 1964 1155 1997 ad
1181 1964 1295 2000 Attic.
1321 1966 1397 2007 XI,
1426 1965 1482 2000 12.
1519 1967 1615 2010 XII,
1639 1968 1696 2002 38.

232 2009 351 2053 XIII,
383 2009 441 2043 40.
490 2009 538 2043 ad
568 2010 700 2045 Famil.
732 2011 788 2053 X,
820 2011 877 2045 32.
927 2010 1029 2045 Plin.
1063 2011 1110 2044 H.
1135 2010 1181 2045 N.
1208 2011 1263 2052 V,
1299 2011 1330 2046 5.
1380 2011 1506 2045 Ueber
1531 2012 1640 2046 ienen
1664 2024 1694 2049 S.

235 2056 339 2090 Orat.
371 2055 480 2089 Balb.
511 2056 568 2090 25.
619 2057 665 2091 ad
689 2056 804 2091 Attio.
830 2056 931 2100 VII,
957 2059 978 2092 7
1010 2056 1290 2100 (CCXCVIII).
1329 2057 1387 2101 11,
1420 2059 1443 2092 3
1469 2059 1693 2100 (XXVIII).

233 2101 281 2135 ad
315 2101 359 2136 Q.
387 2101 504 2138 Fratr.
530 2102 610 2146 111,
645 2105 666 2137 l
700 2103 908 2147 (CXLVI).
959 2102 1007 2136 ad
1031 2102 1163 2139 Famil.
1189 2102 1283 2144 VII,
1318 2104 1362 2138 16
1396 2104 1616 2147 (CXLVII).
1641 2107 1697 2141 ’18

235 2147 484 2190 (CLXXIII).
533 2148 581 2182 ad
604 2148 718 2185 Attic.
742 2149 839 2193 VII,
870 2150 893 2184 3
927 2148 1164 2192 (CCXCIV).
1199 2148 1317 2191 VIII,
1350 2150 1372 2183 9
1397 2150 1694 2193 (CCCXXXII).

233 2193 313 2236 IX,
338 2194 383 2228 13
417 2194 637 2238 (CCCLIV)
662 2206 698 2229 u.
723 2206 753 2230 s.
780 2195 805 2230 s.
854 2195 910 2229 Er
932 2205 1014 2230 war
1048 2205 1121 2229 von
1146 2194 1260 2230 cesar
1283 2193 1467 2230 reichlich
1492 2196 1700 2232 bescheukt

235 2239 312 2274 und
336 2239 470 2273 dessen
495 2239 688 2285 eisrigster
712 2241 926 2285 Anhanger.

327 2287 360 2319 l.
393 2289 477 2319 tuae
499 2286 657 2323 virtutis.
688 2288 807 2322 Nemo
832 2288 905 2322 hoc
928 2297 1038 2322 ausus
1062 2291 1120 2320 est
1141 2284 1346 2321 immutare.
1374 2286 1569 2322 ORELLI.
1604 2288 1697 2324 Ueb.

235 2330 372 2375 dignus
397 2343 429 2365 c.
456 2332 569 2375 genit.
595 2344 624 2366 s.
649 2334 801 2368 Ramsh.
827 2334 857 2377 ἕ.
873 2334 959 2377 144,
989 2334 1032 2376 4,
1064 2333 1152 2367 Not.
1177 2334 1210 2367 3.
1253 2332 1396 2368 Grotef.
1422 2334 1454 2377 §.
1474 2334 1562 2378 261,
1587 2336 1698 2370 Anm.

234 2395 280 2403 --
317 2378 353 2411 si
388 2376 456 2411 huc
488 2381 522 2410 te
555 2379 701 2423 reiicis,
749 2390 860 2414 wenu
890 2380 953 2414 Du
983 2379 1084 2414 Dich
1121 2378 1254 2412 darauf
1292 2379 1478 2414 einlassen
1516 2381 1698 2417 wolltest.

234 2423 331 2457 Wer
355 2433 407 2457 zu
432 2423 545 2459 Viel
568 2432 670 2468 sagt‚
695 2433 778 2470 sagt
801 2425 971 2460 Nichts.
1006 2424 1149 2459 Balbus
1173 2425 1277 2459 hatte
1301 2426 1398 2459 ohne
1415 2425 1571 2460 Zweifel
1589 2426 1698 2460 einen

235 2470 395 2513 Austrag
419 2468 548 2504 diesen
563 2471 672 2505 Brief
692 2482 739 2506 zu
763 2471 980 2506 schreiben:
1012 2471 1121 2510 aber,
1146 2481 1207 2505 um
1233 2470 1341 2505 einen
1368 2482 1409 2507 so
1426 2472 1550 2507 feinen
1570 2473 1697 2515 Vogel

234 2514 307 2550 wie
333 2515 467 2550 Cicero
498 2526 547 2551 zu
571 2518 730 2562 langen,
771 2518 864 2561 griff
883 2519 954 2552 er's
980 2516 1041 2550 ein
1065 2517 1193 2561 wenig
1219 2527 1264 2551 zu
1289 2519 1417 2564 plump
1441 2529 1500 2553 an.
1547 2518 1699 2553 WIEL.

236 2579 277 2587 —-
322 2562 393 2596 tali
423 2566 547 2608 temp„
589 2563 663 2598 wie
693 2562 756 2597 die
781 2564 928 2598 Sachen
960 2563 1148 2596 dermalen
1173 2563 1315 2599 stehen.
1342 2583 1385 2591 —
1433 2575 1541 2610 quum
1564 2565 1699 2600 consti-

234 2608 342 2647 terit,
375 2618 485 2643 wenn
510 2620 553 2643 er
577 2619 646 2645 nur
671 2616 748 2644 erst
770 2608 968 2653 irgendwo
995 2608 1113 2643 Stand
1138 2609 1269 2644 hielte.

325 2655 359 2688 2.
403 2656 586 2690 consulem
616 2667 745 2691 meum.
788 2655 878 2689 Ern.
918 2654 1049 2697 tacite,
1094 2654 1182 2689 Sch.
1220 2657 1312 2691 Liin.
1348 2656 1539 2691 Lentulum
1570 2667 1698 2698 meum,

235 2699 430 2735 consulem.
466 2702 641 2739 Weiskio
675 2702 857 2738 consulem
886 2701 1072 2746 glossema
1097 2701 1307 2741 videbatur.
1340 2702 1415 2737 ΟΒ.
1450 2722 1495 2730 -
1542 2701 1622 2749 hic,
1662 2703 1699 2738 in
