1795 3043
571 54 886 102 EPISTOLA
934 53 1084 100 ceu.
1497 59 1564 109 47

97 170 376 213 mehercules.
436 169 556 211 Nihil
592 181 776 220 unquam
816 168 929 207 enim
968 168 1056 207 tam
1093 167 1265 218 praeter
1300 165 1561 219 opinionem,

98 232 185 270 tam
214 228 327 280 quod
354 227 573 268 videretur
603 227 797 266 omuibus
828 225 1060 277 indignum,
1093 224 1264 264 accidit.
1327 225 1438 272 Quin
1471 238 1561 278 ego,

97 299 229 338 quum
268 298 347 337 pro
386 285 576 325 amicitia
614 283 872 324 validissime
911 284 1098 322 faverem
1137 283 1176 321 ei
1207 284 1249 322 et
1287 295 1353 323 me
1393 284 1479 323 iam
1511 283 1564 323 ad

98 343 326 384 dolendum
356 353 694 394 praeparassem:
732 342 953 393 postquam
982 340 1142 379 factum
1172 341 1256 387 est,
1290 340 1491 393 obstupui
1521 342 1565 380 et

98 401 206 441 mihi
233 401 348 442 visus
388 413 479 440 suni
509 402 656 451 captus
696 411 799 439 csse.
859 397 969 445 Quid
1007 396 1112 436 alios
1150 397 1300 448 putas?
1360 397 1565 438 Clamori-

99 458 179 499 bus
217 457 384 498 scilicet
426 457 618 496 maximis
656 455 821 495 iudices
865 454 1163 506 corripuerunt
1204 456 1246 493 et
1285 456 1564 496 ostenderunt

99 517 228 568 plane
259 527 361 561 esse,
391 514 504 564 quod
532 514 635 554 ferri
665 525 748 552 non
780 513 931 564 posset.
988 513 1138 562 itaque
1167 511 1343 552 relictus
1372 514 1466 566 lege
1494 512 1564 552 Li-

103 573 240 619 cinia,
284 571 443 612 maiore
482 583 570 610 esse
610 571 803 622 periculo
833 569 1010 610 videtur.
1069 569 1263 608 Accessit
1301 570 1408 617 huc,
1451 570 1564 621 quod

101 628 307 681 postridie
344 628 435 667 eius
476 627 781 668 absolutionem
820 626 864 666 in
904 627 1114 666 theatrum
1145 625 1342 666 Curionis
1380 628 1566 667 Horten-

103 688 190 726 sius
211 686 397 734 introiit,
422 687 525 737 puto
563 687 610 725 ut
640 698 761 725 suum
791 683 991 737 gaudium
1020 683 1308 736 gauderemus.
1369 684 1454 724 Hic
1484 683 1566 725 tibi

159 757 395 806 Strepitas,
424 754 655 805 fremitus,
701 757 868 794 clamor
916 756 1155 793 tonitruum
1196 759 1240 792 et
1278 753 1508 793 rudentum

749 812 911 852 sibilas.

103 880 198 920 Hoc
227 879 359 932 magis
387 877 725 919 animadversum
757 880 834 926 est,
867 877 977 929 quod
1007 878 1195 916 intactus
1215 891 1240 917 a
1261 876 1388 917 sibilo
1417 890 1567 929 perve-

105 938 226 977 nerat
263 937 516 976 Hortensius
555 935 607 975 ad
645 937 924 976 senectutem:
964 934 1035 974 sed
1067 936 1157 973 tum
1187 935 1248 975 ita
1278 934 1411 982 bene,
1443 938 1491 976 ut
1519 936 1566 975 in

102 995 237 1034 totam
272 994 402 1034 vitam
442 993 581 1033 cuivis
620 994 722 1032 satis
762 994 871 1032 esset
911 993 952 1031 et
990 993 1229 1042 poeniteret
1269 1004 1365 1031 eum
1393 993 1479 1032 iam
1508 993 1570 1033 vi-

105 1052 225 1093 cisse.
284 1051 348 1091 De
377 1063 424 1090 re
453 1049 630 1102 publica
659 1049 770 1101 quod
800 1049 881 1090 tibi
911 1048 1109 1096 scribam,
1141 1048 1419 1090 nihilhabeo.
1450 1049 1565 1090 Mar-
1587 1058 1616 1096 2

105 1225 149 1233 —
177 1206 271 1240 Vide
294 1206 414 1246 modo,
439 1204 612 1238 bedenke
638 1215 725 1248 nur,
750 1203 826 1238 wie
859 1204 1011 1249 gijnstig
1043 1205 1116 1239 ihm
1143 1206 1206 1240 die
1231 1206 1449 1242 offemliche
1473 1207 1571 1242 Mei-

106 1263 208 1295 nung
238 1262 318 1286 war
348 1262 396 1285 Ξ
425 1251 471 1285 da
498 1251 616 1285 siehst
655 1252 760 1286 Du's.
792 1270 838 1276 —
875 1252 1088 1293 indignum,
1126 1253 1497 1288 unverantwortlich.
1525 1273 1571 1280 —-

105 1310 214 1343 quum
237 1309 285 1331 =
308 1298 541 1341 ungeachtet.
567 1316 611 1321 -
636 1302 669 1330 et
692 1308 803 1331 me...
824 1308 1118 1341 praeparassem,
1144 1300 1220 1333 und
1244 1301 1342 1334 mich
1367 1301 1481 1333 sehon
1508 1301 1575 1334 auf

107 1346 193 1379 eine
214 1344 431 1378 Condolenz
456 1344 596 1387 gcsasst
620 1344 790 1386 gemacht
813 1344 926 1377 hatte.
952 1363 996 1368 —
1021 1349 1148 1388 captus
1172 1357 1259 1389 esse,
1285 1346 1360 1380 wie
1386 1347 1422 1379 in
1450 1346 1570 1380 einem

110 1392 236 1425 Garne
250 1390 454 1433 verfangen
473 1390 507 1423 d.
525 1389 548 1423 i.
566 1390 717 1424 bethort
734 1400 779 1423 zu
798 1390 888 1423 sein.
917 1390 971 1424 Zu
986 1398 1116 1435 captus
1131 1404 1209 1435 erg.
1225 1392 1345 1426 oculis
1361 1399 1398 1425 et
1416 1393 1569 1427 auribus

106 1449 154 1473 =
178 1437 283 1471 blind
304 1436 377 1470 und
404 1436 490 1469 taub
516 1437 604 1469 oder
627 1443 762 1478 mente,
788 1436 1123 1481 animozamens,
1146 1439 1338 1482 vei-ruem,
1355 1439 1571 1474 bezaubert.

105 1503 154 1510 —-
179 1484 274 1520 Quid
298 1483 393 1516 alios
417 1482 498 1515 scil.
524 1482 658 1515 fecisse
680 1484 817 1525 putas?
842 1502 885 1506 —
906 1484 1018 1526 plane
1042 1494 1129 1523 esse,
1162 1486 1257 1528 qaod
1279 1497 1325 1518 ...--
1350 1491 1389 1518 ut
1416 1486 1455 1520 id
1487 1491 1572 1529 cet„

108 1531 175 1564 das
208 1530 419 1565 Verfahren
457 1528 525 1561 der
549 1528 708 1561 Richter
739 1528 793 1561 sei
820 1539 914 1572 ganz
940 1529 1007 1562 der
1031 1531 1122 1572 Art,
1158 1531 1243 1565 dass
1269 1543 1308 1564 es
1334 1543 1368 1565 u.
1397 1543 1425 1566 s.
1453 1544 1500 1566 W.
1526 1551 1572 1557 -—

110 1577 259 1611 relictas
293 1576 374 1617 lege
407 1574 557 1608 Licinia
601 1575 706 1617 (Ern.
738 1574 817 1616 legi
842 1575 1040 1618 Liciniae),
1082 1577 1176 1610 nach
1219 1577 1286 1611 der
1324 1578 1389 1611 lex
1423 1578 1574 1612 Licinia

109 1624 214 1657 einer
238 1633 358 1656 neuen
378 1621 550 1664 Anklage
576 1621 678 1655 bloss
704 1621 857 1665 gestellt
883 1623 970 1655 oder
995 1622 1062 1656 der
1088 1623 1152 1656 lex
1176 1623 1326 1657 Licinia
1349 1636 1423 1658 nun
1450 1625 1574 1670 preis-

107 1669 278 1714 gegeben
305 1670 348 1712 (s.
376 1679 432 1711 ep.
468 1668 625 1709 CCVI.)
674 1668 750 1701 Die
776 1679 859 1701 vom
891 1669 1029 1702 Consul
1062 1669 1233 1704 Licinius
1270 1671 1426 1706 Crassus
1458 1683 1575 1716 gege-

105 1717 203 1750 bene
229 1716 293 1748 lex
317 1715 364 1748 de
390 1713 576 1748 sodalitiis
599 1714 701 1747 hatte
726 1715 927 1756 vei-boten,
954 1715 1034 1748 sich
1061 1726 1119 1749 um
1145 1716 1206 1750 die
1231 1716 1409 1751 Stimmen
1434 1729 1576 1762 ganzer

105 1763 315 1805 Innungen,
339 1760 639 1804 Corporationen
663 1761 738 1795 und
762 1761 992 1795 Pobelclubs
1017 1762 1134 1795 durch
1162 1763 1502 1809 Geldaustheilung
1525 1776 1574 1799 zu

107 1809 324 1844 bewerben.
372 1807 491 1840 Diese
524 1807 590 1840 lex
622 1818 702 1840 war
736 1807 818 1841 dem
843 1808 1106 1852 Aiigeklagten
1138 1810 1396 1853 surchfflarer,
1430 1812 1485 1846 als
1511 1811 1574 1846 die

108 1853 357 1898 lexPompeii
382 1853 428 1886 de
451 1853 602 1892 ambitu,
638 1854 731 1887 nach
755 1855 922 1888 welches
947 1865 1028 1888 man
1055 1854 1117 1888 ihu
1144 1856 1344 1890 diessmahl
1370 1859 1576 1902 angeklagt

108 1903 224 1935 hatte.
272 1901 383 1934 Denn
420 1899 505 1933 iene
538 1900 609 1943 gab
642 1900 723 1933 dein
758 1901 902 1944 Kliiger
937 1901 1000 1934 das
1040 1901 1163 1935 Recht
1199 1903 1262 1936 die
1288 1904 1465 1947 Richter,
1506 1916 1574 1938 aus

109 1948 280 1982 welchen
319 1946 479 1980 Ziinften
505 1957 547 1979 er
571 1947 721 1989 wollte,
757 1947 876 1981 selbst
911 1958 956 1981 zu
993 1959 1182 1982 ernennen
1218 1951 1401 1992 (editicios
1434 1951 1576 1985 iudices

109 1995 237 2037 edere)
264 1993 409 2027 welche
433 1992 500 2026 der
525 1993 763 2036 Angeklagte
786 1993 890 2028 nicht
912 1995 1123 2028 verwersen
1150 1995 1340 2040 (reiicere)
1366 1997 1502 2032 durfte.
1529 2016 1576 2025 -·-

109 2042 250 2074 maiore
281 2050 355 2073 esse
374 2039 542 2083 periculo
567 2041 712 2073 viclelar
737 2040 759 2074 i.
789 2052 819 2074 e.
847 2041 1084 2074 accusabitur
1117 2041 1163 2075 de
1189 2043 1327 2076 ambitu
1359 2044 1446 2087 lege
1470 2043 1576 2079 Lici-

108 2087 170 2121 nia
194 2086 335 2121 maiore
359 2085 546 2130 pericu103
585 2086 725 2130 quippe
752 2098 846 2129 quac
869 2089 985 2122 multo
1012 2088 1185 2122 severior
1209 2096 1289 2122 erat
1315 2090 1411 2124 aliis.
1439 2110 1485 2115 —-
1510 2091 1575 2124 ab·

110 2134 338 2176 solutionem,
382 2132 481 2166 Crat.
510 2132 639 2166 Lamb.
668 2133 920 2168 absolutionis.
982 2135 1109 2168 Ueber
1130 2137 1313 2178 postridie
1338 2148 1368 2170 c.
1397 2137 1512 2180 genit.
1542 2148 1570 2171 S.

110 2181 258 2214 Ramsh.
286 2180 315 2222 §.
343 2180 423 2220 115,
450 2179 518 2221 IV,
545 2180 576 2213 2.
604 2191 634 2213 c,
662 2187 821 2213 accusat.
851 2180 996 2214 Grotef.
1025 2182 1053 2225 §.
1084 2182 1163 2216 226.
1190 2183 1298 2217 Anin.
1326 2183 1365 2216 in
1392 2183 1575 2217 theatrum

111 2237 143 2260 a.
171 2227 211 2260 C.
229 2225 430 2260 Scribonio
458 2225 622 2259 Curione
647 2225 683 2259 in
709 2226 858 2260 funebri
883 2227 1001 2271 patris
1028 2239 1181 2262 munere
1208 2236 1450 2264 exstructum.
1479 2229 1570 2266 Vid.

111 2284 170 2317 ep.
199 2272 399 2307 CLXVIII
424 2277 459 2304 et
487 2272 661 2307 CLXIX.
687 2292 731 2296 —
757 2274 988 2307 Hortensius.
1016 2273 1054 2308 S.
1084 2285 1129 2308 zu
1157 2287 1214 2319 ep.
1245 2275 1320 2318 CC,
1346 2276 1378 2310 2.
1408 2295 1451 2300 —
1477 2280 1517 2309 ut
1540 2286 1569 2310 8.

108 2329 149 2361 g.
176 2319 430 2360 gauderemus,
457 2317 570 2351 demit
587 2318 658 2351 wir
684 2330 751 2352 uns
775 2319 900 2353 seiuer
916 2321 1065 2354 Frende
1090 2321 1263 2355 erfreuen
1290 2323 1446 2365 sollten3
1473 2323 1571 2356 deun

111 2376 153 2398 er
179 2365 279 2397 hatte
303 2364 367 2397 ihn
390 2364 444 2396 als
474 2365 734 2399 iniitterlicher
760 2366 885 2408 Onkel
910 2366 975 2399 mit
1002 2367 1126 2401 Glnck
1150 2368 1391 2412 vei-theidigt.
1444 2368 1571 2403 Ueber

110 2411 291 2454 gaudiam.
320 2410 483 2451 gaudere
512 2421 542 2443 s.
575 2411 726 2445 Ramsii.
757 2413 785 2455 §.
820 2413 898 2454 132,
926 2415 958 2456 l,
990 2424 1021 2447 a.
1055 2425 1091 2447 u.
1118 2414 1151 2448 2.
1187 2414 1331 2449 Grotef.
1364 2416 1391 2458 §.
1419 2415 1497 2449 214.
1524 2434 1572 2441 —

112 2458 184 2491 Hic
210 2457 278 2490 tibi
303 2456 382 2490 scil.
410 2463 565 2490 exortus
591 2463 658 2491 est.
713 2458 836 2492 Ueber
862 2460 926 2493 das
951 2460 1133 2503 pleonast.
1161 2462 1232 2494 tz'bz'
1255 2461 1406 2494 Ramsli.
1433 2463 1461 2506 ξ.
1488 2462 1568 2497 119.

113 2521 159 2528 —-
182 2503 412 2546 Strepitus...
439 2502 580 2537 sibilus.
629 2504 768 2538 Diescr
785 2506 904 2538 troch.
930 2507 1165 2550 septenarius
1191 2507 1335 2540 scheint
1359 2517 1423 2541 aus
1449 2507 1571 2542 einem

113 2549 300 2593 Tragiker
345 2548 512 2582 entlehnt
551 2559 596 2582 zu
626 2551 717 2584 sein.
752 2570 797 2576 —
827 2553 909 2586 Hoc
941 2553 1068 2595 (ablat.
1107 2552 1145 2587 S.
1185 2553 1218 2587 d.
1254 2553 1343 2596 solg.
1374 2554 1438 2588 ΒΥ.
1471 2555 1498 2597 §.
1521 2555 1569 2597 1.)

113 2596 237 2638 magis
268 2595 377 2628 anim.
404 2598 474 2636 est,
509 2594 574 2629 das
604 2595 668 2629 fiel
701 2608 758 2630 um
785 2609 825 2631 so
851 2598 999 2632 steirker
1033 2600 1105 2634 auf.
1131 2619 1174 2624 -
1200 2600 1254 2632 ita
1289 2600 1373 2632 bene
1403 2611 1424 2633 a
1456 2600 1569 2634 sibilo

113 2646 230 2674 tactus
257 2648 324 2684 est,
343 2640 475 2675 wurde
499 2651 539 2673 er
565 2652 605 2676 so
626 2642 806 2677 reichlich
831 2645 1078 2688 ausgezischt.
1107 2665 1149 2671 —-
1181 2646 1311 2679 vicisse
1336 2645 1358 2680 i.
1385 2657 1415 2680 e.
1442 2647 1571 2681 mallet

113 2687 286 2721 clientem
311 2698 416 2721 suum
449 2687 574 2730 potius
597 2692 707 2722 caiisa
731 2690 932 2734 cecidisse,
966 2702 1074 2735 quam
1100 2703 1140 2726 se
1163 2698 1321 2737 propter
1348 2691 1427 2729 eius
1459 2693 1569 2730 abso-

113 2732 290 2768 lutionem
315 2733 370 2769 sic
394 2733 602 2768 exsibilari.
633 2735 738 2770 SCH.
