1795 3043
218 47 320 95 490
492 45 559 91 Μ.
594 45 648 90 Τ.
687 43 1029 92 CICERONIS
1062 45 1435 95 EPISTOLAE.

218 155 303 196 Sed
332 158 470 198 tamen
492 156 676 196 hominis
705 157 786 197 hoc
814 157 949 211 ipsum
976 156 1101 211 probi
1142 159 1222 199 est·
1272 171 1468 212 magnum
1497 162 1559 201 est
1588 162 1663 213 [ez]

215 213 296 251 τῶν
315 210 641 253 πολιτικωτάτων
668 212 922 268 σκεμμάτων,
951 214 1257 256 veniendumne
1285 189 1364 256 sito
1370 217 1412 256 in
1443 218 1664 258 consilium
1757 221 1763 275 ῐξ

216 271 408 324 tyranni,
440 271 476 312 si
505 272 542 312 is
562 272 709 322 aliqua
737 271 789 312 de
805 284 852 313 re
867 272 978 313 bona
1007 272 1315 314 deliberaturus
1334 274 1401 316 sit.
1423 296 1481 303 —-
1518 275 1668 328 Quare,
1757 270 1764 292 ³⁴

215 328 253 368 si
281 328 381 379 quid
410 328 611 369 eiusmodi
640 330 851 382 evenerit,
898 332 945 370 ut
985 342 1264 371 arcessamur:
1304 352 1360 360 --
1415 331 1526 383 quod
1556 331 1670 382 equi-

216 384 310 424 dem
348 397 433 425 non
473 398 597 427 curo:
646 387 747 437 quid
785 388 895 427 enim
931 400 1062 428 essem
1092 386 1144 426 de
1173 399 1278 440 pace
1307 387 1520 440 dicturus,
1559 388 1668 438 dixi,

214 441 306 493 ipse
341 442 463 483 valde
502 443 759 496 repudiavit:
798 465 855 473 --
911 443 983 484 sed
1019 446 1184 492 tamen,
1236 445 1271 484 si
1311 444 1412 495 quid
1450 444 1670 497 acciderit,

213 498 318 549 quid
348 512 518 541 censeas
547 500 653 540 mihi
681 501 946 549 faciendum,
986 503 1137 554 utique
1166 501 1357 543 scribito.
1411 501 1530 543 Nihil
1561 502 1672 542 enim

212 555 323 595 mihi
352 557 489 598 adhuc
519 557 692 605 accidit,
745 558 856 610 quod
886 559 1058 600 maioris
1087 558 1255 600 consilii
1285 559 1407 600 esset.
1465 559 1668 607 Trebatii,

213 610 330 652 boni
357 614 442 654 viri
484 618 525 655 et
567 615 695 662 civis,
744 615 886 655 verbis
921 619 964 655 te
1001 616 1160 669 gaudeo
1190 615 1464 657 delectatum:
1508 618 1668 667 tuaque

210 669 295 709 ista
334 671 484 711 crebra
518 668 765 724 ἐκφώνησις,
806 670 982 723 ύτέρευ,
1027 684 1094 712 me
1132 673 1221 713 sola
1265 672 1404 713 adhuc
1433 673 1671 713 delectavit.

212 725 380 767 Literas
410 730 503 769 tuas
532 730 805 769 vehementer
833 729 1053 781 exspecto,
1101 741 1203 780 quas
1233 730 1403 781 quidem
1432 729 1558 770 credo
1587 730 1672 770 iam

158 777 189 816 4
213 782 332 824 datas
351 797 454 826 esse.
512 787 577 826 Tu
607 798 703 826 cum
717 787 844 826 Sexto
862 786 1038 826 servasti
1057 786 1304 839 gravitatem
1326 786 1512 835 eandem,
1543 799 1670 839 quam

209 841 316 881 mihi
344 841 569 894 praecipis.
628 843 752 883 Celer
780 845 877 883 tuus
908 843 1106 883 dissertus
1133 844 1265 896 magis
1307 846 1391 892 est,
1440 857 1566 895 quam
1608 857 1670 884 sa-

208 897 346 948 piens.
406 899 470 939 De
505 900 749 952 iuvenibus,
799 912 906 952 quae
944 913 996 941 ex
1024 900 1167 942 Tullia
1203 900 1381 948 audisti,
1428 913 1529 942 vera
1558 903 1668 943 sunt.

207 954 266 996 Μ.
292 955 469 996 Antonii
502 956 638 1006 istud,
691 956 802 1009 quod
831 956 1008 1010 scribis,
1060 970 1146 998 non
1176 957 1284 998 mihi
1312 957 1480 998 videtur
1507 959 1594 999 tam
1621 970 1670 999 re

204 1079 271 1114 auf
293 1079 400 1114 einen
426 1080 618 1124 giitlichen
643 1080 862 1125 Vergleich.
895 1101 940 1107 —
986 1081 1267 1126 σκεμμάτων.
1319 1080 1384 1116 Sic
1408 1092 1506 1116 nunc
1531 1079 1671 1115 consti-

202 1126 363 1160 tuendus
388 1126 586 1161 videbatur
609 1127 714 1161 locus
737 1127 1006 1169 difficillimus,
1045 1127 1218 1172 proxime
1243 1127 1288 1160 ad
1313 1128 1400 1162 leet.
1425 1128 1503 1161 Md.
1549 1126 1669 1161 Nimi-

202 1183 285 1207 rum
310 1172 448 1207 verba·
489 1173 562 1207 Sed
594 1177 713 1207 tamen
748 1173 906 1206 hominis
930 1173 995 1206 hoc
1020 1175 1139 1217 ipsum
1158 1174 1269 1217 probi
1291 1177 1344 1207 est
1377 1173 1459 1208 scil.
1484 1173 1669 1208 actionem

202 1218 251 1253 de
285 1229 377 1271 pace
410 1219 623 1263 suscipere,
664 1219 855 1252 continent
888 1218 1005 1252 veluti
1038 1219 1310 1262 obiectionem,
1353 1219 1413 1253 cui
1437 1220 1668 1265 respondent

202 1265 416 1308 sequentia.
453 1266 534 1307 (At)
560 1274 736 1306 magnum
761 1264 944 1307 (difficilis
970 1266 1045 1306 res)
1071 1269 1124 1297 est
1149 1266 1211 1308 [et]
1239 1267 1380 1309 (unum)
1404 1279 1486 1300 των
1520 1268 1668 1301 πολιτ.

203 1324 267 1346 σκ.
296 1337 305 1345 .
325 1337 334 1345 .
354 1337 362 1345 .
413 1310 589 1345 Ceterum
615 1310 1002 1352 πολιτικωτάτων,
1034 1311 1134 1354 quod
1167 1311 1343 1344 maiorem
1369 1311 1480 1345 habet
1503 1311 1668 1345 auctori-

200 1361 335 1400 tatem,
368 1357 544 1401 praefero
570 1355 737 1401 positivo
764 1358 1034 1392 πολιτικωυ.
1072 1357 1270 1391 ORELLI.
1318 1360 1458 1394 πολιτ.
1489 1369 1552 1392 σκ.
1577 1356 1603 1392 i.
1630 1368 1664 1392 e.

199 1403 460 1447 quaestionum
502 1402 662 1438 maxime
703 1402 749 1436 ad
789 1413 865 1436 rem
905 1401 1092 1447 publicam
1134 1403 1423 1448 pertinentium,
1472 1403 1558 1437 eine
1600 1403 1668 1437 der

199 1452 373 1493 grossten
398 1449 626 1494 politischen
650 1449 821 1492 Fragen,
853 1449 1064 1493 Aufgaben.
1089 1468 1136 1475 —
1182 1461 1270 1484 curo
1295 1461 1340 1483 =
1365 1455 1469 1494 opto,
1496 1468 1539 1474 —
1587 1449 1669 1485 dira·

199 1495 378 1539 Caesari,
415 1496 454 1529 id
480 1495 581 1538 quod
607 1495 772 1529 narravit
795 1505 909 1540 supra
932 1506 991 1540 ep.
1011 1496 1090 1531 359.
1115 1514 1158 1520 —-
1207 1496 1305 1540 ipse,
1341 1497 1488 1531 Caesar.
1515 1514 1558 1521 —-
1605 1497 1669 1530 sed

199 1546 341 1586 tamen,
375 1553 451 1577 was
474 1541 567 1575 nach
594 1541 662 1574 der
677 1542 912 1576 Parenthese
934 1552 1006 1575 von
1031 1552 1207 1584 magnum
1224 1546 1277 1575 est
1301 1541 1358 1576 bis
1376 1541 1583 1586 repudiavit
1607 1543 1673 1577 auf

198 1587 274 1623 Sed
298 1593 418 1622 tamen
443 1587 491 1622 im
516 1588 603 1622 Ans.
628 1587 695 1621 des
720 1586 851 1622 Satzes
878 1588 972 1621 oder
995 1587 1092 1622 doch
1123 1589 1189 1622 aus
1215 1589 1250 1622 si
1273 1589 1361 1632 quid
1385 1589 1565 1622 eiusmodi
1587 1600 1667 1622 eve-

197 1635 296 1670 nerit
320 1634 616 1673 zuriickweiset,
648 1633 808 1677 kiindigt
832 1632 915 1667 hier
939 1633 1001 1667 die
1024 1634 1164 1678 Figura
1187 1635 1434 1679 Epanalepsis
1460 1645 1526 1677 an,
1566 1645 1666 1669 wor-

198 1683 295 1716 fiber
326 1693 356 1715 s.
381 1681 530 1716 Ramsh.
557 1682 586 1725 §.
612 1680 701 1722 206,
737 1679 796 1722 Β,
832 1681 865 1714 6.
915 1679 997 1713 Der
1024 1680 1190 1716 Verlauf
1218 1681 1285 1715 des
1324 1681 1668 1725 Hauptgedankens

198 1729 304 1762 ware
335 1728 416 1762 also
449 1727 534 1760 der:
577 1726 788 1769 „Indessen
831 1725 878 1758 ist
908 1725 1025 1768 grade
1063 1726 1187 1769 diess‚
1225 1736 1294 1761 zur
1323 1727 1569 1771 Herstellung
1599 1727 1667 1762 des

197 1774 382 1811 Friedens
413 1773 680 1816 beizutragen,
717 1772 779 1806 die
809 1771 951 1806 Pflicht
984 1771 1087 1806 eines
1121 1772 1259 1806 braven
1292 1771 1575 1817 Staatsbiirgers
1602 1800 1610 1808 .
1631 1799 1664 1808 ..

199 1822 345 1855 Darum
372 1821 547 1863 (Quare),
587 1819 702 1852 sollte
727 1818 796 1852 der
819 1818 900 1852 Fan
927 1817 1132 1861 eintreten,
1178 1818 1263 1853 dass
1288 1818 1348 1852 ich
1373 1818 1548 1853 desshalb
1571 1820 1666 1854 nach

200 1868 298 1903 Rom
324 1866 481 1900 berufen
507 1864 639 1898 wurde
665 1888 694 1898 ..
711 1864 808 1898 (ich
832 1875 920 1908 sage
947 1864 1031 1907 (sed
1057 1870 1177 1898 tamen
1201 1876 1248 1898 -.-.-
1271 1864 1453 1909 inquam),
1479 1866 1591 1900 sollte
1605 1865 1666 1900 ich

200 1914 295 1947 nach
321 1913 416 1946 Rom
441 1911 598 1945 berufen
623 1910 800 1954 werden,
846 1922 887 1945 so
920 1911 1093 1944 schreibe
1123 1911 1195 1945 mir
1225 1911 1323 1945 doch
1356 1911 1392 1945 ia
1426 1923 1460 1946 u.
1486 1922 1514 1947 s.
1541 1923 1588 1947 w.
1621 1931 1665 1939 ——

199 1960 311 1995 Nihil
336 1985 344 1993 .
367 1985 375 1993 .
395 1984 404 1992 .
430 1957 586 1991 maioris
611 1957 760 1990 consilii
783 1961 894 1999 esset,
935 1957 1031 1990 denn
1057 1957 1115 1991 bis
1140 1957 1231 1992 ietzt
1256 1958 1338 1991 hab’
1362 1957 1424 1992 ich
1448 1957 1546 1992 mich
1568 1958 1666 1992 noch

200 2007 238 2041 in
273 2005 422 2040 keinem
456 2003 775 2038 bedenklicheren
808 2004 912 2037 Falle
942 2003 1141 2037 befunden.
1175 2022 1221 2029 ·—
1267 2003 1457 2037 verbis-
1410 2016 1456 2023 -·
1480 2015 1665 2048 sermone,

199 2051 407 2095 colloquio.
439 2070 485 2075 --
533 2054 663 2093 tuaque
689 2076 697 2083 .
716 2050 1119 2084 ..delectavit.'1ua
1145 2050 1385 2091 exclamatio,
1417 2061 1490 2094 qua
1514 2050 1665 2095 saepius

198 2109 290 2133 usus
317 2107 398 2131 eras
424 2096 462 2131 in
487 2095 629 2140 literis,
662 2096 814 2148 ὑπέρευ,
845 2097 1018 2140 perbene!
1052 2102 1092 2130 ut
1116 2107 1237 2130 meum
1262 2096 1458 2130 consilium
1485 2096 1553 2141 tibi
1578 2108 1665 2142 per-

197 2145 352 2197 placere
377 2142 609 2187 significares
624 2167 635 2185 ,
659 2153 768 2176 unlce
792 2153 850 2176 me
865 2142 1077 2177 delectavit.
1103 2143 1209 2177 SCH.
1244 2142 1396 2176 Attikus
1420 2134 1568 2186 spickte
1584 2144 1663 2177 sein

199 2190 332 2226 Latein
351 2200 466 2234 gerne
486 2189 552 2222 mit
567 2189 718 2224 Griech.
730 2189 929 2232 Wortern,
962 2189 1133 2223 desshalb
1159 2188 1253 2222 auch
1270 2187 1348 2223 Cic.
1375 2188 1413 2222 in
1432 2189 1496 2223 ΒΓ.
1524 2200 1570 2223 an
1586 2189 1661 2224 ihu.

292 2249 325 2282 4.
358 2257 439 2280 cum
463 2246 571 2280 Sexto
604 2246 829 2288 Peducaeo,
872 2247 927 2280 als
959 2245 1071 2280 beide
1107 2246 1188 2280 dem
1223 2246 1339 2280 Gasar
1370 2256 1415 2279 zu
1449 2246 1544 2280 Rom
1580 2246 1665 2281 ihre

200 2295 449 2336 Aufwartung
473 2293 654 2327 machten.
677 2312 724 2318 —-
762 2293 956 2337 praecipis.
995 2292 1034 2327 S.
1063 2303 1121 2337 ep.
1140 2292 1286 2335 CCCL,
1311 2292 1333 2326 2
1358 2303 1393 2325 u.
1419 2292 1604 2337 CCCLX,
1629 2294 1661 2328 4.

201 2360 247 2368 —-
280 2341 386 2375 Celer
409 2343 512 2382 tuus,
543 2339 681 2373 amicus
706 2340 767 2374 vel
792 2339 951 2373 libertus
976 2338 1111 2382 Attici,
1153 2339 1220 2383 qui
1244 2338 1396 2383 negotia
1420 2337 1502 2372 eius
1526 2350 1665 2384 procu-

200 2388 320 2423 rabat.
351 2385 458 2421 SCH.
492 2403 535 2409 —
585 2385 640 2418 De
663 2386 853 2419 iuvenibus
874 2384 1131 2419 Ciceronibus.
1159 2404 1203 2411 —
1249 2386 1305 2419 M.
1331 2385 1489 2419 Antonii
1513 2385 1664 2419 omnino

201 2440 260 2468 est
284 2445 333 2467 ex
357 2431 558 2466 arbitraria
581 2437 618 2465 et
642 2432 766 2466 fallaci
791 2432 1035 2466 correctione.
1072 2430 1173 2467 Vide
1196 2441 1243 2465 ne
1260 2432 1410 2465 Marcus
1435 2431 1471 2466 h.
1498 2432 1521 2467 l.
1547 2432 1665 2476 signi-

201 2480 326 2515 ficarit
359 2479 533 2514 Quintum
567 2479 736 2513 fratrem,
779 2478 826 2511 de
862 2489 936 2521 quo
971 2477 1058 2511 item
1084 2478 1330 2523 αἰνιγματώδη
1366 2477 1544 2521 quaedam
1579 2484 1663 2512 sunt

201 2526 299 2561 infra
323 2525 394 2570 Ep.
416 2527 459 2559 11
486 2523 606 2559 initio.
641 2524 837 2557 ORELLI.
885 2524 938 2558 Er
973 2524 1074 2557 hatte.
1106 2523 1186 2557 sich
1218 2523 1410 2558 vielleicht
1441 2523 1507 2558 mit
1537 2524 1662 2559 seiner

201 2572 419 2613 Gemahssn,
457 2571 526 2606 der
551 2571 763 2605 Schwester
797 2570 862 2603 des
896 2569 1065 2613 Attikus,
1107 2569 1252 2604 wieder
1286 2571 1548 2614 iiberworsen,
1586 2570 1661 2605 und

201 2619 265 2653 die
288 2618 426 2663 iungen
443 2617 628 2653 Cicerone
652 2626 778 2650 waren
804 2626 871 2649 zur
889 2617 1138 2660 Aussohnung
1163 2617 1344 2651 abermals
1368 2617 1572 2651 behiilssich
1596 2628 1663 2662 ge-

202 2675 340 2701 wesen.
389 2662 760 2699 Wahrscheinlicher
785 2660 834 2696 ist
858 2672 898 2696 es
923 2661 1077 2706 iedoch,
1114 2663 1199 2697 dass
1224 2662 1304 2696 sich
1329 2662 1434 2697 diese
1459 2663 1578 2699 Stelle
1601 2664 1666 2697 auf

203 2710 275 2747 den
299 2711 450 2750 ‘Voifall
474 2710 643 2754 bezieht,
668 2709 737 2745 der
761 2719 819 2754 ep.
841 2708 1078 2753 CCCLXVI,
1104 2710 1126 2744 5
1149 2720 1205 2744 am
1224 2708 1331 2745 Ende
1355 2710 1526 2745 erw'ahnt
1548 2708 1663 2752 wird-
