1795 3043
567 37 883 87 EPISTOLA
928 37 1171 85 CCXCVI.
1505 44 1607 92 313

145 158 294 200 ventu:
325 155 377 198 de
404 153 618 206 triumpho
646 151 823 200 hortari,
855 151 1071 204 suscipere
1097 151 1242 204 partes
1270 163 1390 193 suas:
1420 163 1606 205 monere,

144 226 199 255 ne
228 215 325 255 ante
354 214 400 254 in
429 214 619 253 senatum
648 209 917 256 accederem,
949 221 1073 259 quam
1101 221 1189 249 rem
1221 209 1520 259 confecissem
1550 221 1606 250 ne

144 271 333 312 dicendis
363 268 578 311 sententiis
598 267 782 318 aliquem
801 265 1018 306 tribunum
1038 266 1282 306 alienarem.
1344 267 1452 315 Quid
1482 279 1608 319 quae-

143 328 234 369 ris?
304 329 352 368 In
393 329 474 367 hoc
509 323 649 365 officio
694 322 895 364 sermonis
930 322 1040 362 nihil
1078 323 1216 374 potuit
1256 336 1347 364 esse
1383 324 1605 376 prolixius.

144 385 209 425 De
238 397 285 424 re
314 384 486 437 publica
516 383 654 422 autem
683 381 746 421 ita
776 392 941 420 mecum
963 379 1131 419 locutus
1160 381 1236 430 est,
1266 382 1389 432 quasi
1418 393 1502 422 non
1533 381 1608 422 du-

145 440 262 482 bium
291 442 450 482 bellum
479 438 741 480 haberemus.
800 436 918 478 Nihil
947 436 1000 476 ad
1029 448 1145 487 spem
1178 438 1448 479 concordiae:
1479 439 1607 491 plane

3 472 9 527 i
144 499 269 539 illum
297 499 349 539 ab
380 511 423 538 se
453 497 707 541 alienatum,
758 506 885 545 quum
927 495 1024 533 ante
1060 493 1340 546 intelligeret,
1385 497 1475 535 tum
1504 507 1605 536 vero

144 555 335 609 proxime
363 554 587 595 iudicasse:
620 550 785 592 venisse
809 549 993 591 Hirtium
1023 563 1048 590 a
1078 550 1270 602 Caesare,
1299 551 1373 602 qui
1404 554 1511 593 esset
1538 552 1607 592 illi

144 612 512 659 familiarissimus,
553 609 607 650 ad
641 620 686 649 se
725 619 810 648 non
851 607 1096 648 accessisse:
1127 609 1190 655 et,
1229 620 1358 659 quum
1393 610 1468 650 ille
1497 622 1536 651 a.
1567 608 1607 650 d.

145 682 244 709 vlu.
277 670 375 709 Idus
404 665 625 708 Decembr.
657 665 823 717 vesperi
842 665 1037 717 venisset,
1066 664 1224 705 Balbus
1255 665 1306 705 de
1335 667 1423 706 tota
1447 678 1493 707 re
1509 679 1608 706 con-

144 725 349 766 stituisset
377 738 412 765 a.
443 724 483 765 d.
512 735 593 765 vn.
624 722 676 763 ad
705 722 948 774 Scipionem
978 723 1075 762 ante
1104 723 1242 762 lucem
1273 724 1439 772 venire,
1475 724 1610 764 multa

145 782 197 823 de
226 784 350 822 nocte
381 793 475 821 eum
506 780 743 833 profectum
774 792 863 819 esse
893 779 947 820 ad
989 779 1222 821 Caesarem.
1290 780 1385 821 Hoc
1426 780 1492 821 illi
1521 793 1609 819 τεκ-

143 840 341 888 μηριῶδες
376 837 599 879 videbatur
634 849 724 876 esse
765 835 1047 876 alienationis.
1107 836 1216 883 Quid
1256 836 1424 880 multa?
1481 837 1603 879 Nihil
1631 836 1661 876 3

143 908 210 936 me
239 895 357 936 aliud
386 896 653 944 consolatur,
683 893 765 933 nisi
795 893 907 945 quod
935 893 1070 942 illum,
1101 893 1172 933 cui
1201 894 1327 934 etiam
1356 894 1520 936 inimici
1549 896 1612 935 al-

142 955 280 993 terum
311 953 588 999 consulatum,
620 952 792 990 fortuna
821 963 1021 990 summam
1047 950 1279 1002 potentiam
1308 951 1494 999 dederat,
1524 964 1611 993 non

144 1009 330 1050 arbitror
358 1011 449 1050 fore
477 1011 563 1049 tam
592 1009 823 1055 amentem,
866 1010 913 1047 ut
953 1007 1058 1047 haec
1088 1007 1132 1046 in
1161 1006 1386 1047 discrimen
1416 1007 1610 1049 adducat.

147 1067 266 1115 Quod
276 1068 309 1107 si
320 1078 443 1106 ruere
455 1064 657 1117 coeperit,
672 1076 752 1104 nae
762 1076 838 1116 ego
849 1065 980 1104 multa
993 1064 1138 1111 timeo,
1158 1076 1265 1115 quae
1274 1076 1356 1104 non
1366 1065 1498 1105 audeo
1509 1065 1612 1105 scri-

145 1122 262 1168 bere.
319 1122 417 1176 Sed,
438 1123 484 1164 ut
502 1133 615 1163 nunc
635 1122 711 1175 est,
734 1134 774 1164 a.
794 1120 831 1161 d.
856 1133 926 1162 111.
944 1119 1086 1162 Nonas
1101 1120 1191 1161 lan.
1212 1120 1265 1163 ad
1287 1121 1437 1164 urbem
1454 1123 1611 1177 cogito.

307 1249 623 1296 EPISTOLA
666 1247 905 1294 CCXCVI.
978 1249 1059 1307 (ad
1093 1249 1184 1295 Att.
1218 1248 1323 1295 VII.
1359 1251 1434 1311 5.)

376 1314 458 1349 scr.
485 1320 571 1359 post
605 1313 694 1348 Idus
719 1314 814 1353 Dec,
840 1314 886 1347 A.
913 1312 958 1348 U.
986 1314 1025 1348 C.
1055 1315 1131 1349 704.
1158 1315 1209 1359 (a.
1233 1315 1273 1349 c,
1299 1315 1373 1363 so.)

145 1381 399 1416 Invalitudinc
421 1381 539 1416 Attici
565 1388 601 1416 et
624 1381 747 1416 Piliae
772 1393 812 1416 se
838 1381 981 1417 moveri
1010 1382 1153 1417 scribit.
1204 1385 1235 1418 1.
1261 1383 1441 1418 Tironem
1467 1384 1610 1419 salvum

146 1429 246 1463 velle
270 1429 439 1463 affirmat.
489 1429 521 1462 2.
549 1428 595 1462 de
626 1428 741 1462 variis
774 1428 885 1462 rebus
917 1428 1072 1473 privatis
1110 1435 1146 1463 et
1170 1429 1217 1463 de
1242 1429 1378 1464 itinere
1403 1430 1548 1466 scribit.
1572 1433 1608 1467 3.

372 1480 547 1519 quantum
574 1474 620 1508 de
645 1486 686 1508 re
713 1474 866 1519 publica
889 1474 1035 1518 timeat,
1069 1475 1238 1531 exponit.
1265 1476 1389 1511 4-5,

642 1542 829 1577 CICERO
854 1543 1048 1578 ATTICO
1076 1543 1114 1579 S.

257 1601 413 1642 Multas
441 1613 525 1641 uno
555 1601 744 1653 tempore
775 1602 923 1654 accepi
953 1604 1152 1655 epistolas
1190 1605 1304 1645 tuas:
1349 1617 1457 1657 quae
1492 1604 1612 1657 mihi,

145 1670 395 1710 quamquam
437 1659 678 1698 recentiora
716 1658 937 1699 audiebam
976 1672 1028 1701 ex
1066 1661 1142 1709 iis,
1184 1661 1257 1712 qui
1293 1662 1345 1702 ad
1374 1675 1442 1702 me
1471 1662 1612 1704 venie-

147 1741 242 1770 tasse
266 1736 375 1770 Rom.
403 1737 514 1771 HerV.
532 1754 577 1760 —-
621 1736 664 1769 de
696 1736 878 1781 triumpho
912 1737 1075 1781 hortari,
1106 1745 1293 1773 munterte
1317 1740 1414 1774 mich
1439 1742 1518 1780 auf,
1552 1752 1612 1775 um

148 1783 219 1817 den
246 1782 427 1827 Triumph
451 1782 685 1816 anzuhalten.
730 1783 880 1817 Ramsh.
907 1785 934 1827 §.
951 1786 1030 1827 168,
1046 1786 1080 1820 5.
1107 1785 1249 1820 Grotef.
1277 1788 1303 1830 §.
1323 1788 1402 1822 170.
1419 1807 1463 1813 —-
1495 1788 1611 1822 susci-

143 1839 232 1873 pere
252 1832 350 1873 part.
376 1839 428 1871 s.,
455 1829 657 1872 versprach
683 1828 770 1871 mir,
796 1829 860 1862 das
886 1829 1040 1874 Seiuige
1066 1831 1176 1866 dabei
1201 1843 1246 1866 zu
1273 1833 1373 1868 thun.
1391 1853 1431 1858 --
1469 1835 1609 1869 acced..

149 1875 204 1909 Er
229 1875 340 1908 sollte
365 1875 444 1908 also
469 1885 538 1907 vor
563 1874 629 1907 der
654 1873 761 1908 Stadt
784 1876 957 1919 bleiben‚
996 1888 1056 1910 um
1082 1878 1184 1912 nicht
1208 1878 1274 1912 auf
1295 1879 1355 1913 die
1379 1879 1482 1913 Ehre
1506 1880 1612 1915 eines

149 1921 351 1964 Triumphs
376 1931 422 1954 zu
447 1920 673 1954 verzichten.
691 1939 736 1945 —
775 1922 869 1957 Quid
893 1924 1066 1966 quaeris?
1089 1924 1155 1958 mit
1181 1923 1300 1958 einem
1326 1927 1472 1960 VVorte.
1491 1946 1535 1952 —-
1572 1927 1612 1960 in

150 1966 217 2001 hoc
242 1968 302 2009 off.
432 1967 637 2011 prolia-im,
671 1978 711 2000 er
743 1968 842 2001 hatte
868 1969 947 2002 sich
972 1970 1065 2003 iiber
1091 1970 1218 2005 diesen
1244 1972 1366 2006 Punct
1400 1972 1502 2007 nicht
1528 1985 1613 2007 ver-

150 2013 362 2048 bindlicher
387 2013 460 2046 und
499 2013 770 2046 ausf'uhrlicher
802 2025 922 2058 gegen
958 2016 1055 2049 mich
1086 2017 1344 2052 herauslassen
1379 2018 1540 2054 konnen.
1567 2039 1613 2045 —

150 2060 206 2094 De
237 2070 277 2093 re
305 2059 476 2104 publica,
512 2060 605 2093 iiber
646 2059 708 2093 die
740 2060 844 2103 Lago,
877 2061 945 2094 der
974 2062 1180 2107 Republik.
1205 2083 1249 2088 —
1293 2064 1403 2098 Nihil
1437 2067 1485 2100 ad
1514 2077 1613 2111 spem

150 2116 269 2148 cona,
305 2116 349 2138 an
382 2106 491 2139 einen
523 2105 714 2149 gutlichen
752 2106 958 2150 Vergleich
993 2109 1047 2142 sei
1080 2120 1146 2153 gar
1181 2110 1283 2143 nicht
1308 2121 1353 2145 zu
1380 2110 1541 2147 denken.
1567 2131 1613 2137 ——

148 2152 259 2197 plane
272 2152 389 2194 illum,
417 2152 678 2186 Caesarem.—
700 2153 869 2196 proxime
883 2154 1078 2198 iudicasse,
1099 2156 1163 2189 das
1176 2157 1271 2190 habe
1288 2168 1328 2190 er
1340 2159 1516 2193 zuniichst
1527 2159 1612 2193 dar-

153 2208 217 2232 aus
241 2197 479 2241 eingesehen,
506 2198 758 2242 geschlossen,
784 2200 867 2233 dass
892 2200 1038 2239 Hirtius
1065 2213 1096 2235 u.
1114 2213 1142 2236 s.
1158 2213 1206 2236 w.
1227 2222 1270 2228 —-
1308 2204 1383 2248 illi,
1409 2205 1515 2239 Rom.
1540 2205 1614 2240 sibi

153 2244 294 2286 famil„
321 2250 360 2277 ut
383 2245 534 2278 volebat
556 2245 731 2279 Faernus.
770 2245 897 2280 Ueber
923 2247 1066 2281 Hirtius
1092 2258 1120 2282 s.
1148 2259 1193 2282 zu
1220 2261 1278 2294 ep.
1299 2251 1365 2285 720
1390 2250 1438 2285 im
1463 2253 1550 2286 Ans.
1570 2270 1612 2276 —

153 2293 188 2323 et
212 2289 335 2323 himer
357 2300 440 2323 non
465 2301 596 2324 access.
621 2303 668 2325 z
691 2291 770 2326 sed.
786 2311 828 2316 —
865 2306 955 2327 vm.
983 2294 1040 2327 Id.
1067 2294 1174 2337 Dec„
1202 2305 1257 2329 am
1283 2297 1315 2331 6.
1334 2297 1486 2331 Dec.—-
1518 2297 1613 2332 Bal-

155 2336 231 2369 buS.
265 2346 294 2369 s.
323 2345 368 2369 zu
394 2347 453 2379 ep.
471 2338 538 2372 339
564 2337 611 2371 im
627 2337 711 2370 Ans.
727 2357 772 2363 -—-
806 2350 840 2372 α.
868 2340 902 2373 d.
930 2350 1002 2375 vn.
1027 2351 1083 2373 am
1110 2342 1308 2376 7.Dec.--
1332 2344 1612 2388 adScipionem,

154 2380 327 2426 Pompeii
352 2392 583 2417 soce1·um.—
607 2384 721 2416 multa
738 2385 780 2418 de
797 2390 909 2425 nocte,
932 2386 1026 2419 noch
1052 2386 1088 2420 in
1107 2388 1232 2432 spater
1246 2389 1379 2423 Nacht.
1406 2389 1445 2424 S.
1462 2390 1611 2425 Ramsh.

155 2430 186 2472 §.
205 2429 285 2470 147,
304 2428 337 2461 2.
366 2427 504 2462 schulz
529 2430 556 2472 ἓ.
576 2431 655 2472 103,
675 2430 787 2463 15.-
817 2433 1143 2479 τεκμηριῶδες,
1171 2434 1232 2468 eiu
1256 2435 1384 2470 klares
1412 2436 1590 2470 Zeichen.

246 2477 281 2510 3.
309 2474 464 2507 alterum
482 2476 724 2517 consularium
749 2483 788 2510 ut
803 2478 958 2512 alterum
977 2480 1205 2514 consulatum
1224 2482 1355 2515 absens
1377 2488 1507 2526 petere
1524 2493 1613 2527 pos-

156 2526 226 2563 set,
247 2520 312 2553 scil
331 2520 479 2554 Caesar.
492 2520 611 2554 MAN
621 2521 698 2555 UT.
724 2523 812 2567 Erg.
835 2524 1077 2560 dederant.—
1103 2528 1262 2566 dederat,
1285 2528 1527 2562 Man.Lamb.
1547 2529 1608 2562 de-

157 2567 304 2601 derit—
328 2569 368 2599 ut
385 2591 394 2600 .
406 2591 414 2599 .
428 2566 595 2609 adducat,
613 2568 740 2602 solche
752 2570 950 2605 Vortheile
964 2573 1026 2606 auf
1041 2572 1101 2606 die
1114 2573 1357 2618 Spitzeeiues
1369 2575 1604 2618 ungewissen

159 2613 299 2647 Zusalls
324 2623 369 2646 zu
395 2619 532 2646 setzen.
572 2613 708 2647 Exitus
735 2615 825 2649 belli
851 2626 998 2661 semper
1023 2618 1156 2653 incerti
1183 2621 1275 2653 nach
1301 2632 1358 2665 ep.
1380 2620 1468 2664 294,
1492 2622 1525 2656 5.
1558 2635 1614 2657 am

159 2660 279 2693 Ende.
300 2677 344 2682 —
385 2669 507 2700 ruere,
533 2659 777 2704 losbrecheu,
810 2662 1044 2699 lossturmen.
1064 2684 1107 2689 —
1148 2676 1181 2699 α.
1209 2667 1243 2699 ‹l.
1272 2679 1339 2700 ιιι.
1364 2666 1492 2701 Nonas
1515 2670 1613 2713 Ian„

161 2716 216 2739 am
240 2707 272 2740 3.
290 2705 436 2739 Ianuar.
457 2725 496 2731 —
536 2705 584 2739 ad
608 2705 684 2740 urb.
711 2717 814 2751 cog„
840 2708 948 2743 denk'
972 2710 1032 2744 ich
1058 2722 1126 2746 vor
1150 2711 1217 2747 der
1243 2711 1350 2748 stadt
1374 2722 1421 2748 zu
1446 2714 1538 2750 sein.
