1795 3043
213 65 281 114 54
486 61 550 108 Μ.
586 60 641 106 Τ.
679 58 1021 108 CICERONIS
1055 60 1431 109 EPISTOLAE.

217 197 343 240 cyrae
383 183 556 226 dixisset
592 184 766 226 minimo
819 182 863 225 id
917 197 1020 234 esse¹
1045 184 1311 227 faciendum:
1354 187 1398 226 te
1444 182 1681 226 Laodiceae

218 246 309 284 fore
339 243 391 284 ad
421 255 558 284 meum
588 242 826 284 adventum.
886 242 992 283 Erat
1020 243 1063 283 id
1092 244 1197 284 mihi
1226 244 1357 284 multo
1378 242 1548 283 brevius
1576 243 1682 283 mul-

219 303 346 352 toque
377 300 657 352 commodius,
687 312 814 351 quum
842 300 1091 351 praesertim
1121 301 1163 340 te
1192 301 1253 342 ita
1282 301 1409 341 malle
1435 299 1681 340 arbitrarer.

169 361 194 399 4
221 358 313 399 Tua
342 357 452 398 ratio
481 359 628 409 postea
657 359 720 397 est
749 359 1016 398 commutata.
1075 357 1198 398 Nunc
1217 387 1229 406 ,
1271 358 1373 410 quid
1410 355 1504 397 fieri
1534 357 1681 409 possit,

217 416 263 455 tu
305 414 509 454 facillime
555 416 731 455 statues:
785 426 861 466 ego
900 414 980 455 tibi
1019 427 1158 454 meum
1197 415 1422 455 consilium
1461 426 1681 466 exponam.

217 472 362 514 Pridie
399 472 495 514 Kal.
540 473 689 514 Sextil.
736 472 839 524 puto
880 484 946 511 me
994 472 1228 513 Laodiceae
1279 473 1396 512 fore:
1445 482 1682 524 perpaucos

219 529 321 576 dies,
354 528 453 569 dum
484 528 668 582 pecunia
698 528 925 581 accipitur,
956 541 1063 581 quae
1093 529 1198 569 mihi
1230 541 1281 570 ex
1311 528 1487 582 publica
1516 541 1684 580 permu-
1789 551 1791 579 l

218 586 378 627 tatione
407 587 599 634 debetur,
633 586 935 627 commorabor.
992 586 1158 627 Deinde
1188 588 1273 627 iter
1299 587 1455 627 faciam
1483 585 1536 626 ad
1567 597 1685 626 exer·
1789 587 1791 610 V

219 644 374 695 citum,
404 645 452 683 ut
481 644 656 684 circiter
685 644 783 684 Idus
814 643 962 684 Sextil.
1000 646 1147 695 putem
1176 657 1243 684 me
1273 643 1326 684 ad
1356 643 1550 684 Iconium
1578 644 1684 684 sore.

220 700 305 742 Sed
326 701 361 740 si
385 701 486 752 quid
495 714 609 743 nunc
629 713 695 741 me
716 701 828 741 fallit
846 700 889 740 in
915 701 1152 748 scribendo,
1167 702 1378 753 —procul
1392 701 1504 741 enim
1516 699 1686 741 aberam

220 757 274 799 ab
312 770 360 798 re
397 758 490 811 ipsa
514 761 556 799 et
594 772 619 799 a
647 759 754 798 locis
781 779 839 787 -—-
868 758 992 797 simul
1019 771 1069 798 ac
1096 758 1295 810 progredi
1315 770 1520 811 coepero,
1558 769 1687 808 quam

220 815 445 856 celerrime
473 818 620 868 potero
652 817 694 855 et
725 827 848 867 quam
868 815 1138 855 creberrimis
1168 816 1304 855 literis
1333 815 1502 863 faciam,
1535 819 1581 854 ut
1603 813 1686 854 tibi

219 873 321 912 nota
351 873 406 912 sit
437 873 571 912 omnis
600 872 709 913 ratio
740 872 903 912 dierum
926 874 1051 924 atque
1070 873 1270 913 itinerum
1289 884 1491 913 meorum.
1535 871 1687 912 Oneris

219 927 301 968 tibi
331 929 546 981 imponere
576 942 655 970 nec
686 930 820 971 audeo
851 930 1082 982 quidquam
1112 942 1191 970 nec
1222 929 1367 969 debeo.
1430 929 1534 977 Sed,
1574 928 1687 980 quod

220 987 441 1028 commodo
473 989 544 1027 tuo
562 986 657 1028 fieri
686 987 832 1040 possit,
862 988 1082 1039 utriusque
1111 989 1302 1028 nostram
1323 986 1465 1039 magni
1492 987 1687 1036 interest,

224 1042 289 1096 [at
317 1051 359 1084 te
389 1045 556 1085 videam
587 1045 704 1097 ante]
716 1056 841 1096 quam
870 1045 1063 1087 decedas,
1112 1045 1244 1093 Quam
1272 1045 1520 1084 facultatem
1539 1043 1574 1083 si
1595 1043 1690 1094 quis

206 1110 344 1155 casus
375 1101 600 1152 eripuerit,
641 1114 733 1142 mea
762 1104 900 1142 tamen
932 1103 976 1142 in
1007 1104 1048 1142 te
1078 1102 1219 1141 omnia
1260 1101 1404 1142 officia
1435 1100 1688 1141 constabunt

219 1168 306 1197 non
335 1170 458 1198 secus
487 1172 538 1199 ac
580 1158 616 1198 si
645 1161 688 1198 te
724 1158 936 1199 vidissem.
994 1159 1092 1200 Tibi
1124 1159 1175 1199 de
1215 1158 1369 1199 nostris
1410 1158 1538 1198 rebus
1576 1157 1688 1196 nihil

218 1226 311 1254 sum
341 1216 439 1254 ante
477 1215 751 1256 mandaturus
789 1228 868 1268 per
897 1217 1068 1264 literas,
1110 1228 1237 1268 quam
1277 1216 1502 1268 desperaro
1544 1225 1688 1254 coram

169 1275 198 1317 5
222 1282 288 1310 me
327 1273 468 1312 tecum
507 1284 631 1324 agere
668 1285 802 1327 posse.
863 1273 983 1322 Quod
1013 1274 1055 1314 te
1085 1287 1110 1314 a
1140 1273 1346 1314 Scaevola
1384 1272 1538 1325 petisse
1568 1270 1689 1323 dicis,

225 1389 468 1435 Granatapsel
511 1394 627 1436 (σίδη)
663 1391 700 1427 in
735 1392 804 1428 der
837 1393 957 1428 Hand.
994 1412 1035 1418 —
1069 1394 1192 1437 itaque
1214 1404 1262 1429 Ξ
1287 1399 1323 1427 et
1357 1393 1408 1427 ita
1440 1392 1618 1436 fecissem.
1643 1410 1690 1419 —

223 1436 268 1472 L.
296 1437 461 1474 Clodius.
498 1438 536 1473 S.
573 1450 632 1482 ep.
663 1440 841 1483 CXCIV,
869 1443 900 1474 1.
928 1458 973 1465 —-
998 1439 1214 1474 Laodiceae.
1264 1440 1359 1474 Hier
1384 1440 1432 1473 ist
1458 1439 1519 1473 die
1544 1440 1690 1484 Haupt-

223 1483 323 1517 stadt
347 1495 420 1517 von
448 1484 755 1530 Grossphrygien
782 1487 969 1530 gemeint‚
1004 1487 1108 1520 einer
1133 1486 1200 1519 dei·
1226 1487 1523 1530 angesehensten
1549 1485 1691 1520 Asiati-

222 1530 336 1564 schen
368 1531 661 1575 Handelsplatze
695 1532 769 1565 und
799 1542 845 1565 zu
881 1532 1045 1567 Cicero‘s
1076 1532 1243 1568 Provinz
1280 1533 1453 1577 geborig.
1480 1551 1525 1558 —
1555 1533 1604 1566 ad
1639 1544 1686 1567 m.

222 1575 321 1621 adv„
347 1587 406 1610 um
431 1577 491 1611 die
517 1577 601 1611 Zeit
623 1577 767 1612 meiner
792 1577 974 1613 Ankunst.

315 1623 347 1657 4.
397 1627 460 1657 tua
488 1624 612 1668 ratio,
639 1624 726 1658 dein
751 1624 858 1658 Plan.
887 1643 932 1650 --
962 1623 1094 1659 Pridie
1117 1623 1209 1658 Kal.
1236 1624 1347 1664 Sext„
1374 1624 1446 1658 den
1469 1625 1526 1660 31.
1556 1624 1690 1660 Iulius.

223 1666 301 1702 Sic.
328 1668 446 1714 Neap.
475 1670 582 1707 Vict.
609 1671 642 1705 2.
678 1670 805 1705 Lamb.
835 1671 1071 1714 Marc-Lag.
1095 1675 1249 1715 propter
1273 1671 1349 1705 Md.
1377 1672 1485 1713 male,
1511 1677 1551 1705 ut
1575 1672 1688 1714 solet,

225 1715 416 1758 explicato
451 1717 674 1761 compendio
706 1717 785 1752 PR.
817 1728 933 1761 prope
963 1718 1058 1750 mala
1090 1718 1188 1752 coni.
1221 1721 1307 1751 Asc.
1336 1719 1366 1751 l.
1404 1718 1491 1751 Ald.
1525 1717 1629 1754 Vict.
1656 1719 1690 1751 l.

225 1761 362 1796 Graev.
388 1763 478 1797 ΕΓΗ.
505 1762 592 1797 Sch.
618 1764 712 1797 Lun.
742 1763 939 1797 ORELLI.
986 1763 1092 1799 Naeh
1116 1775 1172 1808 ep.
1201 1764 1357 1805 CCVII,
1385 1766 1415 1797 1.
1443 1764 1527 1797 kam
1553 1764 1690 1799 Cicero

226 1807 405 1842 wirklich
434 1809 560 1854 pridie
590 1810 683 1845 Kal.
715 1809 813 1844 Sext.
836 1821 881 1844 zu
916 1809 1106 1844 Laodicea
1137 1810 1174 1843 in
1199 1810 1395 1855 Plirygien
1428 1821 1485 1843 an.
1509 1829 1554 1835 —-
1583 1821 1689 1854 perp.

225 1853 316 1888 dies.
337 1855 411 1889 Md.
433 1855 535 1891 Vict.
555 1858 586 1890 1.
599 1868 669 1900 per
684 1866 835 1900 paucos,
852 1857 942 1890 ΕΓΗ.
961 1857 1183 1900 Marc-Lag.
1203 1855 1288 1890 Sch.
1306 1857 1399 1890 Liin.
1423 1856 1478 1890 ibi
1488 1867 1692 1900 perpaucos

224 1910 275 1932 ex
291 1901 450 1944 antiquo
467 1903 592 1946 suppl.
618 1902 681 1936 ubi
692 1913 797 1948 perp.
814 1903 883 1937 Ed.
903 1903 1004 1937 1584.
1027 1903 1100 1936 ΟΒ.
1116 1922 1161 1927 —-
1174 1903 1259 1937 dam
1273 1903 1428 1946 pecunia
1448 1909 1532 1946 cet„
1549 1902 1605 1936 bis
1626 1902 1691 1936 das

225 1945 325 1980 Geld
351 1949 569 1991 ausgezahlt
594 1948 662 1992 ist,
696 1949 862 1983 welches
897 1949 957 1983 ich
983 1950 1049 1982 auf
1078 1948 1163 1982 eine
1187 1949 1419 1993 Anweisung
1445 1949 1512 1983 der
1537 1948 1692 1983 Schatz-

222 1992 389 2028 kammer
422 2005 468 2028 zu
503 1995 667 2029 erheben
707 1996 813 2029 habe.
846 2014 891 2021 --
937 1996 1088 2029 circiter
1118 1996 1177 2029 Id.
1212 1995 1356 2035 Sextil„
1389 2007 1510 2039 gegen
1537 1995 1609 2029 den
1635 1998 1689 2030 13.
1750 2035 1751 2038 Ἴ
1788 2000 1792 2036 ζ

226 2041 384 2082 August.
409 2040 447 2075 S.
472 2041 621 2075 Ramsh.
649 2043 677 2086 §.
704 2044 784 2084 137,
809 2043 841 2076 4.
870 2042 1014 2076 Grotef.
1036 2043 1066 2084 §.
1084 2042 1165 2076 226.
1192 2060 1237 2067 --
1261 2042 1439 2085 Iconium,
1466 2042 1693 2085 Hauptstadt
1787 2045 1789 2051 '

227 2096 298 2118 von
332 2086 570 2132 Lycaonien,
604 2088 724 2122 einem
756 2088 892 2122 Theile
924 2099 997 2121 von
1029 2088 1194 2123 Cicero's
1228 2087 1582 2122 Statilialteischaft.
1625 2087 1691 2123 Sie

225 2130 274 2165 ist
306 2133 402 2165 noch
438 2133 530 2168 ietzt
556 2140 664 2169 unter
689 2134 771 2168 dem
807 2135 948 2170 Namen
972 2134 1127 2169 Kaniah
1152 2135 1244 2167 oder
1272 2135 1394 2176 Cogm'
1417 2134 1478 2168 die
1503 2134 1692 2168 Residenz

226 2177 329 2212 eines
355 2179 509 2214 Pascha.
536 2199 580 2207 —-
609 2181 644 2214 si
668 2182 755 2225 quid
780 2193 874 2214 nunc
898 2192 953 2214 me
977 2181 1060 2223 fall.
1086 2182 1126 2214 in
1150 2181 1282 2222 scrib„
1308 2181 1421 2214 sollte
1443 2180 1523 2214 sich
1548 2180 1584 2213 in
1611 2180 1692 2214 die-
1746 2220 1748 2223 v
1783 2211 1795 2217 ,

225 2234 302 2257 sem
326 2225 470 2269 Plane,
508 2226 579 2260 den
605 2227 666 2262 ich
691 2238 756 2261 aus
783 2228 850 2261 der
875 2228 997 2262 Ferne
1022 2227 1095 2261 Dir
1120 2227 1314 2269 schieibe,
1349 2227 1408 2260 ein
1435 2227 1597 2261 Irrthum
1622 2226 1692 2260 fin-

225 2271 312 2304 den.
340 2290 382 2296 —
408 2273 503 2316 quod
528 2284 655 2307 comm.
681 2277 707 2308 t.
733 2275 815 2316 fieri
838 2285 949 2317 pos-su,
974 2273 1012 2307 in
1038 2274 1164 2307 sosern
1190 2284 1229 2306 es
1254 2273 1319 2306 mit
1344 2273 1489 2307 Deiner
1505 2273 1692 2316 Bequem-

162 2340 165 2343 -
225 2317 382 2351 lichkeit
413 2320 624 2362 geschehen
661 2331 754 2364 mag.
793 2321 919 2355 Ueber
953 2320 1048 2364 quod
1082 2331 1109 2354 s.
1135 2319 1282 2353 Ramsh.
1315 2320 1342 2362 ᾗ.
1370 2320 1447 2354 182.
1482 2319 1570 2354 Not.
1598 2321 1630 2353 l.
1655 2319 1690 2353 b.

226 2363 375 2399 Grotes.
402 2366 428 2409 §.
448 2367 528 2401 393.
561 2386 599 2391 —
626 2366 785 2400 interest.
812 2366 961 2402 Ramsh.
987 2367 1104 2410 §.114
1133 2366 1279 2400 Grotes.
1307 2367 1481 2409 §.240.—
1505 2370 1544 2398 ut
1562 2369 1595 2399 te
1615 2365 1690 2399 vid.

224 2414 308 2442 ante
334 2417 401 2445 cet.
430 2423 478 2445 ex
502 2412 655 2455 antiquo
682 2413 802 2457 suppl.
831 2413 965 2447 Graev.
983 2413 1073 2447 Ern.
1100 2413 1321 2455 Ma1·t.-Lag.
1340 2413 1425 2447 Sch.
1444 2412 1537 2446 Liin.
1562 2411 1694 2453 magni

228 2456 267 2489 in
293 2460 325 2490 te
350 2469 457 2502 quam
481 2459 651 2492 decedam
676 2459 761 2503 (sic)
781 2459 857 2493 Md.
883 2459 1014 2501 magni
1037 2459 1199 2502 interest,
1221 2460 1327 2502 prius
1355 2463 1391 2491 ul
1415 2462 1448 2492 le
1467 2458 1690 2496 conveniam,

227 2513 335 2545 qecam
367 2504 520 2538 decedas
555 2516 604 2539 ex
638 2506 713 2539 alio
746 2506 869 2550 suppl.
903 2506 990 2539 Ald.
1029 2506 1132 2541 Vict.
1166 2507 1196 2539 1.
1223 2505 1254 2539 2.
1289 2505 1414 2539 Lamb.
1445 2516 1492 2538 m.
1529 2504 1692 2546 interest,

222 2550 330 2592 prius
363 2552 640 2594 corzveiziaimcs,
675 2564 782 2596 quam
813 2552 965 2586 decedas
998 2562 1047 2585 ex
1081 2550 1156 2584 alio
1190 2552 1311 2596 suppl.
1340 2550 1428 2585 Cld.
1455 2550 1569 2593 Regii
1593 2550 1691 2583 Lall.

223 2597 354 2637 magni
378 2598 537 2637 interest,
565 2600 706 2642 quando
732 2599 893 2633 decedas.
942 2597 1083 2632 Bened.
1112 2598 1307 2632 ORELLI.
1334 2597 1476 2640 facult„
1502 2596 1690 2639 Moglieh-

222 2639 315 2683 keil,
344 2642 594 2688 Gelegeuheit
619 2644 726 2680 dazu.
755 2664 796 2670 —
823 2656 877 2678 me
903 2648 969 2679 tec.
996 2654 1057 2687 ag.
1082 2655 1209 2690 posse,
1240 2644 1297 2679 sie
1322 2643 1510 2678 miindlich
1535 2643 1600 2676 mit
1618 2642 1690 2676 Dir

220 2687 359 2720 abthun
387 2700 432 2723 zu
458 2691 620 2725 konnen.

315 2735 350 2767 5.
402 2736 571 2772 Quod...
598 2737 714 2781 dicis,
740 2748 818 2772 was
844 2737 969 2773 Deine
993 2737 1176 2781 Meldung
1200 2737 1345 2772 betrifft
1377 2738 1429 2779 (..
1445 2761 1453 2770 .
1479 2745 1521 2769 so
1546 2733 1689 2778 wisse).
