1795 3043
296 62 610 111 EPISTOLA
646 64 947 113 CCCLXXV.
999 66 1323 118 cchxxvl.
1445 74 1547 129 529

79 177 174 230 ipso
204 176 495 219 vehementius
524 177 780 226 commoret3
826 189 908 218 nec
937 178 1168 232 quidquam
1204 181 1288 224 nisi
1317 182 1370 225 de
1399 185 1543 241 digna-

75 235 193 275 {ione
222 234 405 276 laborat.
462 233 655 275 Melitam
683 234 834 286 igitur:
871 234 1047 289 deinde,
1076 250 1160 289 quo
1189 240 1418 283 videbitur.
1477 246 1541 287 Tu
1565 251 1592 292 3

76 294 217 333 tamen
248 292 375 333 etiam
402 302 516 332 nunc
542 292 646 332 mihi
676 290 835 343 aliquid
857 291 1077 334 literarum
1108 297 1151 335 et
1173 298 1356 338 maxime
1384 299 1540 353 siquid

74 348 130 389 ab
160 349 349 390 Afranio.
405 349 519 401 Ego,
549 348 586 389 si
617 360 715 389 cum
742 348 928 389 Antonio
957 351 1122 392 locutus
1152 365 1246 406 ero,
1274 355 1456 398 scribam
1485 358 1540 401 ad

0 453 1 459 ¹
72 407 142 457 te,
188 407 290 458 quid
326 407 466 447 actum
509 406 574 446 sit.
632 406 718 446 Ero
757 406 896 445 tamen
936 407 981 446 in
1020 409 1254 459 credendo,
1303 414 1352 453 ut
1378 426 1537 469 mones,

73 463 235 504 cautus.
296 462 404 503 Nam
442 462 684 503 occultandi
725 462 834 502 ratio
877 475 1005 514 quum
1035 465 1245 520 difficilis,
1291 472 1380 510 tum
1410 473 1536 515 etiam

70 519 313 571 periculosa
354 522 431 561 est.
491 519 685 560 Servium
725 523 921 571 exspecto
952 521 1004 561 ad
1034 521 1195 564 Nonas:
1242 526 1285 565 et
1314 527 1446 582 adigit
1473 530 1538 572 ita

69 577 289 618 Postumia
318 578 360 618 et
391 577 563 618 Servius
591 575 722 617 filius.
781 578 1036 625 Quartanam
1074 580 1279 622 leviorem
1310 596 1400 627 esse
1435 599 1537 642 gau-

70 633 165 678 deo·
222 634 322 676 Misi
351 634 404 675 ad
430 636 475 676 ‚te
506 633 639 674 Caelii
668 633 798 674 etiam
826 635 1048 677 literarum
1078 640 1331 692 exemplum.

237 795 550 843 EPISTOLA
587 795 910 843 CCCLXXVI.
951 796 1032 855 (ad
1051 798 1142 845 Att.
1170 801 1225 848 Χ.
1262 805 1364 861 10.)

200 871 282 908 Ser.
309 872 347 907 iu
367 873 531 908 Cumano
556 872 602 909 v.
621 873 718 907 Non.
745 872 832 909 Mai.
859 874 906 907 A.
931 872 977 907 U.
1006 874 1045 908 c,
1074 876 1150 910 705.
1177 877 1229 922 (a.
1252 879 1294 914 c.
1318 881 1394 925 49.)

63 940 182 977 Mittit
208 940 403 987 epistolam
430 941 585 994 nntonii
619 952 734 985 seque
770 942 955 994 exjtalia
979 943 1132 978 evolare
1157 956 1298 990 cupere
1321 948 1532 998 significan

367 988 472 1023 addit
495 999 615 1035 pauca
639 989 686 1022 de
713 989 752 1024 Q.
781 988 864 1023 fi11o
890 989 1070 1033 regendo.
1105 993 1222 1029 1—6.

553 1057 741 1092 CICERO
773 1058 968 1093 ATTICO
995 1058 1032 1094 S.

175 1116 246 1156 Me
278 1128 479 1163 caecum,
522 1117 598 1169 qui
638 1118 745 1156 haec
775 1118 872 1157 ante
901 1129 988 1158 non
1017 1118 1216 1162 viderim!
1275 1122 1374 1164 Misi
1403 1124 1456 1165 ad
1485 1127 1530 1167 te

60 1170 281 1227 epistolam
319 1173 508 1215 Antonii.
575 1173 630 1215 Ei
680 1186 812 1226 quum
853 1186 930 1228 ego
977 1176 1222 1230 saepissime
1267 1181 1528 1234 scripsissem

57 1297 251 1332 besonnen
276 1298 367 1332 aufs
392 1296 499 1342 Spiel
524 1303 670 1340 semen,
695 1297 763 1332 der
782 1297 923 1333 Gefahr
947 1299 1050 1344 preis
1075 1301 1210 1345 geben.
1238 1320 1283 1328 —
1315 1312 1525 1343 commovet.

56 1343 173 1379 Forte
199 1349 454 1379 commovetur.
482 1344 680 1379 ORELLI.
718 1356 787 1388 „er
812 1345 925 1379 treibt
950 1347 1048 1380 mich
1073 1358 1118 1382 zu
1144 1349 1527 1390 Entschlossenheit.”

57 1390 99 1426 S.
126 1403 184 1436 ep.
202 1393 293 1434 377,
327 1393 360 1426 3.
401 1391 487 1434 347,
521 1392 555 1425 4.
595 1410 639 1416 —-
687 1391 731 1424 de
762 1392 978 1434 dignatione
1003 1394 1167 1439 laborat,
1208 1396 1281 1430 und
1308 1407 1366 1430 um
1389 1398 1526 1436 Nichts

55 1436 105 1472 ist
138 1449 180 1471 er
211 1449 252 1471 so
284 1437 535 1480 bekummert‚
576 1438 631 1471 als
669 1437 753 1472 dass
793 1438 854 1472 ich
892 1439 930 1472 in
965 1439 1032 1474 der
1065 1441 1306 1476 offentlichen
1340 1444 1526 1491 Meinung

51 1484 202 1518 mocrite
228 1484 558 1528 herabgewurdigt
582 1484 751 1518 werden.
799 1485 970 1527 dignatio
996 1488 1162 1530 transit.‚
1196 1487 1257 1522 die
1283 1490 1525 1538 VViirdigung

56 1530 150 1564 oder
168 1531 362 1574 Acfflung,
389 1530 450 1563 die
463 1530 617 1564 Andere
637 1530 767 1564 Einem
789 1532 1015 1576 zuwenden3
1049 1534 1215 1576 dignitas
1239 1535 1522 1582 subiectivisch,

55 1576 118 1611 die
153 1576 285 1610 Einem
325 1576 546 1610 anhastende
586 1577 746 1611 warde.
815 1578 870 1610 Zu
905 1584 1085 1612 ersterem
1120 1581 1195 1624 vgl.
1237 1580 1275 1614 in
1309 1581 1523 1628 principum

53 1622 308 1667 dignationem
341 1623 512 1667 pervenit
548 1622 633 1656 Liv.
670 1624 730 1664 ΙΙ,
763 1624 819 1658 16.
865 1624 922 1666 Χ,
960 1627 991 1658 7.
1044 1625 1181 1661 Vellei.
1216 1627 1275 1667 11,
1309 1630 1365 1664 59.
1416 1631 1520 1666 Curt.

54 1670 157 1713 Vll,
194 1672 226 1703 1.
281 1669 384 1704 Suet.
417 1669 532 1713 Vesp.
563 1669 596 1702 4.
655 1670 773 1713 Calig.
805 1670 860 1704 24.
917 1670 1036 1706 Tacit.
1069 1673 1203 1706 Annal.
1238 1673 1316 1717 IV,
1358 1675 1422 1718 523
1472 1687 1520 1713 zu

51 1715 247 1750 letzterem
273 1715 319 1749 de
336 1716 414 1749 Inv.
431 1716 482 1757 ΙΙ,
506 1715 562 1750 35.
610 1715 700 1750 lene
725 1716 822 1749 kann
846 1724 1016 1760 versagt‚
1043 1716 1146 1752 diese
1172 1718 1274 1752 nicht
1299 1731 1521 1763 genommen

52 1763 219 1797 werden.
256 1763 438 1805 dignitate
462 1762 534 1796 Cd.
556 1762 662 1796 Bess.
696 1763 824 1796 Lamb.
860 1761 946 1797 Sch.
980 1763 1076 1797 Liin.
1110 1765 1327 1807 dignatione
1351 1767 1520 1804 defendit

52 1807 496 1854 Baumgarten-Crusius
521 1808 566 1840 ad
591 1806 689 1842 Suet.
717 1809 820 1843 Caes.
846 1810 877 1842 4.
913 1809 985 1843 OR.
1037 1810 1102 1853 Id,
1134 1810 1308 1846 nimirum
1332 1824 1364 1847 v.
1391 1815 1520 1857 digni-

54 1859 147 1897 tate,
191 1855 374 1889 sententia
411 1853 590 1899 postulat.
645 1855 826 1897 Dignatz'o
857 1861 980 1889 autem
1013 1867 1083 1900 pro
1117 1857 1301 1899 dignitate
1331 1870 1518 1905 nunquam

52 1908 265 1946 usurpatur.
291 1901 400 1935 SCH.
437 1900 497 1933 De
515 1900 593 1934 Inv.
614 1902 665 1945 II,
690 1903 753 1936 35:
778 1901 939 1945 dignitas
956 1907 1013 1935 est
1038 1902 1196 1938 alicuius
1216 1904 1373 1940 honesta
1388 1913 1517 1943 aucto-

50 1948 143 1982 ritas
169 1954 205 1982 et
230 1948 330 1981 cultu
357 1954 394 1980 et
418 1946 562 1981 honore
586 1955 623 1980 et
647 1948 872 1982 verecundia
895 1948 1018 1991 digna.

142 1996 179 2029 3.
209 1994 383 2028 ,Melitam
415 2003 504 2034 ergo
539 2004 785 2037 capessamus.
822 2011 867 2020 -
915 1995 1058 2038 aliquid
1089 1995 1283 2030 literarum
1310 2009 1358 2032 =
1389 1999 1517 2044 einige

53 2039 184 2075 Zeilen
209 2040 292 2075 scii.
318 2039 450 2074 mittas.
490 2059 533 2064 —
582 2041 626 2073 ab
652 2040 813 2083 Afranio
838 2040 1002 2075 audieris
1029 2051 1078 2074 ex
1103 2042 1304 2086 Hispania,
1338 2045 1516 2091 Pompeii

49 2089 187 2131 legato.
212 2087 318 2121 SCH.
345 2105 389 2110 ——
422 2086 460 2118 in
485 2087 680 2129 credendo,
705 2086 765 2120 ich
790 2087 919 2120 werde
944 2087 1041 2120 mich
1066 2089 1270 2132 vorsehen,
1296 2090 1378 2125 dem
1394 2093 1515 2126 Anto-

48 2136 133 2169 nius
158 2144 204 2167 zu
228 2133 304 2168 viel
330 2143 374 2166 zu
402 2140 544 2168 tranen.
581 2133 621 2168 S.
649 2144 706 2177 ep.
727 2133 808 2175 379,
833 2133 855 2166 2
879 2144 934 2166 am
952 2133 1071 2167 Ende.
1093 2153 1138 2159 —
1169 2136 1377 2171 occultandi
1399 2140 1514 2182 ratio,

49 2181 119 2215 der
143 2180 237 2213 Plan
261 2180 357 2214 mich
384 2180 421 2213 in
448 2180 582 2213 Italien
608 2179 795 2213 versteckt
820 2189 865 2212 zu
884 2179 1029 2222 hatten,
1054 2180 1109 2213 als
1124 2180 1325 2216 Neutraler
1348 2183 1516 2220 daselbst

47 2227 257 2270 verborgen
283 2237 329 2261 zu
347 2227 475 2268 leben3
505 2226 578 2259 wie
603 2224 785 2259 Antonius
820 2225 894 2259 und
920 2226 1033 2260 Casar
1068 2225 1143 2259 ihm
1177 2227 1336 2264 riethen.
1386 2230 1425 2266 S.
1452 2242 1512 2276 ep.

48 2275 137 2316 376,
169 2275 209 2308 3:
255 2284 336 2307 cum
372 2283 480 2317 pauc.
515 2272 655 2306 alicubi
688 2272 917 2306 occultabor.
955 2274 1041 2315 377,
1064 2272 1098 2306 4.
1147 2273 1418 2318 Riclitiger:
1449 2277 1512 2312 die

47 2321 188 2362 Kunst,
234 2319 317 2353 dem
341 2319 524 2353 Antonius
554 2320 679 2352 Etwas
712 2328 757 2351 zu
792 2317 994 2352 verhehlen
1022 2329 1055 2353 u.
1075 2329 1102 2354 5.
1120 2330 1170 2353 w,
1204 2321 1273 2355 od.
1309 2333 1351 2356 er
1375 2323 1512 2358 besitzt

48 2366 111 2400 die
144 2365 291 2400 sowohl
322 2367 510 2408 schwere‚
550 2366 604 2399 als
637 2363 915 2398 in⁷sbesondere
946 2364 1177 2408 gefahrliche
1201 2367 1343 2411 Kunst‚
1384 2369 1511 2404 himer

48 2412 133 2447 dem
157 2412 282 2456 Berge
314 2422 360 2445 zu
387 2413 522 2446 halten.
565 2430 611 2437 —
657 2411 838 2445 Servium.
887 2410 925 2444 S.
960 2422 1018 2456 ep.
1046 2412 1273 2447 CCCLXXI
1302 2424 1360 2447 am
1384 2415 1507 2450 Ende.

49 2478 91 2485 -
125 2459 173 2492 ad
204 2458 300 2493 Non.
336 2459 455 2502 Mai„
498 2469 637 2502 gegen,
681 2458 745 2490 auf
771 2457 842 2490 den
877 2458 908 2491 7.
930 2457 1019 2492 Mai.
1055 2476 1100 2482 —
1149 2459 1397 2504 Qum-tanam,
1433 2473 1509 2505 qua

47 2505 196 2541 Atticus
221 2505 424 2539 laborabat.
452 2523 494 2529 —
544 2504 663 2539 Caelii
687 2503 880 2536 literarum
905 2504 1113 2547 exemplum.
1158 2503 1354 2548 Significat
1380 2518 1440 2552 ep.
1466 2508 1505 2542 h.

48 2552 107 2586 ed.
133 2553 211 2586 367.
260 2552 351 2585 Eam
384 2551 482 2585 inter
506 2562 590 2596 epp.
618 2551 664 2584 ad
686 2549 818 2584 Famil.
846 2549 882 2583 in
909 2549 993 2583 edd.
1019 2549 1187 2584 videmus
1213 2551 1397 2586 redditam
1424 2563 1507 2589 esse

46 2598 158 2640 v111,
175 2598 218 2632 15
244 2605 281 2631 et
305 2598 366 2631 hic
391 2597 488 2631 inter
504 2608 587 2642 epp.
614 2597 661 2631 ad
685 2595 849 2630 Atticum
873 2595 1082 2641 repetitam.
1113 2596 1221 2631 SCH.
1455 2599 1461 2605 '

140 2646 173 2679 l.
197 2645 264 2679 Me
290 2650 360 2677 tam
378 2654 534 2686 caecum,
559 2644 622 2687 qui
644 2655 690 2676 Ξ
714 2648 753 2676 ut
777 2648 870 2685 cet.‚
897 2642 1011 2684 „dass
1037 2641 1097 2675 ich
1117 2642 1210 2675 auch
1231 2651 1272 2676 so
1292 2642 1399 2677 blind
1424 2643 1507 2679 sein

46 2691 205 2735 konnte,
237 2690 337 2725 diess
361 2689 465 2723 nicht
488 2689 834 2724 vorauszusehen!”
872 2687 912 2722 S.
937 2688 1090 2721 Ramsh.
1118 2689 1145 2731 §.
1164 2689 1253 2729 184,
1280 2689 1312 2724 6.
1363 2690 1505 2725 Grotef.

45 2739 171 2782 §.403.
219 2738 336 2772 vider.
361 2736 478 2771 scilic.
505 2747 600 2782 quae
625 2745 722 2769 nunc
746 2734 857 2770 video
882 2733 976 2769 istos
1001 2744 1075 2768 non
1100 2734 1276 2778 daturos,
1302 2742 1343 2770 ut
1367 2747 1417 2771 ex
1433 2736 1508 2772 Ita-

102 2797 172 2827 cie.
192 2797 305 2828 Briefe
326 2806 360 2827 v.
380 2795 522 2825 niuei-b.
544 2797 587 2825 11.
1150 2796 1205 2836 34
