1795 3043
431 36 744 86 EPISTOLA
787 35 1003 84 CCXLV.
1038 35 1278 85 CCXLVI.
1484 45 1584 96 171

322 152 638 201 EPISTOLA
672 150 886 197 cchv.
923 151 1005 210 (ad
1039 153 1144 198 Div.
1183 153 1246 198 II.
1284 153 1387 213 14.)

275 239 358 276 Ser.
383 239 594 276 Laodiceae
626 249 752 274 mense
776 238 886 274 Febr.
911 239 956 272 A.
982 239 1028 274 U.
1055 240 1096 274 C.
1123 241 1200 275 704.
1227 242 1273 284 (a.
1299 241 1338 276 C.
1363 241 1437 285 50.)

127 309 179 346 M.
194 308 347 345 Fabium
371 309 576 353 diligenter
600 306 830 342 commendat
854 317 969 350 seque
992 306 1120 342 literas
1145 308 1191 343 de
1216 309 1327 345 rebus
1349 310 1499 345 urbanis
1517 321 1585 346 ex-

654 361 824 400 spectare
860 353 1057 398 significat.

270 425 322 461 M.
347 423 534 460 CICERO
558 423 661 458 IMP.
689 422 729 458 S.
753 423 804 457 D.
831 422 884 458 M.
909 423 1096 457 CAELIO
1122 423 1301 458 AEDILI
1325 425 1438 460 CUR.

244 495 305 537 M.
323 494 472 542 Fabio,
502 494 593 534 viro
613 494 771 547 optimo
790 494 832 533 et
861 493 1031 533 homine
1061 493 1317 542 doctissimo,
1348 495 1587 536 familiaris-

130 551 234 593 sime
269 554 368 593 utor
403 550 801 602 mirificequeneum
839 550 969 602 diligo
1010 563 1138 602 quum
1179 553 1353 603 propter
1382 566 1587 593 summum

129 609 344 663 ingenium
373 609 462 648 eius
491 620 773 659 summamque
802 607 1060 656 doctrinam,
1091 609 1181 648 tum
1208 610 1384 661 propter
1404 611 1587 662 singula-

130 679 221 708 rem
250 665 506 706 modestiam.
565 666 668 705 Eius
695 665 909 717 negotium
946 666 1006 705 sic
1045 666 1173 705 velim
1203 666 1429 717 suscipias,
1465 669 1512 706 ut
1550 667 1588 707 si

131 724 241 764 esset
279 735 347 764 res
383 735 487 763 mea.
554 721 664 762 Novi
701 734 776 775 ego
813 734 887 762 vos
915 734 1086 774 magnos
1115 724 1333 774 patronos:
1376 724 1587 765 hominem

131 780 299 821 occidat
325 780 512 832 oportet,
544 780 617 830 qui
644 782 785 820 vestra
813 790 942 830 opera
970 779 1032 818 uti
1061 780 1187 829 velit,
1225 780 1297 820 sed
1326 781 1371 820 in
1402 781 1483 821 hoc
1514 780 1588 820 ho-

131 837 244 878 mine
271 838 433 877 nullam
463 837 628 888 accipio
658 836 980 876 excusationem.
1028 836 1179 877 Omnia
1204 837 1430 889 relinques,
1462 839 1497 878 si
1521 849 1588 878 me

130 894 311 941 amabis,
344 906 471 946 quum
501 895 574 933 tua
603 906 731 945 opera
760 892 918 933 Fabius
948 893 1012 932 uti
1041 895 1168 935 volet.
1226 895 1316 947 Ego
1346 907 1413 934 res
1441 895 1589 935 Roma-

131 964 208 992 nas
236 952 509 992 vehementer
537 952 732 1002 exspecto
770 951 812 989 et
853 949 1064 989 desidero:
1107 951 1152 990 in
1193 951 1447 1003 primisque,
1488 952 1590 1004 quid

132 1021 254 1061 agas,
282 1008 392 1048 scire
420 1008 562 1059 cupio.
621 1006 726 1048 Nam
763 1005 918 1046 iamdiu
958 1009 1132 1060 propter
1160 1008 1312 1049 hiemis
1342 1009 1591 1062 magnitudi-

133 1078 232 1106 nem
260 1065 370 1106 nihjl
397 1065 497 1105 novi
525 1064 577 1105 ad
605 1076 680 1104 nos
717 1061 985 1104 afferebatur.

309 1235 623 1282 EPISTOLA
658 1234 898 1280 CCXLVI.
936 1235 1016 1294 (ad
1050 1236 1155 1280 Div.
1194 1237 1272 1282 IX.
1309 1241 1413 1298 25.)

285 1322 368 1358 Ser.
393 1322 603 1357 Laodiceae
627 1330 752 1354 mense
777 1321 888 1356 Febr.
914 1324 959 1355 A.
986 1323 1031 1357 U.
1058 1323 1096 1356 C.
1124 1324 1202 1358 704.
1230 1325 1278 1366 (a.
1307 1325 1347 1359 c.
1374 1326 1448 1369 50.)

136 1391 276 1426 Literis
301 1402 322 1425 a
345 1390 500 1436 Papirio
526 1390 644 1424 Paeto
667 1389 851 1434 acceptis,
885 1389 1019 1434 quibus
1046 1391 1111 1424 ilie
1136 1392 1278 1435 aliquid
1305 1393 1350 1427 de
1377 1406 1418 1429 re
1443 1395 1596 1432 militari

135 1444 397 1483 praeceperat,
423 1437 459 1470 in
485 1437 565 1470 eius
585 1444 621 1469 et
646 1447 746 1469 suam
772 1435 890 1479 ipsius
916 1437 972 1470 rei
995 1437 1166 1471 militaris
1193 1440 1365 1482 peritiam
1391 1442 1546 1479 iocatur.
1562 1446 1595 1480 1.

286 1483 421 1518 deinde
445 1484 498 1517 M.
514 1482 621 1517 Fabii
648 1481 746 1515 Galli
772 1482 963 1524 negotium
988 1482 1023 1516 ei
1050 1485 1290 1519 commendat.
1317 1488 1430 1523 2-3

596 1549 781 1584 CICERO
814 1549 919 1584 IMP.
946 1550 1131 1586 PAETO.

249 1621 464 1662 Summum
493 1632 558 1660 me
589 1619 738 1660 ducem
764 1620 915 1661 literae
940 1622 1037 1662 tuae
1056 1622 1348 1667 reddideruntt
1378 1628 1505 1679 plane
1526 1641 1598 1669 ne-

550 1730 748 1765 CAELIO.
799 1731 838 1766 S.
868 1742 915 1765 zu
947 1744 1004 1777 ep.
1033 1734 1186 1769 CXCII.

232 1780 264 1814 1.
295 1779 353 1814 M.
370 1777 497 1813 Fabio.
531 1776 570 1812 S.
597 1788 642 1811 zu
670 1789 729 1821 ep.
751 1778 854 1821 XCI,
877 1780 909 1811 l.
937 1779 1043 1813 omis.
1070 1781 1129 1814 M.
1154 1782 1232 1816 Md.
1263 1783 1361 1817 Crat.
1403 1785 1480 1820 Sed
1510 1788 1600 1823 vide

141 1825 281 1862 Bened.
315 1825 489 1859 Ceterum
521 1824 653 1857 evolve
677 1824 809 1857 Wolfii
833 1826 1002 1859 Analect.
1028 1827 1129 1861 lit.4.
1159 1840 1197 1872 p.
1213 1830 1314 1872 381„
1342 1836 1379 1864 et
1409 1832 1505 1867 defle
1530 1834 1599 1868 im-

141 1872 382 1907 becillitatem
407 1871 610 1904 humanam.
639 1870 888 1905 ORELLI.—
912 1873 1110 1915 negotium,
1138 1875 1236 1918 quod
1258 1877 1367 1919 quale
1392 1878 1517 1922 fuerit,
1542 1881 1600 1914 in·-

142 1918 327 1962 telligitur
352 1928 400 1950 ex
426 1917 585 1961 epistola
609 1916 780 1961 proxime
806 1925 984 1960 sequente
1010 1919 1055 1952 ad
1080 1920 1248 1955 Paetum.
1275 1922 1382 1957 SGH.
1404 1944 1448 1949 -
1483 1926 1600 1961 homi-

143 1976 224 1999 nem
249 1964 391 1998 occidat
414 1970 483 1997 cet.
522 1962 609 2006 „ein
635 1964 746 1997 Manu
772 1974 870 1997 muss
893 1964 1122 2007 wenigstens
1147 1967 1256 2001 einen
1281 1970 1392 2004 Mord
1418 1971 1602 2018 begehen,

143 2021 253 2046 wenn
278 2011 336 2044 ihr
361 2021 400 2044 es
426 2010 494 2043 der
518 2011 633 2043 Miihe
658 2009 778 2043 werth
803 2011 927 2043 halten
953 2012 1042 2045 sollt
1066 2012 1140 2046 ihm
1165 2024 1211 2047 zu
1238 2015 1384 2050 dienen.
1403 2036 1446 2042 —
1474 2019 1604 2054 Omnia

142 2058 343 2101 relinques,
369 2056 432 2089 Du
458 2057 549 2089 lasst
574 2056 679 2089 Alles
704 2055 855 2090 Andere
880 2056 1016 2101 liegen.
1037 2077 1081 2082 —
1113 2070 1243 2103 opera,
1269 2061 1460 2098 Beistand‚
1477 2085 1518 2090 --
1544 2078 1605 2100 res

142 2104 246 2137 Rom.
273 2115 306 2137 v.
331 2113 426 2146 exsp.
453 2105 486 2135 et
510 2102 695 2144 desidero,
729 2102 789 2135 ich
812 2110 928 2136 warte
953 2104 1131 2148 gewaltig
1160 2107 1226 2139 mit
1251 2106 1476 2144 Schmerzen
1501 2115 1602 2154 (cum

143 2149 353 2192 desiderio)
389 2149 454 2182 auf
484 2148 736 2182 Nachrichten
777 2159 849 2182 von
880 2150 1000 2192 Dem,
1036 2162 1112 2184 was
1149 2163 1195 2186 zu
1231 2153 1328 2187 Rom
1364 2158 1535 2200 vorgeht.
1557 2178 1603 2184 —

140 2200 262 2241 propt.
289 2195 394 2229 hiem.
419 2195 595 2236 magma,
627 2205 761 2237 wegen
788 2195 853 2228 des
885 2196 1132 2231 anhaitenden
1164 2200 1410 2236 stiirmischen
1435 2204 1605 2239 VVinter-

143 2248 310 2275 wetters.
345 2241 436 2284 Vgl.
463 2252 521 2285 ep.
537 2241 743 2284 CCXLIX,
759 2242 792 2275 4.
820 2241 933 2284 diffic.
953 2253 1037 2276 nav.
1057 2262 1097 2269 -
1115 2245 1163 2278 ad
1187 2256 1252 2279 nos
1276 2248 1362 2281 novi
1381 2249 1602 2296 Ma1-t.-Lag.

145 2288 239 2322 Liin.
265 2293 393 2320 contra
416 2287 493 2321 Md.
523 2287 596 2321 ΟΕ.
955 2312 963 2314 s

237 2332 416 2367 PAETO.
464 2333 507 2367 L.
523 2334 702 2378 Papirius
717 2334 872 2375 Paetus,
899 2334 959 2367 ein
984 2335 1184 2380 Patricier,
1210 2337 1264 2372 als
1281 2339 1495 2384 Epikureer
1518 2343 1602 2378 frob

148 2379 273 2414 §einer
298 2379 424 2412 Musse
450 2389 483 2412 u.
509 2386 598 2413 stets
625 2381 722 2413 ohne
748 2380 960 2423 Staatsamt,
987 2381 1112 2425 reich,
1140 2384 1200 2417 ein
1226 2386 1428 2429 gelehrter,
1454 2389 1604 2424 scherz-

149 2425 271 2460 hafter
297 2425 369 2457 und
394 2424 564 2468 witziger
588 2427 722 2469 Mann,
755 2427 814 2460 ein
840 2427 1177 2472 liebenswiirdiger
1203 2431 1512 2478 Gesellschat'ter,
1538 2437 1605 2471 mit

149 2472 328 2506 welchem
354 2470 525 2504 des-shall)
550 2472 698 2515 Cicero,
723 2473 777 2507 als
804 2473 864 2506 ein
890 2473 963 2506 ihm
989 2475 1188 2520 aufrichtig
1214 2478 1418 2519 ergebener
1441 2481 1603 2526 Freund,

150 2529 266 2562 gerne
292 2516 457 2559 scirent,
492 2529 610 2561 gegen
637 2519 708 2551 den
743 2530 784 2552 er
807 2520 895 2552 aber
919 2520 1011 2553 auch
1045 2522 1161 2555 selbst
1186 2523 1279 2556 iiber
1303 2524 1477 2569 wichtige
1503 2528 1606 2564 Vor-

150 2564 239 2599 salle
264 2563 329 2596 mit
353 2563 447 2596 aller
464 2564 724 2598 Herzlichkeit
746 2565 897 2609 spricht.
945 2567 1083 2601 Paetus
1109 2569 1288 2602 schenkte
1312 2581 1423 2613 sogal·
1448 2573 1508 2607 die
1533 2586 1605 2610 von

151 2610 291 2645 seinem
307 2609 453 2649 Vener,
480 2609 561 2643 dem
575 2610 845 2644 Grammatiker
861 2611 1014 2647 Servius
1031 2614 1216 2653 Claudius,
1243 2615 1319 2649 ihm
1335 2617 1606 2656 hinterlassene

151 2654 381 2709 Bibliotiiek'
399 2666 568 2689 unserem
588 2656 743 2699 Cicero,
761 2657 845 2709 ‘der
870 2658 978 2693 einen
1004 2670 1159 2704 grossen
1180 2661 1314 2696 Werth
1339 2663 1471 2699 darauf
1489 2667 1605 2712 legte.

153 2701 191 2737 S.
219 2702 264 2736 ad
283 2701 412 2737 kanni.
431 2702 512 2745 IX,
540 2703 594 2737 16.
621 2703 667 2736 ad
691 2703 802 2738 Atuc.
825 2705 865 2747 l,
887 2705 942 2739 20.
