<?xml version="1.0" encoding="UTF-8"?>
<!DOCTYPE html PUBLIC "-//W3C//DTD XHTML 1.0 Transitional//EN"
    "http://www.w3.org/TR/xhtml1/DTD/xhtml1-transitional.dtd">
<html xmlns="http://www.w3.org/1999/xhtml" xml:lang="en" lang="en">
 <head>
  <title>
</title>
<meta http-equiv="Content-Type" content="text/html;charset=utf-8" />
  <meta name='ocr-system' content='tesseract 3.04.00' />
  <meta name='ocr-capabilities' content='ocr_page ocr_carea ocr_par ocr_line ocrx_word'/>
</head>
<body>
  <div class='ocr_page' id='page_1' title='image "./epistolaeadattic02ciceuoft_0208.png"; bbox 0 0 1795 3043; ppageno 0'>
   <div class='ocr_carea' id='block_1_1' title="bbox 193 39 1395 93">
    <p class='ocr_par' dir='ltr' id='par_1_1' title="bbox 193 39 1395 93">
     <span class='ocr_line' id='line_1_1' title="bbox 193 39 1395 93; baseline 0 -2"><span class='ocrx_word' id='word_1_1' title='bbox 193 43 294 93; x_wconf 82' lang='lat'>198</span> <span class='ocrx_word' id='word_1_2' title='bbox 462 39 526 86; x_wconf 91' lang='grc' dir='ltr'>Μ.</span> <span class='ocrx_word' id='word_1_3' title='bbox 561 41 618 87; x_wconf 91' lang='grc' dir='ltr'>Τ.</span> <span class='ocrx_word' id='word_1_4' title='bbox 655 41 992 90; x_wconf 89' lang='lat' dir='ltr'>CICERONIS</span> <span class='ocrx_word' id='word_1_5' title='bbox 1026 40 1395 91; x_wconf 82' lang='lat' dir='ltr'>EPISTOLAE.</span> 
     </span>
    </p>
   </div>
   <div class='ocr_carea' id='block_1_2' title="bbox 116 151 1659 892">
    <p class='ocr_par' dir='ltr' id='par_1_2' title="bbox 116 151 1654 549">
     <span class='ocr_line' id='line_1_2' title="bbox 116 151 1652 208; baseline 0.003 -16"><span class='ocrx_word' id='word_1_6' title='bbox 116 151 171 192; x_wconf 88' lang='lat'>12</span> <span class='ocrx_word' id='word_1_7' title='bbox 196 152 421 193; x_wconf 82' lang='lat' dir='ltr'><strong>Cicerones</strong></span> <span class='ocrx_word' id='word_1_8' title='bbox 450 152 573 204; x_wconf 85' lang='lat' dir='ltr'>pueri</span> <span class='ocrx_word' id='word_1_9' title='bbox 602 155 742 194; x_wconf 85' lang='lat' dir='ltr'>amant</span> <span class='ocrx_word' id='word_1_10' title='bbox 769 153 881 195; x_wconf 88' lang='lat' dir='ltr'>inter</span> <span class='ocrx_word' id='word_1_11' title='bbox 898 167 956 208; x_wconf 89' lang='lat' dir='ltr'>se,</span> <span class='ocrx_word' id='word_1_12' title='bbox 986 153 1167 208; x_wconf 84' lang='lat' dir='ltr'>discunt,</span> <span class='ocrx_word' id='word_1_13' title='bbox 1190 157 1461 197; x_wconf 77' lang='lat' dir='ltr'>exercentur:</span> <span class='ocrx_word' id='word_1_14' title='bbox 1490 156 1563 197; x_wconf 85' lang='lat' dir='ltr'>sed</span> <span class='ocrx_word' id='word_1_15' title='bbox 1593 155 1652 198; x_wconf 88' lang='lat' dir='ltr'>al-</span> 
     </span>
     <span class='ocr_line' id='line_1_3' title="bbox 192 209 1652 267; baseline 0.002 -17"><span class='ocrx_word' id='word_1_16' title='bbox 192 211 272 258; x_wconf 90' lang='lat' dir='ltr'>ter,</span> <span class='ocrx_word' id='word_1_17' title='bbox 303 211 366 249; x_wconf 90' lang='lat' dir='ltr'>uti</span> <span class='ocrx_word' id='word_1_18' title='bbox 396 209 502 249; x_wconf 81' lang='lat' dir='ltr'>dixit</span> <span class='ocrx_word' id='word_1_19' title='bbox 525 211 730 250; x_wconf 88' lang='lat' dir='ltr'>Isocrates</span> <span class='ocrx_word' id='word_1_20' title='bbox 752 212 796 251; x_wconf 92' lang='lat' dir='ltr'>in</span> <span class='ocrx_word' id='word_1_21' title='bbox 813 212 985 264; x_wconf 89' lang='lat' dir='ltr'>Ephoro</span> <span class='ocrx_word' id='word_1_22' title='bbox 1007 215 1048 253; x_wconf 92' lang='lat' dir='ltr'>et</span> <span class='ocrx_word' id='word_1_23' title='bbox 1067 214 1354 265; x_wconf 84' lang='lat' dir='ltr'>Theopompo,</span> <span class='ocrx_word' id='word_1_24' title='bbox 1383 213 1514 254; x_wconf 85' lang='lat' dir='ltr'>frenis</span> <span class='ocrx_word' id='word_1_25' title='bbox 1543 217 1652 267; x_wconf 84' lang='lat' dir='ltr'>eget,</span> 
     </span>
     <span class='ocr_line' id='line_1_4' title="bbox 193 265 1653 323; baseline 0.002 -16"><span class='ocrx_word' id='word_1_26' title='bbox 193 268 304 307; x_wconf 87' lang='lat' dir='ltr'>alter</span> <span class='ocrx_word' id='word_1_27' title='bbox 334 265 582 306; x_wconf 86' lang='lat' dir='ltr'>calcaribus.</span> <span class='ocrx_word' id='word_1_28' title='bbox 626 268 778 314; x_wconf 76' lang='lat' dir='ltr'>Quinto</span> <span class='ocrx_word' id='word_1_29' title='bbox 806 271 942 321; x_wconf 82' lang='lat' dir='ltr'>togam</span> <span class='ocrx_word' id='word_1_30' title='bbox 971 283 1118 321; x_wconf 87' lang='lat' dir='ltr'>puram</span> <span class='ocrx_word' id='word_1_31' title='bbox 1134 270 1397 310; x_wconf 82' lang='lat' dir='ltr'>Liberalibus</span> <span class='ocrx_word' id='word_1_32' title='bbox 1417 270 1653 323; x_wconf 83' lang='lat' dir='ltr'>cogitabam</span> 
     </span>
     <span class='ocr_line' id='line_1_5' title="bbox 195 322 1654 378; baseline 0.003 -15"><span class='ocrx_word' id='word_1_33' title='bbox 195 323 306 363; x_wconf 88' lang='lat' dir='ltr'>dare.</span> <span class='ocrx_word' id='word_1_34' title='bbox 363 322 582 363; x_wconf 81' lang='lat' dir='ltr'>Mandavit</span> <span class='ocrx_word' id='word_1_35' title='bbox 612 324 724 364; x_wconf 91' lang='lat' dir='ltr'>enim</span> <span class='ocrx_word' id='word_1_36' title='bbox 751 327 883 377; x_wconf 89' lang='lat' dir='ltr'>pater.</span> <span class='ocrx_word' id='word_1_37' title='bbox 945 326 1007 366; x_wconf 88' lang='lat' dir='ltr'>Ea</span> <span class='ocrx_word' id='word_1_38' title='bbox 1046 328 1107 366; x_wconf 90' lang='lat' dir='ltr'>sic</span> <span class='ocrx_word' id='word_1_39' title='bbox 1148 326 1402 377; x_wconf 81' lang='lat' dir='ltr'>observabO,</span> <span class='ocrx_word' id='word_1_40' title='bbox 1444 327 1563 378; x_wconf 86' lang='lat' dir='ltr'>quasi</span> <span class='ocrx_word' id='word_1_41' title='bbox 1591 328 1654 367; x_wconf 91' lang='lat' dir='ltr'>in-</span> 
     </span>
     <span class='ocr_line' id='line_1_6' title="bbox 193 380 1652 436; baseline 0.003 -17"><span class='ocrx_word' id='word_1_42' title='bbox 193 380 444 420; x_wconf 87' lang='lat' dir='ltr'>tercalatum</span> <span class='ocrx_word' id='word_1_43' title='bbox 463 392 546 420; x_wconf 89' lang='lat' dir='ltr'>non</span> <span class='ocrx_word' id='word_1_44' title='bbox 568 380 633 420; x_wconf 86' lang='lat' dir='ltr'>sit.</span> <span class='ocrx_word' id='word_1_45' title='bbox 683 381 910 436; x_wconf 81' lang='lat' dir='ltr'>Dionysius</span> <span class='ocrx_word' id='word_1_46' title='bbox 939 383 1044 423; x_wconf 90' lang='lat' dir='ltr'>mihi</span> <span class='ocrx_word' id='word_1_47' title='bbox 1074 383 1244 434; x_wconf 92' lang='lat' dir='ltr'>quidem</span> <span class='ocrx_word' id='word_1_48' title='bbox 1273 384 1317 424; x_wconf 93' lang='lat' dir='ltr'>in</span> <span class='ocrx_word' id='word_1_49' title='bbox 1343 383 1555 424; x_wconf 89' lang='lat' dir='ltr'>amoribus</span> <span class='ocrx_word' id='word_1_50' title='bbox 1576 385 1652 424; x_wconf 86' lang='lat' dir='ltr'>est.</span> 
     </span>
     <span class='ocr_line' id='line_1_7' title="bbox 195 437 1654 481; baseline 0.003 -5"><span class='ocrx_word' id='word_1_51' title='bbox 195 437 324 477; x_wconf 89' lang='lat' dir='ltr'>Pueri</span> <span class='ocrx_word' id='word_1_52' title='bbox 363 439 501 476; x_wconf 83' lang='lat' dir='ltr'>autem</span> <span class='ocrx_word' id='word_1_53' title='bbox 545 437 664 478; x_wconf 87' lang='lat' dir='ltr'>aiunt</span> <span class='ocrx_word' id='word_1_54' title='bbox 706 451 800 479; x_wconf 92' lang='lat' dir='ltr'>eum</span> <span class='ocrx_word' id='word_1_55' title='bbox 849 441 1038 480; x_wconf 83' lang='lat' dir='ltr'>furenter</span> <span class='ocrx_word' id='word_1_56' title='bbox 1077 441 1217 481; x_wconf 85' lang='lat' dir='ltr'>irasci.</span> <span class='ocrx_word' id='word_1_57' title='bbox 1290 440 1372 480; x_wconf 89' lang='lat' dir='ltr'>Sed</span> <span class='ocrx_word' id='word_1_58' title='bbox 1408 441 1533 481; x_wconf 89' lang='lat' dir='ltr'>homo</span> <span class='ocrx_word' id='word_1_59' title='bbox 1573 453 1654 481; x_wconf 88' lang='lat' dir='ltr'>nec</span> 
     </span>
     <span class='ocr_line' id='line_1_8' title="bbox 196 493 1653 549; baseline 0.004 -17"><span class='ocrx_word' id='word_1_60' title='bbox 196 493 361 533; x_wconf 85' lang='lat' dir='ltr'>doctior</span> <span class='ocrx_word' id='word_1_61' title='bbox 399 505 478 533; x_wconf 90' lang='lat' dir='ltr'>nec</span> <span class='ocrx_word' id='word_1_62' title='bbox 521 496 703 535; x_wconf 80' lang='lat' dir='ltr'>sanctior</span> <span class='ocrx_word' id='word_1_63' title='bbox 731 495 824 535; x_wconf 88' lang='lat' dir='ltr'>fieri</span> <span class='ocrx_word' id='word_1_64' title='bbox 862 498 1000 547; x_wconf 87' lang='lat' dir='ltr'>potest</span> <span class='ocrx_word' id='word_1_65' title='bbox 1035 510 1115 538; x_wconf 90' lang='lat' dir='ltr'>nec</span> <span class='ocrx_word' id='word_1_66' title='bbox 1145 498 1207 538; x_wconf 87' lang='lat' dir='ltr'>tui</span> <span class='ocrx_word' id='word_1_67' title='bbox 1236 497 1402 549; x_wconf 89' lang='lat' dir='ltr'>meique</span> <span class='ocrx_word' id='word_1_68' title='bbox 1431 498 1653 539; x_wconf 83' lang='lat' dir='ltr'>amantior.</span> 
     </span>
    </p>

    <p class='ocr_par' dir='ltr' id='par_1_3' title="bbox 119 550 1659 892">
     <span class='ocr_line' id='line_1_9' title="bbox 119 550 1656 607; baseline 0.004 -19"><span class='ocrx_word' id='word_1_69' title='bbox 119 550 173 590; x_wconf 84' lang='lat'>13</span> <span class='ocrx_word' id='word_1_70' title='bbox 198 551 438 600; x_wconf 87' lang='lat' dir='ltr'>Thermum,</span> <span class='ocrx_word' id='word_1_71' title='bbox 469 551 621 591; x_wconf 86' lang='lat' dir='ltr'>Silium</span> <span class='ocrx_word' id='word_1_72' title='bbox 650 564 748 592; x_wconf 87' lang='lat' dir='ltr'>vere</span> <span class='ocrx_word' id='word_1_73' title='bbox 779 553 898 592; x_wconf 87' lang='lat' dir='ltr'>audis</span> <span class='ocrx_word' id='word_1_74' title='bbox 928 553 1107 596; x_wconf 85' lang='lat' dir='ltr'>laudari.</span> <span class='ocrx_word' id='word_1_75' title='bbox 1162 555 1293 595; x_wconf 83' lang='lat' dir='ltr'>Valde</span> <span class='ocrx_word' id='word_1_76' title='bbox 1323 566 1367 594; x_wconf 89' lang='lat' dir='ltr'>se</span> <span class='ocrx_word' id='word_1_77' title='bbox 1393 554 1567 595; x_wconf 84' lang='lat' dir='ltr'>honeste</span> <span class='ocrx_word' id='word_1_78' title='bbox 1587 566 1656 607; x_wconf 82' lang='lat' dir='ltr'>ge-</span> 
     </span>
     <span class='ocr_line' id='line_1_10' title="bbox 195 607 1657 660; baseline 0.002 -11"><span class='ocrx_word' id='word_1_79' title='bbox 195 609 307 649; x_wconf 86' lang='lat' dir='ltr'>runt.</span> <span class='ocrx_word' id='word_1_80' title='bbox 347 607 464 647; x_wconf 86' lang='lat' dir='ltr'>Adde</span> <span class='ocrx_word' id='word_1_81' title='bbox 493 608 548 647; x_wconf 89' lang='lat' dir='ltr'>M.</span> <span class='ocrx_word' id='word_1_82' title='bbox 571 608 774 656; x_wconf 81' lang='lat' dir='ltr'>Nonium,</span> <span class='ocrx_word' id='word_1_83' title='bbox 805 610 1018 658; x_wconf 89' lang='lat' dir='ltr'>Bibulum,</span> <span class='ocrx_word' id='word_1_84' title='bbox 1049 623 1130 660; x_wconf 92' lang='lat' dir='ltr'>me,</span> <span class='ocrx_word' id='word_1_85' title='bbox 1163 611 1198 651; x_wconf 90' lang='lat' dir='ltr'>si</span> <span class='ocrx_word' id='word_1_86' title='bbox 1227 613 1357 653; x_wconf 85' lang='lat' dir='ltr'>voles.</span> <span class='ocrx_word' id='word_1_87' title='bbox 1400 612 1489 652; x_wconf 93' lang='lat' dir='ltr'>Iam</span> <span class='ocrx_word' id='word_1_88' title='bbox 1507 611 1657 652; x_wconf 82' lang='lat' dir='ltr'>Scrofa</span> 
     </span>
     <span class='ocr_line' id='line_1_11' title="bbox 196 664 1656 722; baseline 0.002 -17"><span class='ocrx_word' id='word_1_89' title='bbox 196 664 350 705; x_wconf 86' lang='lat' dir='ltr'>vellem</span> <span class='ocrx_word' id='word_1_90' title='bbox 391 664 590 717; x_wconf 87' lang='lat' dir='ltr'>haberet,</span> <span class='ocrx_word' id='word_1_91' title='bbox 630 665 704 704; x_wconf 92' lang='lat' dir='ltr'>ubi</span> <span class='ocrx_word' id='word_1_92' title='bbox 744 668 898 717; x_wconf 87' lang='lat' dir='ltr'>posset.</span> <span class='ocrx_word' id='word_1_93' title='bbox 964 668 1042 707; x_wconf 86' lang='lat' dir='ltr'>Est</span> <span class='ocrx_word' id='word_1_94' title='bbox 1080 669 1191 708; x_wconf 91' lang='lat' dir='ltr'>enim</span> <span class='ocrx_word' id='word_1_95' title='bbox 1229 670 1391 708; x_wconf 89' lang='lat' dir='ltr'>lautum</span> <span class='ocrx_word' id='word_1_96' title='bbox 1426 669 1656 722; x_wconf 84' lang='lat' dir='ltr'>negotium.</span> 
     </span>
     <span class='ocr_line' id='line_1_12' title="bbox 199 720 1657 777; baseline 0.003 -16"><span class='ocrx_word' id='word_1_97' title='bbox 199 721 337 761; x_wconf 89' lang='lat' dir='ltr'>Ceteri</span> <span class='ocrx_word' id='word_1_98' title='bbox 367 720 582 761; x_wconf 87' lang='lat' dir='ltr'>infirmant</span> <span class='ocrx_word' id='word_1_99' title='bbox 610 722 832 770; x_wconf 74' lang='grc' dir='ltr'><em>πολίτευμα</em></span> <span class='ocrx_word' id='word_1_100' title='bbox 854 723 1036 764; x_wconf 88' lang='lat' dir='ltr'>Catonis.</span> <span class='ocrx_word' id='word_1_101' title='bbox 1093 725 1320 766; x_wconf 89' lang='lat' dir='ltr'>Hortensio</span> <span class='ocrx_word' id='word_1_102' title='bbox 1347 726 1458 777; x_wconf 90' lang='lat' dir='ltr'>quod</span> <span class='ocrx_word' id='word_1_103' title='bbox 1488 737 1657 765; x_wconf 84' lang='lat' dir='ltr'>causam</span> 
     </span>
     <span class='ocr_line' id='line_1_13' title="bbox 197 777 1659 834; baseline 0.003 -16"><span class='ocrx_word' id='word_1_104' title='bbox 197 789 331 818; x_wconf 87' lang='lat' dir='ltr'>meam</span> <span class='ocrx_word' id='word_1_105' title='bbox 369 777 655 826; x_wconf 85' lang='lat' dir='ltr'>commendas,</span> <span class='ocrx_word' id='word_1_106' title='bbox 694 779 818 820; x_wconf 82' lang='lat' dir='ltr'>valde</span> <span class='ocrx_word' id='word_1_107' title='bbox 852 783 1032 832; x_wconf 83' lang='lat' dir='ltr'>gratum.</span> <span class='ocrx_word' id='word_1_108' title='bbox 1098 782 1161 822; x_wconf 93' lang='lat' dir='ltr'>De</span> <span class='ocrx_word' id='word_1_109' title='bbox 1190 782 1390 830; x_wconf 82' lang='lat' dir='ltr'>Amiano,</span> <span class='ocrx_word' id='word_1_110' title='bbox 1428 783 1519 834; x_wconf 87' lang='lat' dir='ltr'>spei</span> <span class='ocrx_word' id='word_1_111' title='bbox 1547 783 1659 822; x_wconf 90' lang='lat' dir='ltr'>nihil</span> 
     </span>
     <span class='ocr_line' id='line_1_14' title="bbox 199 834 1658 892; baseline 0.005 -19"><span class='ocrx_word' id='word_1_112' title='bbox 199 836 320 887; x_wconf 85' lang='lat' dir='ltr'>putat</span> <span class='ocrx_word' id='word_1_113' title='bbox 359 845 448 874; x_wconf 83' lang='lat' dir='ltr'>esse</span> <span class='ocrx_word' id='word_1_114' title='bbox 487 834 726 889; x_wconf 84' lang='lat' dir='ltr'>Dionysius.</span> <span class='ocrx_word' id='word_1_115' title='bbox 809 837 997 881; x_wconf 78' lang='lat' dir='ltr'>Terentii</span> <span class='ocrx_word' id='word_1_116' title='bbox 1032 839 1196 879; x_wconf 91' lang='lat' dir='ltr'>nullum</span> <span class='ocrx_word' id='word_1_117' title='bbox 1233 840 1457 892; x_wconf 81' lang='lat' dir='ltr'>vestigium</span> <span class='ocrx_word' id='word_1_118' title='bbox 1490 839 1658 892; x_wconf 85' lang='lat' dir='ltr'>agnovi.</span> 
     </span>
    </p>
   </div>
   <div class='ocr_carea' id='block_1_3' title="bbox 198 991 1679 2747">
    <p class='ocr_par' dir='ltr' id='par_1_4' title="bbox 198 991 1666 1683">
     <span class='ocr_line' id='line_1_15' title="bbox 290 991 1657 1039; baseline 0.004 -14"><span class='ocrx_word' id='word_1_119' title='bbox 290 992 344 1031; x_wconf 83' lang='lat'>12.</span> <span class='ocrx_word' id='word_1_120' title='bbox 379 992 417 1025; x_wconf 79' lang='lat' dir='ltr'>in</span> <span class='ocrx_word' id='word_1_121' title='bbox 444 991 533 1035; x_wconf 72' lang='lat' dir='ltr'>Eph.</span> <span class='ocrx_word' id='word_1_122' title='bbox 561 996 594 1025; x_wconf 83' lang='lat' dir='ltr'>et</span> <span class='ocrx_word' id='word_1_123' title='bbox 621 993 751 1037; x_wconf 77' lang='lat' dir='ltr'>Theop.</span> <span class='ocrx_word' id='word_1_124' title='bbox 778 1007 823 1029; x_wconf 86' lang='lat'><strong><em>=</em></strong></span> <span class='ocrx_word' id='word_1_125' title='bbox 848 993 894 1028; x_wconf 90' lang='lat' dir='ltr'>de</span> <span class='ocrx_word' id='word_1_126' title='bbox 919 995 961 1029; x_wconf 90' lang='lat' dir='ltr'>E.</span> <span class='ocrx_word' id='word_1_127' title='bbox 980 1001 1017 1029; x_wconf 87' lang='lat' dir='ltr'>et</span> <span class='ocrx_word' id='word_1_128' title='bbox 1034 995 1105 1030; x_wconf 88' lang='lat' dir='ltr'>Th.</span> <span class='ocrx_word' id='word_1_129' title='bbox 1132 994 1330 1039; x_wconf 80' lang='lat' dir='ltr'>discipulis</span> <span class='ocrx_word' id='word_1_130' title='bbox 1356 995 1445 1030; x_wconf 86' lang='lat' dir='ltr'>suis.</span> <span class='ocrx_word' id='word_1_131' title='bbox 1472 995 1560 1031; x_wconf 91' lang='lat' dir='ltr'>Vid.</span> <span class='ocrx_word' id='word_1_132' title='bbox 1579 995 1657 1030; x_wconf 86' lang='lat' dir='ltr'>Cic.</span> 
     </span>
     <span class='ocr_line' id='line_1_16' title="bbox 198 1036 1661 1085; baseline 0.003 -15"><span class='ocrx_word' id='word_1_133' title='bbox 198 1036 304 1071; x_wconf 82' lang='lat' dir='ltr'>Brut.</span> <span class='ocrx_word' id='word_1_134' title='bbox 333 1049 364 1072; x_wconf 88' lang='lat' dir='ltr'>c.</span> <span class='ocrx_word' id='word_1_135' title='bbox 387 1039 442 1072; x_wconf 82' lang='lat'>56.</span> <span class='ocrx_word' id='word_1_136' title='bbox 486 1038 663 1075; x_wconf 81' lang='lat' dir='ltr'>Quinctil.</span> <span class='ocrx_word' id='word_1_137' title='bbox 690 1041 778 1074; x_wconf 85' lang='lat' dir='ltr'>Inst.</span> <span class='ocrx_word' id='word_1_138' title='bbox 807 1048 897 1074; x_wconf 83' lang='lat' dir='ltr'>orat.</span> <span class='ocrx_word' id='word_1_139' title='bbox 919 1042 969 1084; x_wconf 93' lang='lat' dir='ltr'>II,</span> <span class='ocrx_word' id='word_1_140' title='bbox 991 1043 1025 1085; x_wconf 80' lang='lat'>8,</span> <span class='ocrx_word' id='word_1_141' title='bbox 1047 1044 1101 1076; x_wconf 94' lang='lat' dir='ltr'>ll.</span> <span class='ocrx_word' id='word_1_142' title='bbox 1124 1060 1168 1066; x_wconf 91' lang='lat'>—-</span> <span class='ocrx_word' id='word_1_143' title='bbox 1205 1042 1321 1084; x_wconf 77' lang='lat' dir='ltr'>frenis</span> <span class='ocrx_word' id='word_1_144' title='bbox 1347 1043 1479 1085; x_wconf 79' lang='lat' dir='ltr'>egebat</span> <span class='ocrx_word' id='word_1_145' title='bbox 1501 1042 1661 1077; x_wconf 81' lang='lat' dir='ltr'>Quintus</span> 
     </span>
     <span class='ocr_line' id='line_1_17' title="bbox 201 1083 1661 1131; baseline 0.002 -13"><span class='ocrx_word' id='word_1_146' title='bbox 201 1085 245 1118; x_wconf 80' lang='lat' dir='ltr'>Q.</span> <span class='ocrx_word' id='word_1_147' title='bbox 272 1084 314 1118; x_wconf 88' lang='lat' dir='ltr'>F.</span> <span class='ocrx_word' id='word_1_148' title='bbox 341 1091 379 1117; x_wconf 79' lang='lat' dir='ltr'>ut</span> <span class='ocrx_word' id='word_1_149' title='bbox 405 1083 556 1127; x_wconf 79' lang='lat' dir='ltr'>ingenio</span> <span class='ocrx_word' id='word_1_150' title='bbox 583 1087 709 1120; x_wconf 83' lang='lat' dir='ltr'>valens</span> <span class='ocrx_word' id='word_1_151' title='bbox 740 1087 824 1130; x_wconf 86' lang='lat' dir='ltr'>plus</span> <span class='ocrx_word' id='word_1_152' title='bbox 857 1098 964 1130; x_wconf 89' lang='lat' dir='ltr'>quam</span> <span class='ocrx_word' id='word_1_153' title='bbox 1000 1088 1090 1122; x_wconf 88' lang='lat' dir='ltr'>satis</span> <span class='ocrx_word' id='word_1_154' title='bbox 1123 1095 1241 1131; x_wconf 87' lang='lat' dir='ltr'>esset,</span> <span class='ocrx_word' id='word_1_155' title='bbox 1280 1088 1486 1122; x_wconf 87' lang='lat' dir='ltr'>calcaribus</span> <span class='ocrx_word' id='word_1_156' title='bbox 1511 1089 1661 1122; x_wconf 85' lang='lat' dir='ltr'>Marcus</span> 
     </span>
     <span class='ocr_line' id='line_1_18' title="bbox 200 1130 1664 1178; baseline 0.002 -14"><span class='ocrx_word' id='word_1_157' title='bbox 200 1130 252 1164; x_wconf 83' lang='lat' dir='ltr'>M.</span> <span class='ocrx_word' id='word_1_158' title='bbox 271 1130 310 1163; x_wconf 88' lang='lat' dir='ltr'>F.</span> <span class='ocrx_word' id='word_1_159' title='bbox 340 1137 379 1165; x_wconf 85' lang='lat' dir='ltr'>ut</span> <span class='ocrx_word' id='word_1_160' title='bbox 405 1131 560 1165; x_wconf 76' lang='lat' dir='ltr'>tardior.</span> <span class='ocrx_word' id='word_1_161' title='bbox 593 1132 697 1175; x_wconf 79' lang='lat' dir='ltr'>Ergo</span> <span class='ocrx_word' id='word_1_162' title='bbox 723 1133 783 1167; x_wconf 82' lang='lat' dir='ltr'>hic</span> <span class='ocrx_word' id='word_1_163' title='bbox 807 1133 979 1178; x_wconf 83' lang='lat' dir='ltr'>Ephoro,</span> <span class='ocrx_word' id='word_1_164' title='bbox 1012 1134 1077 1167; x_wconf 85' lang='lat' dir='ltr'>ille</span> <span class='ocrx_word' id='word_1_165' title='bbox 1102 1133 1346 1178; x_wconf 85' lang='lat' dir='ltr'>Theopompo</span> <span class='ocrx_word' id='word_1_166' title='bbox 1379 1134 1524 1168; x_wconf 82' lang='lat' dir='ltr'>similis.</span> <span class='ocrx_word' id='word_1_167' title='bbox 1559 1134 1664 1167; x_wconf 82' lang='lat' dir='ltr'>MA-</span> 
     </span>
     <span class='ocr_line' id='line_1_19' title="bbox 200 1175 1663 1224; baseline 0.001 -14"><span class='ocrx_word' id='word_1_168' title='bbox 200 1175 322 1210; x_wconf 86' lang='lat' dir='ltr'>NUT.</span> <span class='ocrx_word' id='word_1_169' title='bbox 350 1195 389 1202; x_wconf 79' lang='lat'>—·</span> <span class='ocrx_word' id='word_1_170' title='bbox 435 1181 560 1219; x_wconf 75' lang='lat' dir='ltr'>togam</span> <span class='ocrx_word' id='word_1_171' title='bbox 589 1189 731 1221; x_wconf 81' lang='lat' dir='ltr'>puram.</span> <span class='ocrx_word' id='word_1_172' title='bbox 774 1179 819 1213; x_wconf 86' lang='lat' dir='ltr'>cf.</span> <span class='ocrx_word' id='word_1_173' title='bbox 852 1179 960 1224; x_wconf 87' lang='lat' dir='ltr'>epist.</span> <span class='ocrx_word' id='word_1_174' title='bbox 988 1180 1243 1223; x_wconf 82' lang='lat' dir='ltr'>CCXXVIII,</span> <span class='ocrx_word' id='word_1_175' title='bbox 1270 1181 1303 1214; x_wconf 85' lang='lat'>9.</span> <span class='ocrx_word' id='word_1_176' title='bbox 1330 1199 1374 1204; x_wconf 91' lang='lat'>-</span> <span class='ocrx_word' id='word_1_177' title='bbox 1418 1180 1663 1222; x_wconf 76' lang='lat' dir='ltr'>Liberalibus,</span> 
     </span>
     <span class='ocr_line' id='line_1_20' title="bbox 203 1223 1662 1270; baseline 0.003 -15"><span class='ocrx_word' id='word_1_178' title='bbox 203 1233 288 1265; x_wconf 89' lang='lat' dir='ltr'>„am</span> <span class='ocrx_word' id='word_1_179' title='bbox 312 1223 487 1256; x_wconf 73' lang='lat' dir='ltr'>nachsten</span> <span class='ocrx_word' id='word_1_180' title='bbox 513 1224 622 1257; x_wconf 83' lang='lat' dir='ltr'>Feste</span> <span class='ocrx_word' id='word_1_181' title='bbox 655 1224 721 1257; x_wconf 85' lang='lat' dir='ltr'>des</span> <span class='ocrx_word' id='word_1_182' title='bbox 746 1225 962 1268; x_wconf 88' lang='lat' dir='ltr'>Bacchus,⁷’</span> <span class='ocrx_word' id='word_1_183' title='bbox 998 1226 1111 1258; x_wconf 92' lang='lat' dir='ltr'>Liber</span> <span class='ocrx_word' id='word_1_184' title='bbox 1144 1233 1269 1270; x_wconf 87' lang='lat' dir='ltr'>pater,</span> <span class='ocrx_word' id='word_1_185' title='bbox 1301 1226 1464 1259; x_wconf 83' lang='lat' dir='ltr'>welches</span> <span class='ocrx_word' id='word_1_186' title='bbox 1498 1226 1562 1259; x_wconf 86' lang='lat' dir='ltr'>aus</span> <span class='ocrx_word' id='word_1_187' title='bbox 1589 1226 1662 1259; x_wconf 76' lang='lat' dir='ltr'>den</span> 
     </span>
     <span class='ocr_line' id='line_1_21' title="bbox 202 1268 1662 1314; baseline 0.002 -13"><span class='ocrx_word' id='word_1_188' title='bbox 202 1269 258 1302; x_wconf 90' lang='lat'>21.</span> <span class='ocrx_word' id='word_1_189' title='bbox 277 1269 381 1302; x_wconf 72' lang='lat' dir='ltr'>Marz</span> <span class='ocrx_word' id='word_1_190' title='bbox 415 1269 490 1302; x_wconf 85' lang='lat' dir='ltr'>fiel.</span> <span class='ocrx_word' id='word_1_191' title='bbox 541 1268 579 1303; x_wconf 84' lang='lat' dir='ltr'>S.</span> <span class='ocrx_word' id='word_1_192' title='bbox 615 1269 724 1304; x_wconf 84' lang='lat' dir='ltr'>Ovid.</span> <span class='ocrx_word' id='word_1_193' title='bbox 757 1271 856 1304; x_wconf 87' lang='lat' dir='ltr'>Fast.</span> <span class='ocrx_word' id='word_1_194' title='bbox 875 1272 951 1313; x_wconf 88' lang='lat'>111,</span> <span class='ocrx_word' id='word_1_195' title='bbox 975 1273 1050 1306; x_wconf 83' lang='lat'>713.</span> <span class='ocrx_word' id='word_1_196' title='bbox 1071 1273 1147 1305; x_wconf 89' lang='lat'>771.</span> <span class='ocrx_word' id='word_1_197' title='bbox 1187 1272 1233 1304; x_wconf 88' lang='lat' dir='ltr'>ad</span> <span class='ocrx_word' id='word_1_198' title='bbox 1271 1271 1384 1305; x_wconf 88' lang='lat' dir='ltr'>Attic.</span> <span class='ocrx_word' id='word_1_199' title='bbox 1403 1272 1516 1314; x_wconf 86' lang='lat' dir='ltr'>XIV,</span> <span class='ocrx_word' id='word_1_200' title='bbox 1536 1273 1590 1306; x_wconf 86' lang='lat'>10.</span> <span class='ocrx_word' id='word_1_201' title='bbox 1616 1271 1662 1304; x_wconf 92' lang='lat' dir='ltr'>ad</span> 
     </span>
     <span class='ocr_line' id='line_1_22' title="bbox 202 1314 1665 1358; baseline 0.003 -11"><span class='ocrx_word' id='word_1_202' title='bbox 202 1314 355 1348; x_wconf 74' lang='lat' dir='ltr'>Divers.</span> <span class='ocrx_word' id='word_1_203' title='bbox 375 1315 472 1358; x_wconf 83' lang='grc' dir='ltr'>ΧΠ,</span> <span class='ocrx_word' id='word_1_204' title='bbox 496 1314 552 1348; x_wconf 84' lang='grc'>25.</span> <span class='ocrx_word' id='word_1_205' title='bbox 574 1334 615 1339; x_wconf 82' lang='grc'><strong>-</strong></span> <span class='ocrx_word' id='word_1_206' title='bbox 661 1317 869 1353; x_wconf 79' lang='lat' dir='ltr'>observabo.</span> <span class='ocrx_word' id='word_1_207' title='bbox 897 1317 1078 1353; x_wconf 81' lang='lat' dir='ltr'>Quoniam</span> <span class='ocrx_word' id='word_1_208' title='bbox 1105 1324 1247 1350; x_wconf 89' lang='lat' dir='ltr'>mutare</span> <span class='ocrx_word' id='word_1_209' title='bbox 1273 1317 1351 1350; x_wconf 86' lang='lat' dir='ltr'>dies</span> <span class='ocrx_word' id='word_1_210' title='bbox 1378 1317 1524 1351; x_wconf 78' lang='lat' dir='ltr'>solebat</span> <span class='ocrx_word' id='word_1_211' title='bbox 1549 1317 1665 1351; x_wconf 89' lang='lat' dir='ltr'>inter-</span> 
     </span>
     <span class='ocr_line' id='line_1_23' title="bbox 201 1360 1665 1407; baseline 0.002 -14"><span class='ocrx_word' id='word_1_212' title='bbox 201 1360 356 1400; x_wconf 85' lang='lat' dir='ltr'>calatio,</span> <span class='ocrx_word' id='word_1_213' title='bbox 391 1368 445 1403; x_wconf 87' lang='lat' dir='ltr'>et,</span> <span class='ocrx_word' id='word_1_214' title='bbox 478 1360 733 1396; x_wconf 84' lang='lat' dir='ltr'>intercalatum</span> <span class='ocrx_word' id='word_1_215' title='bbox 768 1369 866 1397; x_wconf 86' lang='lat' dir='ltr'>esset</span> <span class='ocrx_word' id='word_1_216' title='bbox 898 1374 1032 1405; x_wconf 90' lang='lat' dir='ltr'>necne,</span> <span class='ocrx_word' id='word_1_217' title='bbox 1065 1363 1197 1397; x_wconf 84' lang='lat' dir='ltr'>Cicero</span> <span class='ocrx_word' id='word_1_218' title='bbox 1235 1363 1449 1407; x_wconf 81' lang='lat' dir='ltr'>ignorabat,</span> <span class='ocrx_word' id='word_1_219' title='bbox 1484 1375 1576 1407; x_wconf 77' lang='lat' dir='ltr'>ego,</span> <span class='ocrx_word' id='word_1_220' title='bbox 1608 1363 1665 1396; x_wconf 91' lang='lat' dir='ltr'>in-</span> 
     </span>
     <span class='ocr_line' id='line_1_24' title="bbox 202 1406 1665 1453; baseline 0.002 -14"><span class='ocrx_word' id='word_1_221' title='bbox 202 1406 296 1450; x_wconf 87' lang='lat' dir='ltr'>quit,</span> <span class='ocrx_word' id='word_1_222' title='bbox 321 1407 513 1441; x_wconf 84' lang='lat' dir='ltr'>Liberalia</span> <span class='ocrx_word' id='word_1_223' title='bbox 538 1408 592 1442; x_wconf 88' lang='lat' dir='ltr'>sic</span> <span class='ocrx_word' id='word_1_224' title='bbox 618 1409 847 1453; x_wconf 85' lang='lat' dir='ltr'>observabo,</span> <span class='ocrx_word' id='word_1_225' title='bbox 875 1409 979 1453; x_wconf 84' lang='lat' dir='ltr'>quasi</span> <span class='ocrx_word' id='word_1_226' title='bbox 1005 1410 1262 1443; x_wconf 84' lang='lat' dir='ltr'>intercalatum</span> <span class='ocrx_word' id='word_1_227' title='bbox 1287 1420 1360 1442; x_wconf 90' lang='lat' dir='ltr'>non</span> <span class='ocrx_word' id='word_1_228' title='bbox 1386 1409 1453 1453; x_wconf 70' lang='lat' dir='ltr'>sit,</span> <span class='ocrx_word' id='word_1_229' title='bbox 1488 1421 1572 1451; x_wconf 83' lang='lat' dir='ltr'>suo,</span> <span class='ocrx_word' id='word_1_230' title='bbox 1607 1409 1665 1442; x_wconf 90' lang='lat' dir='ltr'>in-</span> 
     </span>
     <span class='ocr_line' id='line_1_25' title="bbox 203 1453 1663 1499; baseline 0.003 -13"><span class='ocrx_word' id='word_1_231' title='bbox 203 1464 325 1496; x_wconf 87' lang='lat' dir='ltr'>quam,</span> <span class='ocrx_word' id='word_1_232' title='bbox 350 1453 411 1487; x_wconf 89' lang='lat' dir='ltr'>die</span> <span class='ocrx_word' id='word_1_233' title='bbox 438 1455 660 1498; x_wconf 78' lang='lat' dir='ltr'>observabo,</span> <span class='ocrx_word' id='word_1_234' title='bbox 687 1456 833 1499; x_wconf 89' lang='lat' dir='ltr'>quando</span> <span class='ocrx_word' id='word_1_235' title='bbox 851 1456 941 1490; x_wconf 88' lang='lat' dir='ltr'>mihi</span> <span class='ocrx_word' id='word_1_236' title='bbox 958 1462 1014 1489; x_wconf 91' lang='lat' dir='ltr'>est</span> <span class='ocrx_word' id='word_1_237' title='bbox 1034 1455 1160 1499; x_wconf 80' lang='lat' dir='ltr'>ignota</span> <span class='ocrx_word' id='word_1_238' title='bbox 1180 1455 1426 1489; x_wconf 77' lang='lat' dir='ltr'>intercalatio.</span> <span class='ocrx_word' id='word_1_239' title='bbox 1453 1455 1663 1491; x_wconf 79' lang='lat' dir='ltr'>MANUT.</span> 
     </span>
     <span class='ocr_line' id='line_1_26' title="bbox 203 1498 1662 1545; baseline 0.002 -12"><span class='ocrx_word' id='word_1_240' title='bbox 203 1498 242 1534; x_wconf 89' lang='lat' dir='ltr'>S.</span> <span class='ocrx_word' id='word_1_241' title='bbox 269 1511 327 1543; x_wconf 90' lang='lat' dir='ltr'>ep.</span> <span class='ocrx_word' id='word_1_242' title='bbox 352 1500 464 1543; x_wconf 85' lang='lat' dir='ltr'>CCL,</span> <span class='ocrx_word' id='word_1_243' title='bbox 488 1502 530 1534; x_wconf 81' lang='grc'>14</span> <span class='ocrx_word' id='word_1_244' title='bbox 556 1513 611 1535; x_wconf 87' lang='lat' dir='ltr'>am</span> <span class='ocrx_word' id='word_1_245' title='bbox 636 1503 756 1536; x_wconf 87' lang='lat' dir='ltr'>Ende.</span> <span class='ocrx_word' id='word_1_246' title='bbox 778 1522 823 1528; x_wconf 90' lang='lat'>—-</span> <span class='ocrx_word' id='word_1_247' title='bbox 862 1502 901 1536; x_wconf 80' lang='lat' dir='ltr'>in</span> <span class='ocrx_word' id='word_1_248' title='bbox 935 1513 1050 1536; x_wconf 79' lang='lat' dir='ltr'>amor.</span> <span class='ocrx_word' id='word_1_249' title='bbox 1084 1506 1155 1545; x_wconf 84' lang='lat' dir='ltr'>est,</span> <span class='ocrx_word' id='word_1_250' title='bbox 1192 1502 1309 1535; x_wconf 88' lang='lat' dir='ltr'>bleibt</span> <span class='ocrx_word' id='word_1_251' title='bbox 1340 1502 1439 1535; x_wconf 88' lang='lat' dir='ltr'>mein</span> <span class='ocrx_word' id='word_1_252' title='bbox 1470 1502 1662 1545; x_wconf 86' lang='lat' dir='ltr'>Liebling.</span> 
     </span>
     <span class='ocr_line' id='line_1_27' title="bbox 205 1545 1666 1592; baseline 0.001 -12"><span class='ocrx_word' id='word_1_253' title='bbox 205 1545 260 1580; x_wconf 87' lang='lat' dir='ltr'>zu</span> <span class='ocrx_word' id='word_1_254' title='bbox 284 1545 436 1591; x_wconf 78' lang='lat' dir='ltr'>Dionys.</span> <span class='ocrx_word' id='word_1_255' title='bbox 465 1548 527 1590; x_wconf 79' lang='lat' dir='ltr'>vgl</span> <span class='ocrx_word' id='word_1_256' title='bbox 556 1559 613 1592; x_wconf 89' lang='lat' dir='ltr'>ep.</span> <span class='ocrx_word' id='word_1_257' title='bbox 632 1549 784 1591; x_wconf 87' lang='lat' dir='ltr'>CXCV,</span> <span class='ocrx_word' id='word_1_258' title='bbox 804 1550 837 1583; x_wconf 82' lang='lat'>3.</span> <span class='ocrx_word' id='word_1_259' title='bbox 888 1549 942 1582; x_wconf 88' lang='lat' dir='ltr'>Er</span> <span class='ocrx_word' id='word_1_260' title='bbox 974 1559 1054 1581; x_wconf 86' lang='lat' dir='ltr'>war</span> <span class='ocrx_word' id='word_1_261' title='bbox 1078 1548 1298 1582; x_wconf 88' lang='lat' dir='ltr'>Ciceronum</span> <span class='ocrx_word' id='word_1_262' title='bbox 1326 1559 1523 1592; x_wconf 88' lang='lat' dir='ltr'>puerorum</span> <span class='ocrx_word' id='word_1_263' title='bbox 1549 1548 1666 1592; x_wconf 82' lang='lat' dir='ltr'>magi-</span> 
     </span>
     <span class='ocr_line' id='line_1_28' title="bbox 204 1594 1666 1640; baseline 0.003 -16"><span class='ocrx_word' id='word_1_264' title='bbox 204 1598 292 1625; x_wconf 88' lang='lat' dir='ltr'>ster.</span> <span class='ocrx_word' id='word_1_265' title='bbox 311 1610 355 1616; x_wconf 93' lang='lat'>—</span> <span class='ocrx_word' id='word_1_266' title='bbox 398 1604 462 1626; x_wconf 83' lang='lat' dir='ltr'>nec</span> <span class='ocrx_word' id='word_1_267' title='bbox 486 1595 630 1627; x_wconf 80' lang='lat' dir='ltr'>doctior</span> <span class='ocrx_word' id='word_1_268' title='bbox 649 1620 681 1630; x_wconf 83' lang='lat'>..</span> <span class='ocrx_word' id='word_1_269' title='bbox 708 1599 820 1630; x_wconf 79' lang='lat' dir='ltr'>sanct.</span> <span class='ocrx_word' id='word_1_270' title='bbox 847 1620 855 1630; x_wconf 91' lang='lat'>.</span> <span class='ocrx_word' id='word_1_271' title='bbox 874 1619 883 1630; x_wconf 85' lang='lat'>.</span> <span class='ocrx_word' id='word_1_272' title='bbox 909 1594 1095 1629; x_wconf 79' lang='lat' dir='ltr'>amantior</span> <span class='ocrx_word' id='word_1_273' title='bbox 1120 1594 1201 1630; x_wconf 82' lang='lat' dir='ltr'>scil.</span> <span class='ocrx_word' id='word_1_274' title='bbox 1220 1594 1407 1640; x_wconf 70' lang='lat' dir='ltr'>Dionysio</span> <span class='ocrx_word' id='word_1_275' title='bbox 1432 1595 1515 1638; x_wconf 81' lang='lat' dir='ltr'>fieri</span> <span class='ocrx_word' id='word_1_276' title='bbox 1535 1598 1666 1639; x_wconf 82' lang='lat' dir='ltr'>potest,</span> 
     </span>
     <span class='ocr_line' id='line_1_29' title="bbox 203 1636 652 1683; baseline 0.013 -13"><span class='ocrx_word' id='word_1_277' title='bbox 203 1636 301 1671; x_wconf 87' lang='lat' dir='ltr'>kann</span> <span class='ocrx_word' id='word_1_278' title='bbox 329 1649 367 1672; x_wconf 87' lang='lat' dir='ltr'>es</span> <span class='ocrx_word' id='word_1_279' title='bbox 393 1639 494 1672; x_wconf 90' lang='lat' dir='ltr'>nicht</span> <span class='ocrx_word' id='word_1_280' title='bbox 519 1641 652 1683; x_wconf 81' lang='lat' dir='ltr'>geben.</span> 
     </span>
    </p>

    <p class='ocr_par' dir='ltr' id='par_1_5' title="bbox 205 1686 1679 2747">
     <span class='ocr_line' id='line_1_30' title="bbox 297 1686 1668 1731; baseline 0.002 -14"><span class='ocrx_word' id='word_1_281' title='bbox 297 1686 352 1719; x_wconf 87' lang='lat'>13.</span> <span class='ocrx_word' id='word_1_282' title='bbox 390 1686 432 1721; x_wconf 78' lang='lat' dir='ltr'>Q.</span> <span class='ocrx_word' id='word_1_283' title='bbox 460 1686 648 1721; x_wconf 87' lang='lat' dir='ltr'>Minucius</span> <span class='ocrx_word' id='word_1_284' title='bbox 677 1687 871 1731; x_wconf 79' lang='lat' dir='ltr'>Thermus,</span> <span class='ocrx_word' id='word_1_285' title='bbox 904 1688 994 1722; x_wconf 87' lang='lat' dir='ltr'>ietzt</span> <span class='ocrx_word' id='word_1_286' title='bbox 1019 1687 1240 1723; x_wconf 87' lang='lat' dir='ltr'>Statthalter</span> <span class='ocrx_word' id='word_1_287' title='bbox 1264 1687 1301 1722; x_wconf 90' lang='lat' dir='ltr'>in</span> <span class='ocrx_word' id='word_1_288' title='bbox 1327 1687 1464 1730; x_wconf 88' lang='lat' dir='ltr'>Asien,</span> <span class='ocrx_word' id='word_1_289' title='bbox 1489 1687 1534 1721; x_wconf 93' lang='lat' dir='ltr'>P.</span> <span class='ocrx_word' id='word_1_290' title='bbox 1551 1687 1668 1721; x_wconf 70' lang='lat' dir='ltr'>Silius</span> 
     </span>
     <span class='ocr_line' id='line_1_31' title="bbox 205 1728 1665 1780; baseline 0.003 -16"><span class='ocrx_word' id='word_1_291' title='bbox 205 1728 332 1764; x_wconf 87' lang='lat' dir='ltr'>Nerva</span> <span class='ocrx_word' id='word_1_292' title='bbox 367 1731 405 1764; x_wconf 95' lang='lat' dir='ltr'>in</span> <span class='ocrx_word' id='word_1_293' title='bbox 436 1731 642 1777; x_wconf 78' lang='lat' dir='ltr'>Bithynien</span> <span class='ocrx_word' id='word_1_294' title='bbox 684 1745 718 1767; x_wconf 87' lang='lat' dir='ltr'>u.</span> <span class='ocrx_word' id='word_1_295' title='bbox 753 1734 802 1767; x_wconf 91' lang='lat' dir='ltr'>im</span> <span class='ocrx_word' id='word_1_296' title='bbox 835 1735 977 1769; x_wconf 85' lang='lat' dir='ltr'>Pontus</span> <span class='ocrx_word' id='word_1_297' title='bbox 1011 1738 1055 1778; x_wconf 87' lang='lat' dir='ltr'>(s.</span> <span class='ocrx_word' id='word_1_298' title='bbox 1084 1746 1142 1780; x_wconf 90' lang='lat' dir='ltr'>ep.</span> <span class='ocrx_word' id='word_1_299' title='bbox 1164 1734 1261 1777; x_wconf 89' lang='lat' dir='ltr'>CCI,</span> <span class='ocrx_word' id='word_1_300' title='bbox 1286 1735 1319 1769; x_wconf 83' lang='lat'>2.</span> <span class='ocrx_word' id='word_1_301' title='bbox 1353 1745 1387 1767; x_wconf 93' lang='lat' dir='ltr'>u.</span> <span class='ocrx_word' id='word_1_302' title='bbox 1414 1733 1665 1768; x_wconf 90' lang='lat' dir='ltr'>CCXXXIII.</span> 
     </span>
     <span class='ocr_line' id='line_1_32' title="bbox 206 1776 1669 1824; baseline 0.001 -14"><span class='ocrx_word' id='word_1_303' title='bbox 206 1776 318 1818; x_wconf 85' lang='lat' dir='ltr'>CCL,</span> <span class='ocrx_word' id='word_1_304' title='bbox 344 1779 399 1812; x_wconf 83' lang='lat'>14.</span> <span class='ocrx_word' id='word_1_305' title='bbox 435 1779 594 1821; x_wconf 72' lang='lat' dir='ltr'>CCLU,</span> <span class='ocrx_word' id='word_1_306' title='bbox 633 1780 837 1814; x_wconf 89' lang='lat' dir='ltr'>verdienen</span> <span class='ocrx_word' id='word_1_307' title='bbox 874 1781 943 1815; x_wconf 89' lang='lat' dir='ltr'>den</span> <span class='ocrx_word' id='word_1_308' title='bbox 976 1781 1116 1824; x_wconf 89' lang='lat' dir='ltr'>Ruhm,</span> <span class='ocrx_word' id='word_1_309' title='bbox 1150 1780 1220 1814; x_wconf 89' lang='lat' dir='ltr'>den</span> <span class='ocrx_word' id='word_1_310' title='bbox 1254 1781 1315 1814; x_wconf 86' lang='lat' dir='ltr'>Du</span> <span class='ocrx_word' id='word_1_311' title='bbox 1348 1791 1420 1813; x_wconf 80' lang='lat' dir='ltr'>von</span> <span class='ocrx_word' id='word_1_312' title='bbox 1447 1780 1558 1813; x_wconf 89' lang='lat' dir='ltr'>ihnen</span> <span class='ocrx_word' id='word_1_313' title='bbox 1583 1790 1669 1813; x_wconf 73' lang='lat' dir='ltr'>ver-</span> 
     </span>
     <span class='ocr_line' id='line_1_33' title="bbox 205 1822 1669 1872; baseline 0.003 -18"><span class='ocrx_word' id='word_1_314' title='bbox 205 1822 363 1858; x_wconf 88' lang='lat' dir='ltr'>nimmst.</span> <span class='ocrx_word' id='word_1_315' title='bbox 391 1843 433 1849; x_wconf 93' lang='lat'>--</span> <span class='ocrx_word' id='word_1_316' title='bbox 481 1826 538 1859; x_wconf 91' lang='lat' dir='ltr'>M.</span> <span class='ocrx_word' id='word_1_317' title='bbox 564 1825 708 1860; x_wconf 81' lang='lat' dir='ltr'>Nonius</span> <span class='ocrx_word' id='word_1_318' title='bbox 739 1825 894 1861; x_wconf 79' lang='lat' dir='ltr'>Sufenas</span> <span class='ocrx_word' id='word_1_319' title='bbox 933 1828 1078 1862; x_wconf 87' lang='lat' dir='ltr'>Cretam</span> <span class='ocrx_word' id='word_1_320' title='bbox 1117 1833 1153 1861; x_wconf 90' lang='lat' dir='ltr'>et</span> <span class='ocrx_word' id='word_1_321' title='bbox 1184 1828 1357 1872; x_wconf 74' lang='lat' dir='ltr'>Cyrenen</span> <span class='ocrx_word' id='word_1_322' title='bbox 1395 1826 1462 1859; x_wconf 87' lang='lat' dir='ltr'>illo</span> <span class='ocrx_word' id='word_1_323' title='bbox 1499 1832 1669 1870; x_wconf 86' lang='lat' dir='ltr'>tempore</span> 
     </span>
     <span class='ocr_line' id='line_1_34' title="bbox 207 1870 1671 1917; baseline 0.003 -16"><span class='ocrx_word' id='word_1_324' title='bbox 207 1876 434 1913; x_wconf 86' lang='lat' dir='ltr'>propraetor</span> <span class='ocrx_word' id='word_1_325' title='bbox 459 1870 546 1904; x_wconf 90' lang='lat' dir='ltr'>item</span> <span class='ocrx_word' id='word_1_326' title='bbox 573 1883 621 1905; x_wconf 85' lang='lat' dir='ltr'>ex</span> <span class='ocrx_word' id='word_1_327' title='bbox 646 1873 731 1917; x_wconf 82' lang='lat' dir='ltr'>lege</span> <span class='ocrx_word' id='word_1_328' title='bbox 747 1873 927 1917; x_wconf 89' lang='lat' dir='ltr'>Pompeia</span> <span class='ocrx_word' id='word_1_329' title='bbox 944 1874 1108 1917; x_wconf 77' lang='lat' dir='ltr'>regebat.</span> <span class='ocrx_word' id='word_1_330' title='bbox 1125 1892 1169 1897; x_wconf 89' lang='lat'>—</span> <span class='ocrx_word' id='word_1_331' title='bbox 1202 1875 1266 1908; x_wconf 91' lang='lat' dir='ltr'>Cn.</span> <span class='ocrx_word' id='word_1_332' title='bbox 1286 1872 1510 1906; x_wconf 85' lang='lat' dir='ltr'>Tremellius</span> <span class='ocrx_word' id='word_1_333' title='bbox 1526 1871 1671 1915; x_wconf 78' lang='lat' dir='ltr'>Scrofa,</span> 
     </span>
     <span class='ocr_line' id='line_1_35' title="bbox 209 1914 1669 1963; baseline 0.003 -16"><span class='ocrx_word' id='word_1_334' title='bbox 209 1914 274 1957; x_wconf 85' lang='lat' dir='ltr'>qui</span> <span class='ocrx_word' id='word_1_335' title='bbox 299 1916 357 1949; x_wconf 78' lang='lat' dir='ltr'>vel</span> <span class='ocrx_word' id='word_1_336' title='bbox 385 1917 454 1950; x_wconf 90' lang='lat' dir='ltr'>fuit</span> <span class='ocrx_word' id='word_1_337' title='bbox 479 1917 549 1950; x_wconf 88' lang='lat' dir='ltr'>iam</span> <span class='ocrx_word' id='word_1_338' title='bbox 575 1926 801 1963; x_wconf 87' lang='lat' dir='ltr'>propraetor</span> <span class='ocrx_word' id='word_1_339' title='bbox 824 1920 1069 1953; x_wconf 81' lang='lat' dir='ltr'>Macedoniae</span> <span class='ocrx_word' id='word_1_340' title='bbox 1105 1920 1165 1952; x_wconf 91' lang='lat' dir='ltr'>vel</span> <span class='ocrx_word' id='word_1_341' title='bbox 1199 1919 1300 1953; x_wconf 89' lang='lat' dir='ltr'>illam</span> <span class='ocrx_word' id='word_1_342' title='bbox 1334 1918 1561 1963; x_wconf 87' lang='lat' dir='ltr'>provinciam</span> <span class='ocrx_word' id='word_1_343' title='bbox 1595 1925 1669 1952; x_wconf 88' lang='lat' dir='ltr'>tum</span> 
     </span>
     <span class='ocr_line' id='line_1_36' title="bbox 210 1962 1671 2008; baseline 0.003 -16"><span class='ocrx_word' id='word_1_344' title='bbox 210 1962 434 2006; x_wconf 90' lang='lat' dir='ltr'>concupivit.</span> <span class='ocrx_word' id='word_1_345' title='bbox 483 1963 524 1998; x_wconf 87' lang='lat' dir='ltr'>Si</span> <span class='ocrx_word' id='word_1_346' title='bbox 550 1965 672 2008; x_wconf 85' lang='lat' dir='ltr'>prius:</span> <span class='ocrx_word' id='word_1_347' title='bbox 706 1966 840 2000; x_wconf 90' lang='lat' dir='ltr'>Cicero</span> <span class='ocrx_word' id='word_1_348' title='bbox 866 1966 934 1999; x_wconf 89' lang='lat' dir='ltr'>ait:</span> <span class='ocrx_word' id='word_1_349' title='bbox 960 1967 1036 2000; x_wconf 90' lang='lat' dir='ltr'>Iam</span> <span class='ocrx_word' id='word_1_350' title='bbox 1063 1965 1195 2000; x_wconf 83' lang='lat' dir='ltr'>Scrofa</span> <span class='ocrx_word' id='word_1_351' title='bbox 1219 1966 1355 1999; x_wconf 82' lang='lat' dir='ltr'>vellem</span> <span class='ocrx_word' id='word_1_352' title='bbox 1382 1965 1538 1998; x_wconf 89' lang='lat' dir='ltr'>haberet</span> <span class='ocrx_word' id='word_1_353' title='bbox 1563 1975 1671 1997; x_wconf 89' lang='lat' dir='ltr'>occa-</span> 
     </span>
     <span class='ocr_line' id='line_1_37' title="bbox 209 2007 1672 2056; baseline 0.002 -16"><span class='ocrx_word' id='word_1_354' title='bbox 209 2007 353 2041; x_wconf 87' lang='lat' dir='ltr'>sionem</span> <span class='ocrx_word' id='word_1_355' title='bbox 380 2009 416 2042; x_wconf 92' lang='lat' dir='ltr'>in</span> <span class='ocrx_word' id='word_1_356' title='bbox 442 2010 638 2053; x_wconf 83' lang='lat' dir='ltr'>provincia</span> <span class='ocrx_word' id='word_1_357' title='bbox 663 2022 749 2055; x_wconf 89' lang='lat' dir='ltr'>sua,</span> <span class='ocrx_word' id='word_1_358' title='bbox 783 2012 845 2046; x_wconf 90' lang='lat' dir='ltr'>ubi</span> <span class='ocrx_word' id='word_1_359' title='bbox 878 2020 1006 2056; x_wconf 84' lang='lat' dir='ltr'>posset</span> <span class='ocrx_word' id='word_1_360' title='bbox 1042 2013 1195 2046; x_wconf 85' lang='lat' dir='ltr'>honeste.</span> <span class='ocrx_word' id='word_1_361' title='bbox 1221 2022 1259 2045; x_wconf 86' lang='lat' dir='ltr'>se</span> <span class='ocrx_word' id='word_1_362' title='bbox 1285 2021 1428 2054; x_wconf 83' lang='lat' dir='ltr'>gerere.</span> <span class='ocrx_word' id='word_1_363' title='bbox 1478 2010 1519 2044; x_wconf 84' lang='lat' dir='ltr'>Si</span> <span class='ocrx_word' id='word_1_364' title='bbox 1546 2016 1672 2054; x_wconf 88' lang='lat' dir='ltr'>poste-</span> 
     </span>
     <span class='ocr_line' id='line_1_38' title="bbox 209 2052 1672 2101; baseline 0.002 -15"><span class='ocrx_word' id='word_1_365' title='bbox 209 2052 311 2096; x_wconf 85' lang='lat' dir='ltr'>rius,</span> <span class='ocrx_word' id='word_1_366' title='bbox 337 2055 545 2099; x_wconf 84' lang='lat' dir='ltr'>acciperem</span> <span class='ocrx_word' id='word_1_367' title='bbox 573 2057 644 2091; x_wconf 89' lang='lat' dir='ltr'>sic:</span> <span class='ocrx_word' id='word_1_368' title='bbox 681 2059 756 2092; x_wconf 91' lang='lat' dir='ltr'>Iam</span> <span class='ocrx_word' id='word_1_369' title='bbox 783 2058 937 2093; x_wconf 71' lang='lat' dir='ltr'>Scrofae</span> <span class='ocrx_word' id='word_1_370' title='bbox 962 2059 1098 2091; x_wconf 73' lang='lat' dir='ltr'>vellem</span> <span class='ocrx_word' id='word_1_371' title='bbox 1131 2058 1345 2101; x_wconf 68' lang='lat' dir='ltr'>obtingeret</span> <span class='ocrx_word' id='word_1_372' title='bbox 1375 2055 1569 2101; x_wconf 80' lang='lat' dir='ltr'>provincia</span> <span class='ocrx_word' id='word_1_373' title='bbox 1593 2057 1672 2090; x_wconf 80' lang='lat' dir='ltr'>Ma-</span> 
     </span>
     <span class='ocr_line' id='line_1_39' title="bbox 212 2099 1674 2148; baseline 0.003 -17"><span class='ocrx_word' id='word_1_374' title='bbox 212 2099 388 2142; x_wconf 85' lang='lat' dir='ltr'>cedonia,</span> <span class='ocrx_word' id='word_1_375' title='bbox 423 2102 484 2134; x_wconf 88' lang='lat' dir='ltr'>nbi</span> <span class='ocrx_word' id='word_1_376' title='bbox 516 2109 644 2146; x_wconf 86' lang='lat' dir='ltr'>posset</span> <span class='ocrx_word' id='word_1_377' title='bbox 678 2104 835 2138; x_wconf 83' lang='lat' dir='ltr'>honeste</span> <span class='ocrx_word' id='word_1_378' title='bbox 869 2116 908 2138; x_wconf 87' lang='lat' dir='ltr'>se</span> <span class='ocrx_word' id='word_1_379' title='bbox 940 2116 1073 2148; x_wconf 79' lang='lat' dir='ltr'>gerens</span> <span class='ocrx_word' id='word_1_380' title='bbox 1106 2105 1248 2137; x_wconf 89' lang='lat' dir='ltr'>lucrum</span> <span class='ocrx_word' id='word_1_381' title='bbox 1280 2109 1398 2136; x_wconf 83' lang='lat' dir='ltr'>tamen</span> <span class='ocrx_word' id='word_1_382' title='bbox 1423 2103 1560 2136; x_wconf 83' lang='lat' dir='ltr'>facere.</span> <span class='ocrx_word' id='word_1_383' title='bbox 1604 2102 1674 2135; x_wconf 84' lang='lat' dir='ltr'>Est</span> 
     </span>
     <span class='ocr_line' id='line_1_40' title="bbox 212 2145 1672 2193; baseline 0.001 -15"><span class='ocrx_word' id='word_1_384' title='bbox 212 2145 309 2179; x_wconf 88' lang='lat' dir='ltr'>enim</span> <span class='ocrx_word' id='word_1_385' title='bbox 336 2147 474 2180; x_wconf 76' lang='lat' dir='ltr'>lantum</span> <span class='ocrx_word' id='word_1_386' title='bbox 500 2150 685 2191; x_wconf 73' lang='lat' dir='ltr'>negotium</span> <span class='ocrx_word' id='word_1_387' title='bbox 716 2151 751 2184; x_wconf 89' lang='lat' dir='ltr'>h.</span> <span class='ocrx_word' id='word_1_388' title='bbox 772 2162 804 2185; x_wconf 88' lang='lat' dir='ltr'>e.</span> <span class='ocrx_word' id='word_1_389' title='bbox 831 2151 1054 2185; x_wconf 87' lang='lat' dir='ltr'>Macedonia</span> <span class='ocrx_word' id='word_1_390' title='bbox 1088 2150 1182 2184; x_wconf 88' lang='lat' dir='ltr'>enim</span> <span class='ocrx_word' id='word_1_391' title='bbox 1215 2155 1270 2184; x_wconf 86' lang='lat' dir='ltr'>est</span> <span class='ocrx_word' id='word_1_392' title='bbox 1295 2160 1337 2182; x_wconf 90' lang='lat' dir='ltr'>ea</span> <span class='ocrx_word' id='word_1_393' title='bbox 1362 2147 1578 2193; x_wconf 81' lang='lat' dir='ltr'>provincia,</span> <span class='ocrx_word' id='word_1_394' title='bbox 1609 2147 1672 2181; x_wconf 90' lang='lat' dir='ltr'>ubi</span> 
     </span>
     <span class='ocr_line' id='line_1_41' title="bbox 212 2193 1673 2241; baseline 0.001 -16"><span class='ocrx_word' id='word_1_395' title='bbox 212 2193 458 2237; x_wconf 87' lang='lat' dir='ltr'>proconsules</span> <span class='ocrx_word' id='word_1_396' title='bbox 483 2194 594 2229; x_wconf 82' lang='lat' dir='ltr'>facile</span> <span class='ocrx_word' id='word_1_397' title='bbox 620 2196 805 2231; x_wconf 87' lang='lat' dir='ltr'>ditescere</span> <span class='ocrx_word' id='word_1_398' title='bbox 820 2197 978 2241; x_wconf 85' lang='lat' dir='ltr'>possint,</span> <span class='ocrx_word' id='word_1_399' title='bbox 1006 2196 1114 2231; x_wconf 82' lang='lat' dir='ltr'>etiam</span> <span class='ocrx_word' id='word_1_400' title='bbox 1139 2196 1171 2229; x_wconf 90' lang='lat' dir='ltr'>si</span> <span class='ocrx_word' id='word_1_401' title='bbox 1196 2207 1269 2229; x_wconf 89' lang='lat' dir='ltr'>non</span> <span class='ocrx_word' id='word_1_402' title='bbox 1296 2195 1432 2228; x_wconf 87' lang='lat' dir='ltr'>iniuste</span> <span class='ocrx_word' id='word_1_403' title='bbox 1458 2200 1567 2237; x_wconf 80' lang='lat' dir='ltr'>agant</span> <span class='ocrx_word' id='word_1_404' title='bbox 1592 2205 1673 2228; x_wconf 89' lang='lat' dir='ltr'>cum</span> 
     </span>
     <span class='ocr_line' id='line_1_42' title="bbox 215 2237 1674 2285; baseline 0.001 -15"><span class='ocrx_word' id='word_1_405' title='bbox 215 2237 519 2284; x_wconf 86' lang='lat' dir='ltr'>provincialibus.</span> <span class='ocrx_word' id='word_1_406' title='bbox 567 2242 660 2275; x_wconf 87' lang='lat' dir='ltr'>Nam</span> <span class='ocrx_word' id='word_1_407' title='bbox 686 2243 749 2285; x_wconf 89' lang='lat' dir='ltr'>qui</span> <span class='ocrx_word' id='word_1_408' title='bbox 773 2244 866 2277; x_wconf 91' lang='lat' dir='ltr'>haec</span> <span class='ocrx_word' id='word_1_409' title='bbox 892 2244 938 2276; x_wconf 91' lang='lat' dir='ltr'>de</span> <span class='ocrx_word' id='word_1_410' title='bbox 956 2242 1127 2276; x_wconf 87' lang='lat' dir='ltr'>laudibus</span> <span class='ocrx_word' id='word_1_411' title='bbox 1143 2241 1336 2276; x_wconf 89' lang='lat' dir='ltr'>Ciceronis</span> <span class='ocrx_word' id='word_1_412' title='bbox 1362 2241 1407 2274; x_wconf 89' lang='lat' dir='ltr'>ad</span> <span class='ocrx_word' id='word_1_413' title='bbox 1434 2240 1674 2274; x_wconf 88' lang='lat' dir='ltr'>obtinendam</span> 
     </span>
     <span class='ocr_line' id='line_1_43' title="bbox 214 2285 1675 2332; baseline 0.001 -13"><span class='ocrx_word' id='word_1_414' title='bbox 214 2285 525 2329; x_wconf 85' lang='lat' dir='ltr'>supplicationem</span> <span class='ocrx_word' id='word_1_415' title='bbox 540 2287 777 2332; x_wconf 84' lang='lat' dir='ltr'>intellexere,</span> <span class='ocrx_word' id='word_1_416' title='bbox 794 2289 894 2323; x_wconf 90' lang='lat' dir='ltr'>aliud</span> <span class='ocrx_word' id='word_1_417' title='bbox 909 2295 1076 2332; x_wconf 81' lang='lat' dir='ltr'>egerunt.</span> <span class='ocrx_word' id='word_1_418' title='bbox 1094 2288 1200 2322; x_wconf 84' lang='lat' dir='ltr'>SGH.</span> <span class='ocrx_word' id='word_1_419' title='bbox 1221 2289 1308 2331; x_wconf 80' lang='lat' dir='ltr'>Vgl.</span> <span class='ocrx_word' id='word_1_420' title='bbox 1324 2286 1675 2331; x_wconf 87' lang='lat' dir='ltr'>epist.CCXXVIII</span> 
     </span>
     <span class='ocr_line' id='line_1_44' title="bbox 215 2330 1675 2377; baseline 0.001 -13"><span class='ocrx_word' id='word_1_421' title='bbox 215 2330 263 2364; x_wconf 89' lang='lat' dir='ltr'>im</span> <span class='ocrx_word' id='word_1_422' title='bbox 289 2331 373 2365; x_wconf 83' lang='lat' dir='ltr'>Anf.</span> <span class='ocrx_word' id='word_1_423' title='bbox 414 2332 538 2366; x_wconf 89' lang='lat' dir='ltr'>Ueber</span> <span class='ocrx_word' id='word_1_424' title='bbox 564 2333 696 2367; x_wconf 88' lang='lat' dir='ltr'>Scrofa</span> <span class='ocrx_word' id='word_1_425' title='bbox 721 2346 749 2368; x_wconf 88' lang='lat' dir='ltr'>s.</span> <span class='ocrx_word' id='word_1_426' title='bbox 768 2337 894 2371; x_wconf 78' lang='lat' dir='ltr'>Varro</span> <span class='ocrx_word' id='word_1_427' title='bbox 920 2336 966 2369; x_wconf 89' lang='lat' dir='ltr'>de</span> <span class='ocrx_word' id='word_1_428' title='bbox 991 2335 1035 2368; x_wconf 84' lang='lat' dir='ltr'>R.</span> <span class='ocrx_word' id='word_1_429' title='bbox 1053 2335 1097 2368; x_wconf 82' lang='lat' dir='ltr'>R.</span> <span class='ocrx_word' id='word_1_430' title='bbox 1120 2337 1151 2377; x_wconf 93' lang='grc'>1,</span> <span class='ocrx_word' id='word_1_431' title='bbox 1166 2335 1199 2367; x_wconf 82' lang='lat'>2.</span> <span class='ocrx_word' id='word_1_432' title='bbox 1224 2354 1253 2358; x_wconf 83' lang='lat'>—</span> <span class='ocrx_word' id='word_1_433' title='bbox 1299 2335 1442 2368; x_wconf 77' lang='grc' dir='ltr'><em>πολίτ.</em></span> <span class='ocrx_word' id='word_1_434' title='bbox 1471 2333 1492 2366; x_wconf 88' lang='lat' dir='ltr'>i.</span> <span class='ocrx_word' id='word_1_435' title='bbox 1514 2344 1546 2366; x_wconf 89' lang='lat' dir='ltr'>e.</span> <span class='ocrx_word' id='word_1_436' title='bbox 1574 2335 1675 2367; x_wconf 75' lang='grc' dir='ltr'><em>πολι-</em></span> 
     </span>
     <span class='ocr_line' id='line_1_45' title="bbox 214 2377 1676 2425; baseline 0 -14"><span class='ocrx_word' id='word_1_437' title='bbox 214 2380 331 2415; x_wconf 68' lang='grc' dir='ltr'><em>τείαν,</em></span> <span class='ocrx_word' id='word_1_438' title='bbox 367 2377 545 2412; x_wconf 82' lang='lat' dir='ltr'>rationem</span> <span class='ocrx_word' id='word_1_439' title='bbox 571 2379 883 2415; x_wconf 87' lang='lat' dir='ltr'>administrandae</span> <span class='ocrx_word' id='word_1_440' title='bbox 908 2381 1136 2425; x_wconf 88' lang='lat' dir='ltr'>provinciae.</span> <span class='ocrx_word' id='word_1_441' title='bbox 1189 2380 1292 2421; x_wconf 88' lang='lat' dir='ltr'>„Die</span> <span class='ocrx_word' id='word_1_442' title='bbox 1318 2379 1475 2422; x_wconf 81' lang='lat' dir='ltr'>iibrigen</span> <span class='ocrx_word' id='word_1_443' title='bbox 1499 2378 1676 2413; x_wconf 84' lang='lat' dir='ltr'>Statthal-</span> 
     </span>
     <span class='ocr_line' id='line_1_46' title="bbox 216 2423 1675 2471; baseline 0 -15"><span class='ocrx_word' id='word_1_444' title='bbox 216 2429 274 2457; x_wconf 85' lang='lat' dir='ltr'>ter</span> <span class='ocrx_word' id='word_1_445' title='bbox 299 2423 517 2458; x_wconf 76' lang='lat' dir='ltr'>Romischer</span> <span class='ocrx_word' id='word_1_446' title='bbox 541 2425 756 2460; x_wconf 91' lang='lat' dir='ltr'>Provinzen</span> <span class='ocrx_word' id='word_1_447' title='bbox 781 2427 937 2461; x_wconf 82' lang='lat' dir='ltr'>wiirden</span> <span class='ocrx_word' id='word_1_448' title='bbox 963 2427 999 2460; x_wconf 91' lang='lat' dir='ltr'>in</span> <span class='ocrx_word' id='word_1_449' title='bbox 1026 2427 1148 2460; x_wconf 82' lang='lat' dir='ltr'>Cato&#39;s</span> <span class='ocrx_word' id='word_1_450' title='bbox 1162 2425 1352 2471; x_wconf 85' lang='lat' dir='ltr'>Republik</span> <span class='ocrx_word' id='word_1_451' title='bbox 1378 2425 1461 2459; x_wconf 88' lang='lat' dir='ltr'>eine</span> <span class='ocrx_word' id='word_1_452' title='bbox 1487 2424 1675 2458; x_wconf 87' lang='lat' dir='ltr'>schlechte</span> 
     </span>
     <span class='ocr_line' id='line_1_47' title="bbox 217 2469 1676 2515; baseline 0 -12"><span class='ocrx_word' id='word_1_453' title='bbox 217 2469 333 2512; x_wconf 76' lang='lat' dir='ltr'>Figur</span> <span class='ocrx_word' id='word_1_454' title='bbox 358 2471 559 2514; x_wconf 87' lang='lat' dir='ltr'>machen,”</span> <span class='ocrx_word' id='word_1_455' title='bbox 593 2471 626 2505; x_wconf 94' lang='lat' dir='ltr'>d.</span> <span class='ocrx_word' id='word_1_456' title='bbox 655 2471 678 2505; x_wconf 92' lang='lat' dir='ltr'>i.</span> <span class='ocrx_word' id='word_1_457' title='bbox 705 2473 795 2506; x_wconf 86' lang='lat' dir='ltr'>Cato</span> <span class='ocrx_word' id='word_1_458' title='bbox 821 2473 953 2506; x_wconf 77' lang='lat' dir='ltr'>wiirde</span> <span class='ocrx_word' id='word_1_459' title='bbox 978 2473 1034 2506; x_wconf 83' lang='lat' dir='ltr'>sie</span> <span class='ocrx_word' id='word_1_460' title='bbox 1060 2474 1153 2505; x_wconf 88' lang='lat' dir='ltr'>eben</span> <span class='ocrx_word' id='word_1_461' title='bbox 1179 2483 1220 2505; x_wconf 85' lang='lat' dir='ltr'>so</span> <span class='ocrx_word' id='word_1_462' title='bbox 1245 2471 1370 2515; x_wconf 82' lang='lat' dir='ltr'>wenig</span> <span class='ocrx_word' id='word_1_463' title='bbox 1397 2471 1431 2504; x_wconf 87' lang='lat' dir='ltr'>in</span> <span class='ocrx_word' id='word_1_464' title='bbox 1457 2470 1582 2504; x_wconf 87' lang='lat' dir='ltr'>seiner</span> <span class='ocrx_word' id='word_1_465' title='bbox 1599 2470 1676 2503; x_wconf 87' lang='lat' dir='ltr'>Re-</span> 
     </span>
     <span class='ocr_line' id='line_1_48' title="bbox 217 2515 1676 2563; baseline 0.001 -15"><span class='ocrx_word' id='word_1_466' title='bbox 217 2515 348 2560; x_wconf 79' lang='lat' dir='ltr'>publik</span> <span class='ocrx_word' id='word_1_467' title='bbox 374 2527 506 2560; x_wconf 81' lang='lat' dir='ltr'>wegen</span> <span class='ocrx_word' id='word_1_468' title='bbox 531 2518 630 2551; x_wconf 88' lang='lat' dir='ltr'>ihres</span> <span class='ocrx_word' id='word_1_469' title='bbox 657 2519 873 2553; x_wconf 82' lang='lat' dir='ltr'>schlechten</span> <span class='ocrx_word' id='word_1_470' title='bbox 898 2519 1086 2563; x_wconf 87' lang='lat' dir='ltr'>Beispiels</span> <span class='ocrx_word' id='word_1_471' title='bbox 1113 2518 1148 2552; x_wconf 92' lang='lat' dir='ltr'>in</span> <span class='ocrx_word' id='word_1_472' title='bbox 1175 2518 1533 2559; x_wconf 85' lang='lat' dir='ltr'>Staatsverwaltung</span> <span class='ocrx_word' id='word_1_473' title='bbox 1557 2516 1676 2550; x_wconf 87' lang='lat' dir='ltr'>haben</span> 
     </span>
     <span class='ocr_line' id='line_1_49' title="bbox 218 2561 1676 2608; baseline 0.001 -15"><span class='ocrx_word' id='word_1_474' title='bbox 218 2561 380 2604; x_wconf 83' lang='lat' dir='ltr'>wollen,</span> <span class='ocrx_word' id='word_1_475' title='bbox 409 2563 461 2596; x_wconf 86' lang='lat' dir='ltr'>als</span> <span class='ocrx_word' id='word_1_476' title='bbox 487 2564 610 2599; x_wconf 86' lang='lat' dir='ltr'>Plat0.</span> <span class='ocrx_word' id='word_1_477' title='bbox 649 2563 686 2598; x_wconf 89' lang='lat' dir='ltr'>S.</span> <span class='ocrx_word' id='word_1_478' title='bbox 714 2575 771 2608; x_wconf 90' lang='lat' dir='ltr'>ep.</span> <span class='ocrx_word' id='word_1_479' title='bbox 791 2566 942 2607; x_wconf 84' lang='lat' dir='ltr'>XXVI,</span> <span class='ocrx_word' id='word_1_480' title='bbox 957 2566 988 2599; x_wconf 76' lang='lat'>8.</span> <span class='ocrx_word' id='word_1_481' title='bbox 1008 2584 1048 2589; x_wconf 93' lang='lat'>—</span> <span class='ocrx_word' id='word_1_482' title='bbox 1089 2575 1234 2597; x_wconf 79' lang='lat' dir='ltr'>causam</span> <span class='ocrx_word' id='word_1_483' title='bbox 1259 2575 1375 2597; x_wconf 83' lang='lat' dir='ltr'>meam</span> <span class='ocrx_word' id='word_1_484' title='bbox 1409 2563 1489 2597; x_wconf 90' lang='lat' dir='ltr'>scil.</span> <span class='ocrx_word' id='word_1_485' title='bbox 1517 2561 1563 2595; x_wconf 91' lang='lat' dir='ltr'>de</span> <span class='ocrx_word' id='word_1_486' title='bbox 1587 2572 1676 2606; x_wconf 91' lang='lat' dir='ltr'>pro-</span> 
     </span>
     <span class='ocr_line' id='line_1_50' title="bbox 219 2606 1676 2659; baseline 0.001 -19"><span class='ocrx_word' id='word_1_487' title='bbox 219 2606 343 2641; x_wconf 79' lang='lat' dir='ltr'>vincia</span> <span class='ocrx_word' id='word_1_488' title='bbox 368 2609 440 2642; x_wconf 84' lang='lat' dir='ltr'>sibi</span> <span class='ocrx_word' id='word_1_489' title='bbox 467 2620 539 2643; x_wconf 90' lang='lat' dir='ltr'>non</span> <span class='ocrx_word' id='word_1_490' title='bbox 565 2610 815 2654; x_wconf 85' lang='lat' dir='ltr'>proroganda.</span> <span class='ocrx_word' id='word_1_491' title='bbox 853 2613 898 2645; x_wconf 87' lang='lat' dir='ltr'>cf.</span> <span class='ocrx_word' id='word_1_492' title='bbox 926 2611 1034 2656; x_wconf 89' lang='lat' dir='ltr'>epist.</span> <span class='ocrx_word' id='word_1_493' title='bbox 1053 2610 1168 2652; x_wconf 92' lang='lat' dir='ltr'>CCX,</span> <span class='ocrx_word' id='word_1_494' title='bbox 1184 2611 1216 2644; x_wconf 88' lang='lat'>5.</span> <span class='ocrx_word' id='word_1_495' title='bbox 1240 2629 1283 2635; x_wconf 93' lang='lat'><strong>—</strong></span> <span class='ocrx_word' id='word_1_496' title='bbox 1322 2610 1377 2643; x_wconf 86' lang='lat' dir='ltr'>De</span> <span class='ocrx_word' id='word_1_497' title='bbox 1401 2608 1573 2650; x_wconf 81' lang='lat' dir='ltr'>Amiano,</span> <span class='ocrx_word' id='word_1_498' title='bbox 1600 2609 1676 2659; x_wconf 78' lang='lat' dir='ltr'>for-</span> 
     </span>
     <span class='ocr_line' id='line_1_51' title="bbox 219 2654 1676 2700; baseline 0 -14"><span class='ocrx_word' id='word_1_499' title='bbox 219 2654 327 2687; x_wconf 82' lang='lat' dir='ltr'>tassis</span> <span class='ocrx_word' id='word_1_500' title='bbox 352 2655 469 2688; x_wconf 79' lang='lat' dir='ltr'>Attici</span> <span class='ocrx_word' id='word_1_501' title='bbox 496 2656 668 2690; x_wconf 85' lang='lat' dir='ltr'>debitore</span> <span class='ocrx_word' id='word_1_502' title='bbox 694 2656 730 2690; x_wconf 89' lang='lat' dir='ltr'>in</span> <span class='ocrx_word' id='word_1_503' title='bbox 757 2656 903 2691; x_wconf 88' lang='lat' dir='ltr'>Cilicia.</span> <span class='ocrx_word' id='word_1_504' title='bbox 928 2676 968 2682; x_wconf 90' lang='lat'><em>-</em></span> <span class='ocrx_word' id='word_1_505' title='bbox 1005 2657 1082 2700; x_wconf 80' lang='lat' dir='ltr'>spei</span> <span class='ocrx_word' id='word_1_506' title='bbox 1107 2656 1201 2690; x_wconf 73' lang='lat' dir='ltr'>nihil</span> <span class='ocrx_word' id='word_1_507' title='bbox 1226 2657 1272 2690; x_wconf 92' lang='lat' dir='ltr'>de</span> <span class='ocrx_word' id='word_1_508' title='bbox 1298 2654 1483 2698; x_wconf 84' lang='lat' dir='ltr'>exigenda</span> <span class='ocrx_word' id='word_1_509' title='bbox 1507 2665 1676 2699; x_wconf 79' lang='lat' dir='ltr'>pecunia.</span> 
     </span>
     <span class='ocr_line' id='line_1_52' title="bbox 219 2700 1679 2747; baseline 0.001 -15"><span class='ocrx_word' id='word_1_510' title='bbox 219 2717 263 2724; x_wconf 90' lang='lat'>—</span> <span class='ocrx_word' id='word_1_511' title='bbox 299 2700 486 2735; x_wconf 67' lang='lat' dir='ltr'>Terentius</span> <span class='ocrx_word' id='word_1_512' title='bbox 511 2702 592 2747; x_wconf 87' lang='lat' dir='ltr'>ipse</span> <span class='ocrx_word' id='word_1_513' title='bbox 619 2702 684 2737; x_wconf 87' lang='lat' dir='ltr'>ille</span> <span class='ocrx_word' id='word_1_514' title='bbox 718 2713 866 2746; x_wconf 84' lang='lat' dir='ltr'>servus,</span> <span class='ocrx_word' id='word_1_515' title='bbox 899 2714 1008 2747; x_wconf 89' lang='lat' dir='ltr'>quem</span> <span class='ocrx_word' id='word_1_516' title='bbox 1034 2703 1180 2737; x_wconf 87' lang='lat' dir='ltr'>Atticus</span> <span class='ocrx_word' id='word_1_517' title='bbox 1211 2713 1232 2736; x_wconf 86' lang='lat' dir='ltr'>a</span> <span class='ocrx_word' id='word_1_518' title='bbox 1263 2703 1489 2745; x_wconf 83' lang='lat' dir='ltr'>Moeragene</span> <span class='ocrx_word' id='word_1_519' title='bbox 1522 2711 1679 2745; x_wconf 86' lang='lat' dir='ltr'>recupe-</span> 
     </span>
    </p>
   </div>
   <div class='ocr_carea' id='block_1_4' title="bbox 1792 2743 1795 2824">
    <p class='ocr_par' dir='ltr' id='par_1_6' title="bbox 1792 2743 1795 2824">
     <span class='ocr_line' id='line_1_53' title="bbox 1792 2743 1795 2824; baseline 0 219"><span class='ocrx_word' id='word_1_520' title='bbox 1792 2743 1795 2824; x_wconf 95' lang='lat' dir='ltr'> </span> 
     </span>
    </p>
   </div>
  </div>
 </body>
</html>
