1795 3043
287 80 600 128 EPISTOLA
635 79 914 126 CCCLXXI.
987 79 1302 137 CCCLXXII.
1423 89 1522 136 513

60 194 388 237 arbitrabamur.
457 193 666 241 Quantum
705 205 781 232 nos
819 193 1021 233 fefellerit
1059 195 1101 234 et
1141 206 1267 246 quem
1303 194 1347 235 in
1382 194 1523 238 locum

60 265 128 296 res
168 252 349 292 deducta
388 250 460 301 sit,
513 249 643 291 vides.
700 249 846 301 Neque
889 252 1022 290 solum
1054 263 1102 291 ea
1132 251 1361 304 perspicis,
1415 264 1523 303 quae

60 310 266 364 geriuitur
300 320 492 360 quaeque
530 306 616 347 iam
655 308 772 360 gesta
813 310 934 347 sunt:
980 308 1050 347 sed
1098 309 1223 349 etiam
1262 309 1335 360 qui
1374 321 1521 350 cursus

60 379 229 417 rerum,
275 366 349 417 qui
387 365 523 404 exitus
562 366 730 404 futurus
759 362 828 405 sit.
887 365 1000 417 Ergo
1043 367 1115 404 aut
1144 365 1326 416 probare
1355 369 1522 419 oportet

60 436 133 471 ea,
166 435 274 474 quae
303 421 431 468 fiunt,
463 423 535 461 aut
563 421 787 471 interesse,
817 422 944 460 etiam
974 422 1113 461 sinon
1136 422 1306 474 probeat
1344 436 1520 475 quorum

59 482 194 520 altera
235 479 340 519 mihi
376 479 537 529 turpis⁷
591 479 725 517 altera
764 478 890 518 etiam
929 479 1169 530 periculosa
1197 480 1307 519 ratio
1337 481 1517 522 videtur.

0 572 1 584 ,
58 537 225 583 Restat,
257 538 302 575 ut
332 534 630 575 discedendum
660 537 815 585 putem.
862 536 909 574 In
934 547 1017 586 quo
1047 535 1210 587 reliqua
1240 537 1406 578 videtur
1427 550 1518 579 esse
1541 551 1568 589 4

0 596 1 621 ³
59 593 335 644 delIberatio,
388 592 499 644 quod
529 591 752 631 consilium
782 592 825 630 in
856 592 1062 640 discessu,
1113 605 1221 644 quae
1250 594 1345 634 loca
1374 608 1521 646 sequa-

1 666 2 685 1
58 663 166 691 mur.
227 650 406 689 Omnino
436 661 563 700 quum
593 649 784 688 miserior
813 661 881 688 res
907 661 1122 700 nunquam
1139 650 1315 698 accidit,
1347 653 1435 693 tum
1465 667 1519 694 ne

0 712 3 741 Ξ
59 707 310 747 deliberatio
353 706 520 758 quidem
560 704 801 746 difficilior:
849 706 956 746 nihil
996 707 1105 746 enim
1137 708 1337 748 constitui
1367 712 1519 763 potest,

0 755 3 798 ἶ
59 764 171 815 quod
208 776 289 803 non
327 763 518 803 incurrat
556 762 599 801 in
631 775 825 815 magnam
858 764 1043 814 aliquam
1071 763 1379 805 difficultatem.
1438 769 1517 816 Tu,

59 822 95 862 si
125 816 356 871 videbitur,
392 821 453 860 ita
484 831 635 859 censeo
667 821 821 868 facias,
858 823 928 872 ut⁷
965 822 999 860 si
1029 821 1160 861 habes
1189 821 1272 862 iam
1302 825 1516 873 statutum,

58 877 161 929 quid
190 877 269 917 tibi
299 877 503 929 agendum
533 879 682 928 putes,
728 877 771 916 in
803 889 884 928 quo
924 889 1007 917 non
1039 879 1093 918 sit
1123 879 1393 920 coniunctum
1421 893 1520 922 con-

57 935 202 974 silium
244 936 364 974 tuum
405 946 501 973 cum
541 946 662 985 mee,
711 934 985 986 supersedeas
1024 935 1106 975 hoc
1144 935 1289 976 labore
1327 938 1518 979 itineris:

6 1015 7 1027 2
58 991 122 1031 sin
155 993 295 1031 autem
324 993 407 1042 est,
440 991 549 1042 quod
580 1003 743 1031 mecum
773 992 1083 1033 communicare
1110 993 1240 1039 velis,
1272 1005 1347 1046 ego
1377 997 1420 1034 te
1452 1008 1522 1037 exa

57 1048 271 1101 spectabo.
359 1049 444 1098 Tu,
491 1048 602 1096 quod
643 1049 715 1087 tuo
756 1048 975 1089 commodo
1012 1047 1109 1095 fiat,
1171 1061 1298 1099 quam
1334 1048 1521 1102 primum

57 1106 188 1144 velim
212 1105 378 1156 venias,
409 1105 520 1144 sicut
548 1105 740 1145 intellexi
769 1107 812 1145 et
830 1105 978 1145 Servio
1009 1106 1051 1144 et
1070 1105 1310 1147 Postumiae
1331 1109 1520 1159 placere.

57 1161 176 1204 Vale.
726 1182 731 1183 ⁷

211 1320 526 1367 EPISTULA
562 1320 870 1366 CCCLXXH.
915 1320 995 1378 (ad
1031 1320 1135 1366 Div.
1168 1321 1228 1367 II.
1266 1325 1369 1382 16.)

173 1406 257 1442 Ser.
281 1406 318 1442 in
343 1408 505 1442 Cumano
531 1414 694 1442 exeunte
718 1406 843 1452 Aprili
867 1408 910 1441 A.
937 1407 983 1441 U.
1012 1407 1053 1442 C.
1081 1408 1158 1443 705.
1194 1410 1241 1452 (a.
1269 1410 1309 1444 C.
1336 1412 1411 1455 49.)

59 1476 279 1521 Respondet
303 1476 423 1510 Caelii
451 1476 634 1519 epistolae
660 1476 710 1519 (ll.
734 1475 791 1509 ed.
818 1477 904 1517 367)
931 1482 1115 1519 negatque
1140 1488 1180 1510 se
1206 1485 1326 1512 castra
1349 1479 1526 1526 Pompeii

60 1523 108 1558 ad
129 1523 268 1556 bellum
303 1530 432 1556 contra
458 1523 653 1556 Caesarem
687 1529 917 1563 secuturum5
958 1533 998 1555 se
1030 1523 1156 1566 potius
1191 1524 1287 1557 nihil
1321 1525 1373 1560 ait
1407 1529 1526 1573 magis

152 1570 306 1613 sugere,
347 1579 456 1612 quam
481 1579 581 1602 arma
607 1568 754 1611 civilia,
800 1579 867 1601 nec
892 1567 1089 1612 quicquam
1115 1569 1350 1605 turbulenter
1374 1581 1437 1608 aut

537 1622 677 1648 temere
701 1615 897 1648 facturum.
930 1616 1045 1649 1-7.

356 1682 409 1717 Μ.
438 1682 625 1718 CICERO
660 1683 766 1717 IMP.
804 1682 841 1717 S.
874 1683 922 1716 D.
959 1682 1009 1716 M.
1036 1683 1235 1718 CAELIO.

17 1775 18 1793 2
174 1742 330 1796 Magno
360 1742 505 1782 dolore
545 1753 611 1781 me
651 1739 889 1782 affecissent
919 1743 1017 1782 tuae
1047 1743 1220 1795 literae,
1264 1745 1344 1785 nisi
1376 1746 1459 1788 iam
1486 1750 1529 1789 et

17 1829 18 1832 η
62 1799 172 1840 rat-io
202 1800 294 1851 ipsa
334 1798 568 1850 depulisset
605 1810 749 1838 omnes
785 1799 998 1839 molestias
1036 1802 1076 1839 et
1107 1800 1307 1842 diuturna
1336 1803 1530 1857 despera-

18 1887 19 1891 ,
64 1858 180 1896 tione
223 1868 362 1895 rerum
401 1854 669 1894 obduruisset
706 1855 867 1895 animus
907 1856 959 1895 ad
1000 1855 1186 1896 dolorem
1216 1871 1385 1902 novum.
1445 1862 1530 1903 Sed

63 1915 225 1965 tamen,
276 1924 406 1964 quare
437 1911 664 1964 acciderit,
712 1914 757 1952 ut
787 1925 838 1952 ex
866 1914 971 1953 meis
1001 1914 1290 1966 superioribus
1318 1918 1458 1959 literis
1485 1919 1530 1959 id

1462 2004 1524 2012 ..-

64 2036 139 2070 ihm
171 2045 217 2069 zu
250 2035 465 2069 verdienen.
499 2053 543 2059 —
592 2034 882 2077 (Atyozmntum
907 2058 916 2067 .
936 2061 943 2069 .
967 2037 1144 2079 fefellerit
1175 2037 1257 2073 scil.
1287 2050 1360 2073 res.
1412 2041 1530 2075 Immo

65 2082 214 2117 Caesar.
240 2101 284 2106 -
317 2082 489 2115 interesse
508 2081 573 2123 iis,
600 2092 694 2124 quae
711 2080 822 2124 fiunt,
849 2081 960 2115 Theil
979 2083 1090 2117 daran
1107 2084 1276 2119 nchmen.
1305 2104 1347 2111 —
1379 2098 1532 2131 quorum

22 2150 23 2163 ÷
66 2130 228 2164 refertur
253 2128 297 2161 ad
324 2139 405 2161 mc.
427 2128 607 2172 probare,
642 2129 823 2160 interesse.
859 2127 932 2161 OR.
1232 2143 1236 2145 >

156 2175 189 2209 4.
230 2175 389 2216 disced„
430 2184 510 2208 man
550 2175 672 2206 iniisse
702 2173 956 2208 auswandern.
1003 2194 1048 2199 -—
1096 2175 1141 2208 In
1175 2187 1266 2220 quo,
1308 2177 1346 2212 in
1390 2179 1531 2215 diesem

23 2227 24 2231 ’
67 2220 185 2255 Faue.
213 2239 257 2245 -—
305 2221 516 2262 consilium,
550 2219 724 2261 Absicht‚
752 2219 903 2254 Zweck.
928 2239 972 2245 --
1020 2221 1189 2255 incurrat
1213 2223 1271 2265 in,
1305 2224 1437 2259 stiesse
1457 2227 1529 2261 aus,

68 2285 112 2292 --
146 2267 179 2300 si
203 2266 311 2300 habes
335 2267 411 2300 iam
435 2270 628 2309 statatum,
669 2276 776 2298 wenn
804 2265 864 2299 Du
892 2266 999 2300 einen
1023 2268 1224 2303 Bescliluss
1256 2271 1370 2304 sehon
1397 2271 1434 2304 in
1459 2272 1536 2305 Be-

25 2324 26 2340 ³
69 2312 263 2347 reitschaft
287 2313 391 2356 hast,
418 2312 479 2347 bei
498 2312 570 2346 Dir
596 2312 642 2345 im
658 2311 782 2345 Busen
810 2313 935 2356 triigst.
969 2311 1006 2347 S.
1024 2314 1171 2348 ¹{amslm
1201 2316 1228 2357 ἕ.
1249 2318 1326 2359 171,
1353 2317 1404 2359 ΙΙ,
1429 2320 1472 2351 A.
1500 2321 1534 2354 2.

69 2358 214 2393 Grotef.
240 2359 270 2401 §.
291 2359 369 2393 324.
396 2377 439 2383 —
488 2369 559 2392 non
584 2361 632 2392 sit
657 2358 887 2392 coniunctum
912 2370 991 2392 cum
1016 2371 1113 2404 meo,
1148 2360 1214 2395 mit
1238 2362 1321 2395 dem
1347 2363 1534 2407 meinigen

70 2405 219 2448 (Plane)
248 2404 350 2438 nicht
376 2405 694 2439 zusammentrase.
719 2424 762 2429 --
797 2406 1030 2449 supersedeas
1056 2406 1089 2442 h.
1116 2407 1142 2440 l.
1167 2408 1228 2449 it„
1262 2419 1304 2442 so
1330 2416 1536 2454 erspartest

69 2452 132 2486 Du
158 2450 232 2484 Dir
256 2450 378 2484 lieber
403 2451 466 2485 die
489 2451 603 2485 Muhe
628 2451 734 2485 einer
759 2450 874 2485 Reise
899 2462 944 2486 zu
970 2452 1060 2495 mir,
1087 2453 1190 2487 einer
1207 2453 1464 2490 Hieherreise.
1492 2475 1534 2481 --

0 2525 1 2530 ,
28 2512 29 2515 “
70 2508 159 2531 mec.
187 2507 390 2540 commun„
420 2496 486 2530 mit
510 2498 581 2530 mir
605 2497 800 2531 beratheri.
837 2516 881 2523 —-
928 2500 1023 2542 quod
1048 2503 1108 2531 tuo
1135 2510 1261 2532 comm.
1286 2502 1369 2544 fiat,
1410 2502 1536 2537 sofern

0 2566 2 2583 ἶ
28 2551 30 2581 l
71 2554 112 2578 es
144 2543 212 2577 mit
242 2542 388 2577 Deiner
418 2542 743 2587 Bequemlichkeit
773 2544 985 2588 geschehen
1016 2545 1168 2580 konnte.
1226 2545 1352 2581 Ueber
1382 2549 1477 2592 quod
1507 2560 1537 2584 s.

70 2590 222 2625 Ramsh.
250 2590 279 2633 ἒ.
301 2590 387 2632 182,
413 2589 460 2624 N.
482 2591 516 2623 1.
566 2589 710 2625 Grotef.
735 2590 764 2632 §.
781 2591 861 2626 393.

164 2647 221 2682 Μ.
248 2646 448 2682 CAELIO.
497 2646 537 2681 S.
563 2658 621 2692 ep.
647 2647 790 2682 CXCII
814 2648 864 2697 iin
889 2648 974 2683 Ans.

163 2705 196 2738 1.
235 2705 359 2747 ratio,
402 2702 463 2738 die
494 2702 695 2739 Vernunft.
730 2723 775 2730 -·-
831 2705 969 2749 desper.
1006 2716 1098 2748 reru,
1135 2705 1446 2752 Verzweifelung
1477 2708 1539 2743 'am

33 2799 34 2802 Ἰ
74 2748 215 2786 Stante.
251 2769 296 2775 —-—
343 2759 387 2783 ex
410 2749 500 2783 meis
523 2759 602 2795 sup.
629 2751 709 2794 lic„
748 2761 844 2795 quae
869 2760 941 2786 non
967 2756 1126 2786 exstant.
1167 2770 1208 2777 —
1256 2754 1407 2789 solle‘cz‘t.
1434 2754 1541 2790 habe-

135 2809 204 2837 Cic.
227 2809 340 2837 Briefo
362 2819 395 2838 ν.
418 2809 560 2838 amerb.
582 2812 626 2839 11.
1182 2813 1237 2852 33
