1795 3043
196 57 297 105 492
454 50 520 97 Μ.
553 50 609 96 Τ.
646 46 986 96 CICERONIS
1019 48 1388 98 EPISTOLAE.

386 162 703 212 EPISTOLA
746 162 1010 209 CCCLxu.
1059 163 1141 222 (ad
1174 164 1266 211 Att.
1301 166 1357 211 x.
1393 163 1468 223 2.)

241 240 325 276 Ser.
358 239 397 275 in
421 240 569 275 Arcano
594 239 638 276 o.
662 239 805 274 Fratris
829 238 926 275 Non.
952 240 1047 283 Apr.
1073 240 1118 273 A.
1143 239 1191 275 U.
1217 241 1259 275 e.
1285 240 1364 275 705.
1397 243 1444 284 (a.
1470 239 1510 275 c,
1534 239 1609 282 49.)

193 308 318 353 Rogat
330 306 513 353 Atticum,
538 313 579 343 ut
602 317 644 344 se
667 307 839 342 consiliis
864 307 983 351 iuvet;
1015 306 1319 355 Dionysiumque
1343 319 1384 344 se
1399 308 1528 352 videre
1552 307 1655 345 nolle
1725 310 1727 328 ³

751 353 950 399 significat.
987 354 1101 388 1—2.

687 423 876 459 CICERO
906 422 1096 458 ATTICO
1129 422 1170 459 S.

305 482 397 534 Ego
425 493 557 534 quum
586 484 844 536 accepissem
882 483 974 523 tuas
1003 482 1152 523 literas
1180 482 1313 524 Nonis
1341 482 1506 534 April„
1550 494 1655 534 quas

192 537 397 590 Cephalio
426 541 648 588 attulerat,
680 551 898 590 essemque
925 540 1156 581 Minturnis
1184 539 1388 593 postridie
1415 551 1652 587 mansurus,

192 598 236 635 et
265 596 364 636 inde
391 597 607 649 protinus;
649 597 831 636 sustinui
859 608 926 636 me
954 597 999 636 in
1026 597 1195 638 Arcano
1223 598 1393 644 fratris,
1447 596 1515 643 ut,
1555 595 1653 636 dum

191 652 356 704 aliquid
394 654 553 693 certius
581 650 828 703 afferretur,
874 653 1111 693 occultiore
1139 654 1184 694 in
1213 655 1310 695 loco
1342 665 1528 694 essemus
1557 664 1651 705 age-

190 711 423 760 renturque
440 711 578 750 nihilo
603 711 765 758 minus,
795 722 904 761 quae
934 710 1023 750 sine
1043 709 1166 750 nobis
1195 712 1261 764 agi
1290 711 1479 763 possunt.
1521 713 1654 748 Λαλοι-

191 766 318 813 γεῦσα
345 767 429 807 iam
459 766 576 807 adest
603 769 646 807 et
675 768 838 807 animus
866 766 1010 816 ardet5
1049 779 1188 819 neque
1219 769 1281 808 est
1295 766 1537 820 quidquam,
1567 778 1653 818 quo

138 823 167 862 2
191 826 235 864 et
263 836 361 875 qua.
420 824 503 864 Sed
532 825 641 864 haec
670 825 815 864 nostra
844 825 924 864 erit
963 837 1068 864 cura
1104 826 1145 864 et
1183 825 1432 878 peritorum.
1490 824 1555 864 Tu
1591 825 1653 864 ta-

189 893 311 928 men,
364 881 503 931 quoad
531 880 713 933 poteris,
759 882 807 922 ut
837 880 974 922 adhuc
1003 880 1164 929 fecisti,
1212 894 1290 922 nos
1319 880 1506 922 consiliis
1534 881 1649 921 iuva-

188 937 267 978 bis.
327 936 409 977 Res
445 940 543 978 sunt
576 938 917 990 inexplicabiles.
975 937 1190 979 Fortunae
1220 940 1318 979 sunt
1346 937 1648 978 committenda

187 995 341 1035 onmia.
399 994 500 1035 Sine
537 1007 611 1047 spe
649 1007 849 1036 conamur
887 995 991 1050 ulla.
1048 995 1205 1036 Melius
1233 996 1269 1036 si
1297 993 1398 1048 quid
1427 993 1648 1043 acciderit,

186 1050 448 1092 mirabimur.
506 1052 756 1105 Dionysium
793 1053 925 1092 nolim
965 1051 1019 1092 ad
1056 1065 1123 1092 me
1160 1054 1418 1104 profectum:
1469 1052 1522 1092 de
1563 1063 1650 1103 quo

186 1109 241 1149 ad
271 1121 338 1148 me
367 1107 510 1149 Tullia
545 1120 638 1149 mea
677 1109 864 1160 scripsit.
924 1108 1007 1148 Sed
1036 1111 1078 1148 et
1108 1110 1273 1162 tempus
1299 1110 1484 1149 alienum
1514 1110 1577 1148 est
1606 1110 1650 1149 et

186 1165 348 1206 homini
387 1177 472 1205 non
509 1164 644 1205 amico
686 1167 831 1205 nostra
877 1164 1166 1215 incommoda,
1211 1168 1331 1206 tanta
1380 1165 1647 1217 praesertim,

185 1223 434 1274 spectaculo
470 1232 559 1262 esse
594 1220 748 1262 nolim:
801 1221 873 1261 cui
908 1223 951 1262 te
984 1232 1077 1261 meo
1106 1223 1276 1263 nomine
1303 1222 1523 1263 inimicum
1551 1234 1644 1262 esse

185 1280 299 1320 v010.

274 1403 306 1436 1.
339 1401 436 1436 Non.
460 1403 578 1446 Apu,
615 1413 674 1436 am
707 1403 741 1438 5.
767 1402 890 1447 April.
922 1422 967 1428 —-
1016 1402 1204 1447 Cephalio.
1254 1402 1294 1438 S.
1319 1414 1378 1448 ep.
1397 1403 1584 1444 CCCLX,
1609 1402 1649 1436 4..

182 1445 390 1492 CCCLXI‚
414 1448 447 1482 2.
474 1467 521 1474 —-
553 1452 587 1482 et
610 1448 696 1482 inde
715 1452 886 1492 protinus
910 1448 955 1483 ad
979 1460 1081 1483 mare
1108 1454 1147 1484 ut
1170 1448 1309 1483 abirem
1334 1449 1457 1484 Italia.
1490 1448 1648 1484 ERNE-

180 1493 277 1529 STI.
310 1513 352 1518 -—
399 1495 558 1528 sustinui
587 1506 661 1537 me,
693 1496 788 1529 hielt
818 1495 879 1529 ich
911 1506 978 1539 an,
1018 1496 1120 1530 blieb
1153 1495 1225 1530 ich.
1262 1515 1304 1520 —
1352 1497 1643 1540 Λαλαγεῧσα.

181 1539 224 1575 S.
249 1550 295 1574 zu
322 1541 603 1584 ep.CCCLIX‚
626 1543 661 1576 3.
698 1560 744 1566 —-
792 1542 935 1575 animus
966 1543 1071 1575 ardet
1111 1541 1310 1586 navigandi
1342 1541 1560 1586 cupiditate.
1599 1558 1642 1566 —

178 1596 291 1630 neque
317 1586 395 1630 (Sic
421 1587 499 1621 Md.
523 1598 571 1620 Ξ
594 1597 659 1621 nec
684 1587 797 1629 Cett.)
824 1591 876 1620 est
900 1588 1095 1631 quidquam
1118 1588 1144 1622 i.
1171 1600 1203 1623 e.
1229 1599 1299 1622 nec
1324 1588 1511 1632 videmus,
1548 1597 1645 1631 quae

178 1632 265 1666 loca
290 1638 458 1676 petamus
482 1638 546 1666 aut
569 1643 643 1677 qua
666 1633 739 1667 via.
771 1633 981 1667 MANUT.

272 1678 304 1712 2.
339 1680 432 1722 quod
458 1680 608 1723 poteris.
657 1678 698 1714 S.
735 1679 882 1713 Grotef.
907 1680 937 1722 §.
956 1679 1037 1714 393.
1078 1697 1121 1704 -—
1173 1679 1245 1712 Res
1276 1705 1285 1713 .
1309 1703 1319 1713 .
1350 1679 1640 1723 inexplicabiles,

180 1723 278 1758 doch
303 1725 528 1760 schwerlich
552 1725 602 1759 ist
626 1725 688 1759 ein
707 1726 874 1769 Ausweg
899 1736 964 1759 aus
990 1725 1084 1759 dem
1106 1725 1341 1770 Labyrinthe
1364 1735 1408 1759 zu
1434 1725 1573 1760 finden.
1599 1743 1645 1751 —·

179 1771 364 1805 Fortunae
389 1797 398 1805 .
418 1797 427 1805 .
447 1797 454 1806 .
483 1773 624 1814 omnia,
658 1773 724 1806 auf
744 1777 853 1815 gutes
879 1771 1003 1805 Gluck
1027 1781 1127 1805 muss
1151 1772 1258 1805 Alles
1283 1771 1513 1815 geschehen3
1560 1782 1643 1805 man

178 1827 278 1851 muss
302 1817 409 1852 Alles
433 1818 523 1852 aufs
549 1817 657 1863 Spiel
682 1818 748 1852 des
774 1818 1007 1861 ungewissen
1026 1817 1204 1861 Erfolges
1228 1823 1366 1851 setzen.
1391 1836 1435 1845 —
1470 1828 1646 1851 conamur

179 1863 320 1902 omnia,
359 1864 626 1898 unternehmen
660 1864 732 1898 wir
755 1864 872 1898 Alles.
920 1864 1141 1908 Suspectum
1166 1869 1224 1897 est
1246 1863 1338 1897 mihi
1371 1863 1469 1908 apud
1494 1863 1571 1899 Cic.
1607 1874 1640 1898 V.

177 1920 354 1943 conamur
378 1909 458 1944 sine
482 1910 693 1944 accusativo
719 1911 781 1944 vel
805 1908 1004 1944 infinitivo.
1038 1910 1214 1944 Fuitne&
1239 1911 1424 1944 Fortunae
1446 1914 1530 1944 sunt
1545 1920 1644 1944 com-

177 1956 353 1989 mittenda
378 1956 511 1990 omnia.
565 1957 696 1990 Omnia
718 1956 797 1990 sine
820 1967 881 2000 spe
906 1967 1080 1990 conamur
1103 1957 1193 1991 ulla.
1222 1956 1417 1990 ORELLI.
1443 1975 1488 1982 —-
1526 1957 1643 1990 mira-

178 2002 320 2041 bimur,
368 2013 409 2036 so
443 2001 601 2037 xviii-den
631 2002 704 2037 wir
730 2013 797 2036 uns
828 2003 1009 2036 wundern
1037 2005 1195 2037 iniissen.
1227 2020 1271 2026 —
1319 2003 1550 2047 Dionysium.
1599 2002 1639 2037 S.

178 2059 238 2093 ep.
269 2048 480 2091 CCCLVI,
512 2048 544 2083 5.
584 2067 629 2074 —-
683 2050 797 2082 nolim
826 2049 875 2083 ad
906 2060 962 2082 me
987 2051 1217 2093 profectum,
1255 2048 1317 2082 ich
1352 2049 1500 2082 mochte
1538 2048 1642 2083 nicht

177 2104 317 2138 gerne,
341 2094 426 2128 dass
448 2093 659 2140 Dionysius
684 2095 783 2129 mich
806 2095 997 2130 besuchte.
1049 2095 1251 2131 S-Ramsh.
1278 2095 1307 2137 §.
1326 2096 1412 2137 171,
1437 2095 1498 2137 ΙΙ,
1523 2096 1576 2138 Α,
1602 2095 1637 2129 2.

176 2140 326 2174 Grotef.
351 2141 472 2182 §.324
499 2160 544 2166 —-
592 2143 635 2175 de
659 2153 727 2185 quo
750 2153 798 2175 =
824 2142 909 2176 wie.
935 2161 981 2167 -
1025 2143 1203 2184 alienum,
1236 2141 1438 2185 ungunstig
1461 2141 1567 2175 dazu.
1595 2159 1639 2166 -

175 2187 379 2230 spectaculo
417 2197 508 2226 esse,
549 2199 631 2222 zum
658 2187 860 2233 Spectakel
898 2188 1033 2222 dienen
1071 2188 1105 2222 d„
1133 2187 1158 2221 i.
1191 2187 1276 2220 dass
1308 2197 1349 2220 er
1381 2186 1453 2220 den
1486 2187 1638 2222 Versall

175 2231 319 2268 meiner
335 2233 672 2268 Gliicksumstande
697 2233 763 2268 mit
778 2233 922 2268 ansieht
947 2235 1020 2268 und
1046 2234 1125 2268 sich
1142 2232 1335 2267 vielleicht
1352 2232 1465 2266 daran
1483 2232 1637 2267 weidet.

176 2297 223 2305 —-
253 2289 332 2312 meo
364 2281 530 2322 nomine,
572 2280 856 2324 meinetwegen.
891 2299 936 2308 —-
982 2282 1078 2315 volo.
1127 2279 1191 2314 Sic
1216 2279 1294 2313 Md.
1328 2289 1350 2312 a
1381 2290 1457 2313 see.
1490 2290 1557 2321 m.;
1598 2285 1638 2313 ut

175 2325 325 2359 solebat
364 2336 512 2369 semper
544 2326 695 2368 mirari,
739 2337 806 2360 cur
842 2327 989 2362 Atticus
1027 2327 1139 2361 istum
1177 2324 1361 2359 hominem
1402 2325 1635 2360 defenderet.

176 2371 261 2405 nolo
286 2371 364 2406 Md.
384 2382 535 2415 apr.m.
566 2372 662 2407 Edd.
687 2383 792 2407 meae
817 2382 961 2408 omnes:
988 2372 1088 2417 quod
1112 2383 1180 2408 cur
1203 2371 1348 2405 diceret
1365 2372 1513 2414 Attico,
1540 2371 1635 2407 Dio-

175 2417 276 2499 xglsii
307 2417 463 2461 fautori,
508 2419 611 2453 nulla
640 2429 752 2454 causa
786 2425 877 2461 erat.
912 2419 1108 2455 ORELLI.
1157 2418 1248 2464 Vgl.
1276 2428 1338 2464 ep.
1354 2418 1560 2463 CCCLIII,
1590 2420 1631 2455 3:

232 2464 250 2498 ἑ
273 2463 453 2498 konw‘nem
477 2470 548 2499 cet.

771 2585 1044 2595 mu.—
