1795 3043
239 82 305 130 96
495 76 560 124 Μ.
597 76 652 121 Τ.
689 71 1030 122 CICERONIS
1063 73 1433 122 EPISTOLAE.

242 191 356 234 mine
375 187 733 244 proficiscentium
749 187 891 227 notum
913 198 997 228 non
1016 187 1120 228 erat.
1169 187 1380 240 Apameae
1399 199 1526 239 quum
1545 197 1690 239 essem,

244 250 471 291 multarum
508 245 726 286 civitatum
763 243 976 297 principes
1025 244 1077 284 ad
1114 256 1179 283 me
1218 244 1461 289 detulerunt
1500 246 1689 297 sumptus
1729 276 1741 284 .

247 305 419 347 decerni
448 303 596 355 legatis
625 302 751 341 nimis
779 314 969 354 magnos,
999 313 1127 352 quum
1156 302 1354 342 solvendo
1384 302 1575 342 civitates
1603 313 1689 341 non

195 371 224 412 3
249 364 397 404 essent.
455 361 538 400 Hic
569 371 644 411 ego
674 359 807 398 multa
835 359 957 398 simul
974 358 1180 410 cogitavi:
1209 359 1392 411 primum
1413 360 1454 398 te
1477 358 1692 398 hominem

247 434 333 461 non
363 419 498 459 solum
525 416 770 468 sapientem,
797 427 943 455 verum
973 415 1114 462 etiam,
1146 416 1193 454 ut
1223 428 1337 455 nunc
1365 416 1589 467 loquimur,
1621 427 1691 454 ur-

248 479 405 518 banum
446 487 529 514 non
571 472 809 513 arbitrabar
848 483 1001 524 genere
1038 473 1117 511 isto
1167 472 1422 524 legationum
1461 471 1689 521 delectari3

248 535 378 585 idque
394 545 461 572 me
485 530 668 572 arbitror
686 528 891 583 Synnadis
918 541 996 580 pro
1026 528 1228 569 tribunali
1269 530 1412 569 multis
1440 528 1581 570 verbis
1611 528 1692 569 dis-

248 591 482 645 putavisse:
520 588 725 640 primum,
765 586 948 638 Appium
979 585 1199 625 Claudium
1242 587 1406 626 senatui
1446 587 1691 639 populoque

249 650 452 697 Romaim,
480 658 563 686 non
593 644 894 684 Midaeensium
921 643 1173 690 testimonio,
1204 664 1261 670 ——-
1289 643 1333 682 in
1364 656 1414 683 ea
1444 645 1558 684 enim
1587 643 1691 683 civi-

249 708 336 746 tate
375 703 530 745 mentio
568 702 681 742 facta
716 702 780 740 est
817 721 875 728 -—
913 700 987 739 sed
1025 713 1101 739 sua
1140 701 1287 751 sponte
1325 712 1415 740 esse
1450 700 1687 741 laudatum:

251 762 402 804 deinde
439 773 506 800 me
534 759 594 799 ita
622 757 774 799 vidisse
804 756 1000 797 accidere
1028 757 1195 803 multis,
1228 758 1274 796 ut
1305 769 1449 797 eorum
1479 771 1604 798 causa
1633 758 1691 796 le-

251 821 440 873 gationes
470 818 643 857 Romam
672 814 887 863 venirent3
929 813 1001 853 sed
1030 814 1098 853 his
1124 813 1404 866 legationibus
1433 827 1516 854 non
1546 813 1692 853 memi-

250 878 362 917 nisse
386 888 452 915 me
469 875 603 913 ullum
627 874 791 923 tempus
811 870 1010 910 laudandi
1034 872 1105 911 aut
1127 871 1266 910 locum
1284 871 1400 912 dari:
1426 872 1564 912 studia
1583 871 1690 911 mihi

251 946 397 974 eorum
424 933 609 984 placere,
639 929 750 981 quod
779 929 823 968 in
855 929 896 967 le
925 927 1032 967 bene
1059 928 1254 967 meritum
1272 927 1380 980 grati
1402 931 1559 969 essent:
1592 941 1691 968 con-

250 992 395 1032 silium
423 991 556 1029 totum
586 987 721 1027 videri
750 986 923 1025 minime
952 985 1248 1025 necessarium.
1291 985 1337 1025 Si
1365 987 1504 1025 autem
1534 985 1692 1026 vellent

251 1050 471 1089 declarare
501 1046 542 1086 in
573 1057 621 1084 eo
650 1043 839 1083 officium
868 1054 1000 1093 suum,
1029 1041 1297 1094 laudaturum
1324 1054 1414 1090 me,
1448 1043 1482 1082 si
1513 1042 1587 1093 qui
1617 1053 1692 1082 suo

250 1105 421 1156 sumptu
451 1104 620 1143 functus
642 1102 749 1140 esset
768 1099 934 1144 officio}
966 1111 1279 1148 concessurum,
1309 1099 1345 1138 si
1365 1099 1575 1151 legitimo:
1606 1112 1691 1139 non

249 1162 578 1216 permissurum,
627 1158 662 1197 si
698 1155 878 1197 infinito.
938 1155 1048 1202 Quid
1084 1157 1193 1195 enim
1234 1156 1489 1208 reprehendi
1539 1158 1691 1208 potest,

249 1221 332 1261 nisi
363 1217 474 1269 quod
503 1215 621 1256 addis
650 1214 786 1255 visum
815 1224 903 1253 esse
931 1212 1179 1263 quibusdam
1208 1213 1392 1253 edictum
1419 1226 1558 1253 meum
1573 1213 1694 1266 quasi

249 1306 1698 1324 W

250 1371 296 1379 ....
320 1351 489 1392 elegant.‚
515 1345 806 1389 anstandigeres,
832 1345 1221 1389 unbeleidigenderes.
1250 1365 1290 1370 —
1316 1347 1501 1390 Apamea,
1524 1345 1694 1392 Ἀπάμεια

252 1399 321 1436 mit
349 1398 431 1430 dem
455 1395 657 1429 Beinamen
687 1391 932 1441 Κιβοτόςρᾱ,
958 1392 1132 1438 Κιβωτός,
1160 1392 1243 1425 eine
1256 1391 1492 1426 bedentende
1510 1393 1695 1428 Handels-

251 1445 350 1483 stadt
375 1444 411 1477 in
435 1441 653 1486 Phrygien,
678 1450 739 1473 wo
766 1440 825 1473 ein
851 1445 1053 1473 conventus
1078 1438 1258 1472 iuridicus
1283 1439 1456 1482 gehalten
1480 1440 1624 1474 wurde.
1649 1459 1695 1466 —-·
1727 1466 1730 1468 Α

252 1494 426 1535 sumptus,
449 1486 707 1531 Reisegelder.
733 1504 778 1510 —-
802 1487 1008 1526 decernere,
1034 1485 1283 1528 verwilligen.
1312 1504 1354 1510 —-
1393 1496 1497 1529 quum
1523 1486 1694 1520 solvendo

252 1545 341 1580 cet„
365 1536 411 1569 da
435 1535 532 1568 doch
557 1533 617 1566 die
649 1531 778 1565 Stadte
803 1543 936 1575 wegen
961 1531 1253 1574 Verschuldung
1278 1541 1323 1564 zu
1356 1532 1487 1564 zahlen
1512 1533 1694 1567 aufhoren

250 1587 436 1624 mussten,
469 1580 571 1613 nicht
594 1578 698 1612 mehr
723 1578 891 1620 Zahlung
922 1577 1054 1611 leisten
1078 1577 1255 1610 konnten.
1304 1578 1430 1610 Ueber
1461 1577 1531 1611 den
1563 1579 1691 1614 Dativ.

253 1632 321 1666 des
346 1627 510 1662 Gerund.
547 1624 608 1658 bei
633 1634 714 1658 esse
739 1634 767 1657 S.
793 1624 942 1658 Ramsh.
968 1625 997 1667 ξ.
1026 1624 1103 1665 169,
1127 1625 1158 1657 3.
1194 1623 1337 1658 Grotef.
1363 1625 1391 1666 ἕ.
1417 1625 1498 1666 316,
1523 1625 1556 1657 2.
1583 1626 1691 1659 Anm.

343 1677 376 1710 3.
424 1674 615 1713 urbanum,
640 1671 796 1712 ἀστεῖον,
822 1670 954 1711 seiner,
978 1669 1161 1702 sitilicher
1178 1670 1302 1711 Manu,
1320 1669 1386 1702 der
1401 1670 1473 1703 alle
1493 1671 1693 1705 Umstande

253 1719 552 1762 beriicksichtigt
581 1718 677 1750 beim
709 1716 859 1758 Reden,
894 1715 1081 1750 Scherzen
1113 1715 1185 1748 und
1212 1716 1393 1749 Handeln.
1420 1735 1462 1739 —
1495 1716 1691 1758 Synnadis

255 1770 295 1804 S.
323 1779 368 1801 zu
394 1778 453 1811 ep.
480 1763 655 1805 CCVIII,
680 1763 711 1796 2.
738 1781 783 1787 -—
813 1761 994 1805 primum,
1028 1761 1250 1804 Mart.-Lag.
1278 1761 1373 1795 coni.
1401 1761 1488 1796 Sch.
1514 1756 1607 1797 Lim.
1637 1765 1693 1798 ηἰ-

250 1816 397 1850 mirum.
428 1809 762 1846 -JWe‘dcae'ensz'um
787 1808 832 1842 de
846 1806 1010 1841 Rubenii
1034 1807 1129 1841 coni.
1158 1808 1291 1841 Graev.
1316 1808 1433 1851 Beng.
1448 1809 1539 1842 Ben.
1562 1811 1694 1844 Mart.-

251 1863 344 1905 Lag.
374 1859 458 1894 Sch.
485 1858 577 1891 Liin.
605 1856 814 1889 le'deasum
838 1854 914 1888 Md.
940 1854 1198 1898 Rspndensium
1222 1854 1324 1889 vict.
1344 1855 1372 1887 Ι.
1391 1855 1423 1887 2.
1450 1855 1575 1889 Lamb.
1603 1857 1691 1890 Ern.

253 1909 330 1942 ΟΒ.
367 1904 545 1940 Midaium
578 1902 670 1934 oder
702 1901 908 1943 Midaeum,
935 1900 1129 1939 Μιδάειον,
1156 1911 1216 1933 wo
1243 1899 1381 1934 Sextus
1406 1901 1607 1945 Pompeius
1633 1903 1698 1936 auf

250 1955 376 1989 seiner
400 1950 533 1985 Flucht
558 1947 730 1981 erhascht
754 1947 827 1980 und
851 1946 1019 1990 getodtet
1041 1946 1184 1989 wurde,
1209 1947 1270 1989 lag
1294 1946 1330 1979 in
1346 1947 1559 1992 Phrygien3
1584 1948 1695 1991 Myn-

251 2001 321 2035 dus
347 1999 384 2032 in
409 1996 557 2037 Gai-ieri,
580 1995 658 2028 also
684 2004 729 2026 zu
754 1993 834 2026 fern
860 1993 919 2026 fiir
943 1992 1044 2025 diese
1069 1992 1199 2026 Stelle.
1253 1993 1341 2035 vgl.
1369 2003 1415 2026 zu
1441 1999 1498 2038 ep.
1526 1989 1694 2036 CCLXI,

252 2049 298 2083 6:
324 2056 367 2079 esc
392 2044 568 2087 Epicteto.
594 2059 638 2065 —-
661 2051 726 2072 sua
751 2043 892 2083 sponte,
925 2050 968 2071 an
995 2038 1068 2071 und
1094 2038 1210 2072 durch
1236 2038 1315 2072 sich
1339 2040 1466 2073 selbst.
1494 2060 1536 2064 —
1561 2040 1618 2073 his
1642 2041 1694 2074 le-

252 2096 363 2136 gat...
391 2090 487 2131 dari,
511 2088 593 2120 dass
618 2086 859 2129 dergleichen
885 2084 1215 2119 Gesandtschaften
1240 2085 1372 2127 irgend
1399 2085 1482 2118 Zeit
1506 2086 1598 2120 oder
1624 2087 1695 2121 Ort

254 2150 339 2173 vom
365 2136 499 2170 senate
524 2134 738 2167 anberaurnt
762 2132 910 2172 winde,
943 2132 1024 2164 ihre
1049 2131 1247 2165 Lobreden
1272 2141 1316 2164 zu
1343 2131 1467 2164 halten
1494 2132 1530 2166 d.
1557 2133 1579 2166 i.
1608 2133 1694 2167 dass

254 2186 324 2220 der
356 2183 469 2218 senat
502 2179 714 2214 sonderlich
743 2178 856 2212 Notiz
886 2189 959 2211 von
994 2178 1103 2211 ihnen
1137 2178 1276 2210 nahme.
1311 2196 1356 2201 —-
1390 2178 1473 2210 bene
1506 2179 1691 2213 meritum.

255 2232 320 2268 Sic
357 2227 491 2272 scripsi
525 2225 620 2259 coni.
654 2225 785 2259 merito
823 2225 916 2259 Cett.
951 2235 1031 2257 cum
1062 2223 1138 2257 Md.
1186 2221 1332 2256 Etenim
1368 2222 1405 2256 in
1437 2229 1507 2257 tam
1531 2224 1693 2269 simplici

255 2276 427 2312 oratione
451 2274 516 2307 vix
541 2273 662 2306 locum
686 2272 821 2305 habent
851 2271 935 2304 illa:
968 2269 1255 2312 „misericordes
1284 2270 1331 2301 in?
1354 2270 1497 2311 furibus
1526 2290 1560 2295 —
1589 2272 1694 2304 mites

254 2325 295 2358 in
326 2333 387 2356 reo
403 2322 426 2341 “
459 2330 499 2353 ac
536 2318 689 2357 similia,
722 2317 768 2350 de
798 2317 932 2360 quibus
964 2327 997 2350 v.
1034 2316 1218 2350 Ruhnken
1254 2316 1301 2348 ad
1336 2314 1465 2350 Vellei.
1501 2316 1540 2356 2,
1565 2318 1630 2359 43,
1655 2319 1691 2352 3.

255 2367 452 2405 ORELLI.
476 2384 521 2391 —
544 2364 746 2407 consilium,
772 2362 833 2397 die
856 2364 936 2402 Art,
962 2361 1035 2396 wie
1061 2362 1114 2395 sie
1140 2373 1178 2395 es
1202 2361 1448 2395 auszusiihren
1473 2363 1690 2406 gedachten.

253 2436 299 2442 —
330 2415 522 2449 declarare
558 2411 598 2444 in
632 2421 671 2442 eo
711 2410 768 2451 off.
799 2420 852 2451 s.,
885 2410 966 2442 ihre
992 2408 1320 2441 Verbindlichkeit
1343 2419 1464 2452 gegen
1497 2409 1596 2442 Dich
1628 2409 1693 2443 da·-

253 2462 372 2496 durch
396 2469 442 2494 zu
468 2459 571 2501 Tage
597 2457 718 2499 legen.
743 2474 787 2479 —
811 2455 949 2490 laudat.
974 2465 1043 2494 me,
1068 2454 1179 2497 siqui
1201 2465 1248 2487 z
1271 2455 1305 2488 εἴ
1325 2468 1376 2495 τις
1399 2460 1485 2487 statt
1509 2466 1601 2497 eum,
1628 2454 1694 2498 qui

251 2510 351 2543 forte
375 2511 446 2539 cet.
472 2524 514 2529 —
539 2503 573 2536 si
595 2503 759 2544 legitimo
784 2507 929 2545 sumptu
952 2501 1169 2543 fungeretur
1193 2500 1264 2533 hoc
1282 2499 1406 2533 officio
1432 2500 1457 2534 i.
1475 2511 1506 2534 e.
1534 2509 1692 2545 sumptu,

253 2559 427 2598 quantum
451 2551 515 2584 lex
540 2549 714 2584 Cornelia
738 2548 972 2581 concedebat.
1023 2547 1110 2582 Vid.
1139 2557 1195 2590 ep.
1224 2546 1396 2587 CCLXI,
1420 2548 1453 2580 6.
1484 2547 1692 2582 MANUT.

253 2602 287 2635 si
311 2599 466 2643 infinitO,
490 2606 599 2630 wenn
625 2595 684 2629 die
707 2593 900 2628 Unkosten
925 2592 1159 2626 unbestimmt
1181 2592 1331 2625 bleiben
1356 2592 1502 2626 sollten.
1529 2611 1573 2617 —-
1599 2593 1693 2628 Quid

255 2647 362 2681 enim.
410 2645 491 2678 Hoc
522 2649 745 2686 corruptum.
798 2640 892 2674 Quid
921 2650 963 2672 esi:
994 2638 1051 2671 lzz's
1080 2650 1177 2682 repr.
1209 2638 1446 2681 Maru-Lag.
1481 2639 1574 2672 coni.
1603 2639 1689 2673 Sch.

256 2694 349 2727 Liin.
399 2691 497 2725 Puto
530 2696 649 2722 tamen
679 2686 803 2731 potius
829 2686 943 2719 fuisse
968 2685 1055 2729 quid
1084 2686 1123 2718 in
1146 2694 1221 2726 me,
1253 2685 1313 2717 vel
1338 2684 1424 2727 quid
1447 2695 1536 2726 ergo
1562 2685 1598 2717 in
1624 2695 1690 2718 me.

258 2740 375 2781 Ergo,
392 2742 432 2770 ut
440 2735 548 2779 solet,
565 2740 632 2780 per
646 2731 901 2779 compendium
914 2731 1090 2776 scriptum
1099 2730 1220 2766 errori
1233 2740 1356 2765 ansam
1372 2730 1483 2765 dedit.
1498 2731 1690 2765 ORELLI.
