<?xml version="1.0" encoding="UTF-8"?>
<!DOCTYPE html PUBLIC "-//W3C//DTD XHTML 1.0 Transitional//EN"
    "http://www.w3.org/TR/xhtml1/DTD/xhtml1-transitional.dtd">
<html xmlns="http://www.w3.org/1999/xhtml" xml:lang="en" lang="en">
 <head>
  <title>
</title>
<meta http-equiv="Content-Type" content="text/html;charset=utf-8" />
  <meta name='ocr-system' content='tesseract 3.04.00' />
  <meta name='ocr-capabilities' content='ocr_page ocr_carea ocr_par ocr_line ocrx_word'/>
</head>
<body>
  <div class='ocr_page' id='page_1' title='image "./epistolaeadattic02ciceuoft_0351.png"; bbox 0 0 1795 3043; ppageno 0'>
   <div class='ocr_carea' id='block_1_1' title="bbox 536 65 1552 122">
    <p class='ocr_par' dir='ltr' id='par_1_1' title="bbox 536 65 1552 122">
     <span class='ocr_line' id='line_1_1' title="bbox 536 65 1552 122; baseline 0.006 -6"><span class='ocrx_word' id='word_1_1' title='bbox 536 65 851 116; x_wconf 83' lang='lat' dir='ltr'>EPISTOLA</span> <span class='ocrx_word' id='word_1_2' title='bbox 887 67 1095 117; x_wconf 86' lang='lat' dir='ltr'>CCCIII.</span> <span class='ocrx_word' id='word_1_3' title='bbox 1455 75 1552 122; x_wconf 76' lang='lat'>341</span> 
     </span>
    </p>
   </div>
   <div class='ocr_carea' id='block_1_2' title="bbox 186 181 1450 303">
    <p class='ocr_par' dir='ltr' id='par_1_2' title="bbox 186 181 1450 303">
     <span class='ocr_line' id='line_1_2' title="bbox 251 181 1373 244; baseline 0.001 -17"><span class='ocrx_word' id='word_1_4' title='bbox 251 181 561 228; x_wconf 86' lang='lat' dir='ltr'><strong>EPISTOLA</strong></span> <span class='ocrx_word' id='word_1_5' title='bbox 609 182 819 228; x_wconf 87' lang='lat' dir='ltr'>CCCIII.</span> <span class='ocrx_word' id='word_1_6' title='bbox 876 182 958 240; x_wconf 85' lang='lat' dir='ltr'>(ad</span> <span class='ocrx_word' id='word_1_7' title='bbox 998 184 1090 230; x_wconf 76' lang='lat' dir='ltr'>Att.</span> <span class='ocrx_word' id='word_1_8' title='bbox 1127 183 1233 230; x_wconf 84' lang='lat' dir='ltr'><strong>VII.</strong></span> <span class='ocrx_word' id='word_1_9' title='bbox 1269 184 1373 244; x_wconf 86' lang='lat'><strong>10.)</strong></span> 
     </span>
     <span class='ocr_line' id='line_1_3' title="bbox 186 256 1450 303; baseline 0 -10"><span class='ocrx_word' id='word_1_10' title='bbox 186 257 268 293; x_wconf 76' lang='lat' dir='ltr'>Ser.</span> <span class='ocrx_word' id='word_1_11' title='bbox 302 258 349 294; x_wconf 75' lang='lat' dir='ltr'>ad</span> <span class='ocrx_word' id='word_1_12' title='bbox 385 257 511 292; x_wconf 79' lang='lat' dir='ltr'>urbem</span> <span class='ocrx_word' id='word_1_13' title='bbox 535 256 644 293; x_wconf 86' lang='lat' dir='ltr'>x1v.</span> <span class='ocrx_word' id='word_1_14' title='bbox 671 257 754 293; x_wconf 74' lang='lat' dir='ltr'>Kal.</span> <span class='ocrx_word' id='word_1_15' title='bbox 779 257 891 292; x_wconf 77' lang='lat' dir='ltr'>Febr.</span> <span class='ocrx_word' id='word_1_16' title='bbox 918 259 961 293; x_wconf 84' lang='lat' dir='ltr'>A.</span> <span class='ocrx_word' id='word_1_17' title='bbox 989 258 1036 293; x_wconf 88' lang='lat' dir='ltr'>U.</span> <span class='ocrx_word' id='word_1_18' title='bbox 1065 259 1103 293; x_wconf 83' lang='lat' dir='ltr'>e.</span> <span class='ocrx_word' id='word_1_19' title='bbox 1131 260 1210 294; x_wconf 83' lang='lat'><strong>705.</strong></span> <span class='ocrx_word' id='word_1_20' title='bbox 1239 261 1285 303; x_wconf 81' lang='lat' dir='ltr'>(a.</span> <span class='ocrx_word' id='word_1_21' title='bbox 1312 259 1353 294; x_wconf 78' lang='grc' dir='ltr'>ο.</span> <span class='ocrx_word' id='word_1_22' title='bbox 1379 259 1450 302; x_wconf 78' lang='grc'>49.)</span> 
     </span>
    </p>
   </div>
   <div class='ocr_carea' id='block_1_3' title="bbox 84 325 1549 416">
    <p class='ocr_par' dir='ltr' id='par_1_3' title="bbox 84 325 1549 416">
     <span class='ocr_line' id='line_1_4' title="bbox 84 325 1549 374; baseline -0.002 -11"><span class='ocrx_word' id='word_1_23' title='bbox 84 326 254 363; x_wconf 85' lang='lat' dir='ltr'>Subitum</span> <span class='ocrx_word' id='word_1_24' title='bbox 286 326 481 363; x_wconf 82' lang='lat' dir='ltr'>consilium</span> <span class='ocrx_word' id='word_1_25' title='bbox 506 325 551 359; x_wconf 81' lang='lat' dir='ltr'>ab</span> <span class='ocrx_word' id='word_1_26' title='bbox 578 325 671 359; x_wconf 92' lang='lat' dir='ltr'>urbe</span> <span class='ocrx_word' id='word_1_27' title='bbox 694 325 896 360; x_wconf 85' lang='lat' dir='ltr'>recedendi</span> <span class='ocrx_word' id='word_1_28' title='bbox 920 326 1083 370; x_wconf 79' lang='lat' dir='ltr'>nuntiat3</span> <span class='ocrx_word' id='word_1_29' title='bbox 1115 328 1319 374; x_wconf 87' lang='lat' dir='ltr'>Pompeius</span> <span class='ocrx_word' id='word_1_30' title='bbox 1343 325 1435 371; x_wconf 85' lang='lat' dir='ltr'>quid</span> <span class='ocrx_word' id='word_1_31' title='bbox 1461 335 1549 360; x_wconf 80' lang='lat' dir='ltr'>eon-</span> 
     </span>
     <span class='ocr_line' id='line_1_5' title="bbox 478 371 1150 416; baseline 0.001 -9"><span class='ocrx_word' id='word_1_32' title='bbox 478 371 556 407; x_wconf 77' lang='lat' dir='ltr'>silii</span> <span class='ocrx_word' id='word_1_33' title='bbox 581 372 739 416; x_wconf 87' lang='lat' dir='ltr'>ceperit,</span> <span class='ocrx_word' id='word_1_34' title='bbox 765 383 807 407; x_wconf 87' lang='lat' dir='ltr'>se</span> <span class='ocrx_word' id='word_1_35' title='bbox 830 372 978 407; x_wconf 84' lang='lat' dir='ltr'>nescire</span> <span class='ocrx_word' id='word_1_36' title='bbox 1002 374 1150 408; x_wconf 83' lang='lat' dir='ltr'>fatetur.</span> 
     </span>
    </p>
   </div>
   <div class='ocr_carea' id='block_1_4' title="bbox 565 439 1052 477">
    <p class='ocr_par' dir='ltr' id='par_1_4' title="bbox 565 439 1052 477">
     <span class='ocr_line' id='line_1_6' title="bbox 565 439 1052 477; baseline 0.004 -3"><span class='ocrx_word' id='word_1_37' title='bbox 565 439 750 476; x_wconf 90' lang='lat' dir='ltr'>CICERO</span> <span class='ocrx_word' id='word_1_38' title='bbox 784 441 978 476; x_wconf 83' lang='lat' dir='ltr'><strong>ATTICO</strong></span> <span class='ocrx_word' id='word_1_39' title='bbox 1013 441 1052 477; x_wconf 91' lang='lat' dir='ltr'>S.</span> 
     </span>
    </p>
   </div>
   <div class='ocr_carea' id='block_1_5' title="bbox 77 498 1548 1111">
    <p class='ocr_par' dir='ltr' id='par_1_5' title="bbox 77 498 1548 1111">
     <span class='ocr_line' id='line_1_7' title="bbox 195 498 1547 553; baseline -0.004 -11"><span class='ocrx_word' id='word_1_40' title='bbox 195 500 345 542; x_wconf 81' lang='lat' dir='ltr'>Subito</span> <span class='ocrx_word' id='word_1_41' title='bbox 376 498 596 541; x_wconf 89' lang='lat' dir='ltr'>consilium</span> <span class='ocrx_word' id='word_1_42' title='bbox 626 499 748 551; x_wconf 88' lang='lat' dir='ltr'>cepi,</span> <span class='ocrx_word' id='word_1_43' title='bbox 780 503 851 552; x_wconf 87' lang='lat' dir='ltr'>ut,</span> <span class='ocrx_word' id='word_1_44' title='bbox 893 502 1119 553; x_wconf 82' lang='lat' dir='ltr'><strong>antequam</strong></span> <span class='ocrx_word' id='word_1_45' title='bbox 1148 501 1329 547; x_wconf 81' lang='lat' dir='ltr'>luceret,</span> <span class='ocrx_word' id='word_1_46' title='bbox 1361 499 1547 548; x_wconf 63' lang='lat' dir='ltr'>exirem</span> 
     </span>
     <span class='ocr_line' id='line_1_8' title="bbox 83 554 1546 610; baseline -0.003 -12"><span class='ocrx_word' id='word_1_47' title='bbox 83 570 137 599; x_wconf 89' lang='lat' dir='ltr'>ne</span> <span class='ocrx_word' id='word_1_48' title='bbox 166 557 242 610; x_wconf 88' lang='lat' dir='ltr'>qui</span> <span class='ocrx_word' id='word_1_49' title='bbox 281 558 529 609; x_wconf 85' lang='lat' dir='ltr'>conspectus</span> <span class='ocrx_word' id='word_1_50' title='bbox 566 554 689 596; x_wconf 84' lang='lat' dir='ltr'>fieret</span> <span class='ocrx_word' id='word_1_51' title='bbox 720 558 793 597; x_wconf 89' lang='lat' dir='ltr'>aut</span> <span class='ocrx_word' id='word_1_52' title='bbox 830 569 991 607; x_wconf 90' lang='lat' dir='ltr'>sermo,</span> <span class='ocrx_word' id='word_1_53' title='bbox 1030 557 1255 598; x_wconf 80' lang='lat' dir='ltr'>lictoribus</span> <span class='ocrx_word' id='word_1_54' title='bbox 1295 555 1546 609; x_wconf 86' lang='lat' dir='ltr'>praesertim</span> 
     </span>
     <span class='ocr_line' id='line_1_9' title="bbox 82 611 1545 666; baseline -0.004 -10"><span class='ocrx_word' id='word_1_55' title='bbox 82 614 298 657; x_wconf 85' lang='lat' dir='ltr'>laureatis.</span> <span class='ocrx_word' id='word_1_56' title='bbox 372 615 436 655; x_wconf 92' lang='lat' dir='ltr'>De</span> <span class='ocrx_word' id='word_1_57' title='bbox 470 611 658 664; x_wconf 88' lang='lat' dir='ltr'>reliqu0‚</span> <span class='ocrx_word' id='word_1_58' title='bbox 706 626 844 666; x_wconf 90' lang='lat' dir='ltr'>neque</span> <span class='ocrx_word' id='word_1_59' title='bbox 878 615 1078 664; x_wconf 84' lang='lat' dir='ltr'>hercule,</span> <span class='ocrx_word' id='word_1_60' title='bbox 1127 615 1228 666; x_wconf 91' lang='lat' dir='ltr'>quid</span> <span class='ocrx_word' id='word_1_61' title='bbox 1266 625 1408 666; x_wconf 84' lang='lat' dir='ltr'>agam,</span> <span class='ocrx_word' id='word_1_62' title='bbox 1451 624 1545 664; x_wconf 85' lang='lat' dir='ltr'>nec,</span> 
     </span>
     <span class='ocr_line' id='line_1_10' title="bbox 82 669 1546 725; baseline -0.003 -12"><span class='ocrx_word' id='word_1_63' title='bbox 82 672 184 725; x_wconf 85' lang='lat' dir='ltr'>quid</span> <span class='ocrx_word' id='word_1_64' title='bbox 212 674 384 712; x_wconf 85' lang='lat' dir='ltr'>acturus</span> <span class='ocrx_word' id='word_1_65' title='bbox 411 671 510 718; x_wconf 93' lang='lat' dir='ltr'>sim,</span> <span class='ocrx_word' id='word_1_66' title='bbox 543 669 648 710; x_wconf 77' lang='lat' dir='ltr'>sciot</span> <span class='ocrx_word' id='word_1_67' title='bbox 690 671 752 712; x_wconf 87' lang='lat' dir='ltr'>ita</span> <span class='ocrx_word' id='word_1_68' title='bbox 781 683 872 712; x_wconf 92' lang='lat' dir='ltr'>sum</span> <span class='ocrx_word' id='word_1_69' title='bbox 909 671 1178 724; x_wconf 86' lang='lat' dir='ltr'>perturbatus</span> <span class='ocrx_word' id='word_1_70' title='bbox 1208 671 1445 712; x_wconf 81' lang='lat' dir='ltr'>temeritate</span> <span class='ocrx_word' id='word_1_71' title='bbox 1474 681 1546 709; x_wconf 90' lang='lat' dir='ltr'>no-</span> 
     </span>
     <span class='ocr_line' id='line_1_11' title="bbox 80 725 1546 780; baseline -0.002 -11"><span class='ocrx_word' id='word_1_72' title='bbox 80 730 161 769; x_wconf 82' lang='lat' dir='ltr'>stri</span> <span class='ocrx_word' id='word_1_73' title='bbox 190 727 462 769; x_wconf 83' lang='lat' dir='ltr'><strong>amentissimi</strong></span> <span class='ocrx_word' id='word_1_74' title='bbox 503 726 682 768; x_wconf 89' lang='lat' dir='ltr'>consilii.</span> <span class='ocrx_word' id='word_1_75' title='bbox 749 728 847 768; x_wconf 91' lang='lat' dir='ltr'><strong>Tibi</strong></span> <span class='ocrx_word' id='word_1_76' title='bbox 884 741 986 770; x_wconf 85' lang='lat' dir='ltr'>vero</span> <span class='ocrx_word' id='word_1_77' title='bbox 1023 728 1125 780; x_wconf 92' lang='lat' dir='ltr'>quid</span> <span class='ocrx_word' id='word_1_78' title='bbox 1162 728 1381 778; x_wconf 83' lang='lat' dir='ltr'>suadeam,</span> <span class='ocrx_word' id='word_1_79' title='bbox 1421 725 1546 767; x_wconf 87' lang='lat' dir='ltr'>cuius</span> 
     </span>
     <span class='ocr_line' id='line_1_12' title="bbox 79 783 1546 838; baseline -0.003 -12"><span class='ocrx_word' id='word_1_80' title='bbox 79 786 171 838; x_wconf 86' lang='lat' dir='ltr'>ipse</span> <span class='ocrx_word' id='word_1_81' title='bbox 201 785 421 826; x_wconf 85' lang='lat' dir='ltr'>consili1m1</span> <span class='ocrx_word' id='word_1_82' title='bbox 452 783 682 836; x_wconf 81' lang='lat' dir='ltr'>exspecto?</span> <span class='ocrx_word' id='word_1_83' title='bbox 742 784 904 825; x_wconf 81' lang='lat' dir='ltr'>Gnaeus</span> <span class='ocrx_word' id='word_1_84' title='bbox 936 787 1078 826; x_wconf 90' lang='lat' dir='ltr'>noster</span> <span class='ocrx_word' id='word_1_85' title='bbox 1097 785 1196 837; x_wconf 88' lang='lat' dir='ltr'>quid</span> <span class='ocrx_word' id='word_1_86' title='bbox 1228 784 1394 826; x_wconf 78' lang='lat' dir='ltr'>consilii</span> <span class='ocrx_word' id='word_1_87' title='bbox 1424 794 1546 834; x_wconf 86' lang='lat' dir='ltr'>cepe-</span> 
     </span>
     <span class='ocr_line' id='line_1_13' title="bbox 80 840 1543 894; baseline -0.003 -11"><span class='ocrx_word' id='word_1_88' title='bbox 80 843 138 883; x_wconf 82' lang='lat' dir='ltr'>rit</span> <span class='ocrx_word' id='word_1_89' title='bbox 167 842 383 893; x_wconf 82' lang='lat' dir='ltr'>capiatve,</span> <span class='ocrx_word' id='word_1_90' title='bbox 411 841 569 893; x_wconf 84' lang='lat' dir='ltr'>nescio,</span> <span class='ocrx_word' id='word_1_91' title='bbox 598 840 737 881; x_wconf 88' lang='lat' dir='ltr'>adhuc</span> <span class='ocrx_word' id='word_1_92' title='bbox 766 842 812 882; x_wconf 88' lang='lat' dir='ltr'>in</span> <span class='ocrx_word' id='word_1_93' title='bbox 842 842 1011 894; x_wconf 86' lang='lat' dir='ltr'>oppidis</span> <span class='ocrx_word' id='word_1_94' title='bbox 1042 844 1257 884; x_wconf 85' lang='lat' dir='ltr'>coartatus</span> <span class='ocrx_word' id='word_1_95' title='bbox 1286 844 1328 882; x_wconf 92' lang='lat' dir='ltr'>et</span> <span class='ocrx_word' id='word_1_96' title='bbox 1359 843 1543 892; x_wconf 88' lang='lat' dir='ltr'>stupens.</span> 
     </span>
     <span class='ocr_line' id='line_1_14' title="bbox 81 898 1546 951; baseline -0.003 -11"><span class='ocrx_word' id='word_1_97' title='bbox 81 900 256 950; x_wconf 86' lang='lat' dir='ltr'>Omnes,</span> <span class='ocrx_word' id='word_1_98' title='bbox 295 898 331 938; x_wconf 93' lang='lat' dir='ltr'>si</span> <span class='ocrx_word' id='word_1_99' title='bbox 361 899 406 939; x_wconf 88' lang='lat' dir='ltr'>in</span> <span class='ocrx_word' id='word_1_100' title='bbox 437 898 561 938; x_wconf 82' lang='lat' dir='ltr'>Italia</span> <span class='ocrx_word' id='word_1_101' title='bbox 592 898 813 951; x_wconf 84' lang='lat' dir='ltr'>consistat,</span> <span class='ocrx_word' id='word_1_102' title='bbox 850 901 1005 940; x_wconf 87' lang='lat' dir='ltr'>erimus</span> <span class='ocrx_word' id='word_1_103' title='bbox 1034 912 1138 939; x_wconf 87' lang='lat' dir='ltr'>una:</span> <span class='ocrx_word' id='word_1_104' title='bbox 1169 900 1233 939; x_wconf 88' lang='lat' dir='ltr'>sin</span> <span class='ocrx_word' id='word_1_105' title='bbox 1265 898 1408 949; x_wconf 87' lang='lat' dir='ltr'>cedet,</span> <span class='ocrx_word' id='word_1_106' title='bbox 1448 910 1546 938; x_wconf 90' lang='lat' dir='ltr'>con-</span> 
     </span>
     <span class='ocr_line' id='line_1_15' title="bbox 78 953 1548 1009; baseline -0.003 -13"><span class='ocrx_word' id='word_1_107' title='bbox 78 955 166 996; x_wconf 86' lang='lat' dir='ltr'>silii</span> <span class='ocrx_word' id='word_1_108' title='bbox 194 968 261 996; x_wconf 89' lang='lat' dir='ltr'>res</span> <span class='ocrx_word' id='word_1_109' title='bbox 292 957 367 995; x_wconf 88' lang='lat' dir='ltr'>est.</span> <span class='ocrx_word' id='word_1_110' title='bbox 438 953 590 995; x_wconf 89' lang='lat' dir='ltr'>Adhuc</span> <span class='ocrx_word' id='word_1_111' title='bbox 616 957 752 1007; x_wconf 82' lang='lat' dir='ltr'>certe,</span> <span class='ocrx_word' id='word_1_112' title='bbox 792 956 875 996; x_wconf 90' lang='lat' dir='ltr'>nisi</span> <span class='ocrx_word' id='word_1_113' title='bbox 913 968 988 1009; x_wconf 86' lang='lat' dir='ltr'>ego</span> <span class='ocrx_word' id='word_1_114' title='bbox 1017 955 1206 1004; x_wconf 76' lang='lat' dir='ltr'>insanin,</span> <span class='ocrx_word' id='word_1_115' title='bbox 1247 956 1374 995; x_wconf 85' lang='lat' dir='ltr'>stulte</span> <span class='ocrx_word' id='word_1_116' title='bbox 1405 954 1548 993; x_wconf 79' lang='lat' dir='ltr'>omnia</span> 
     </span>
     <span class='ocr_line' id='line_1_16' title="bbox 80 1011 1546 1064; baseline -0.003 -10"><span class='ocrx_word' id='word_1_117' title='bbox 80 1015 123 1054; x_wconf 80' lang='lat' dir='ltr'>et</span> <span class='ocrx_word' id='word_1_118' title='bbox 151 1013 334 1053; x_wconf 86' lang='lat' dir='ltr'>incaute.</span> <span class='ocrx_word' id='word_1_119' title='bbox 393 1012 477 1059; x_wconf 92' lang='lat' dir='ltr'>Tu,</span> <span class='ocrx_word' id='word_1_120' title='bbox 509 1023 686 1064; x_wconf 90' lang='lat' dir='ltr'>quaeso,</span> <span class='ocrx_word' id='word_1_121' title='bbox 728 1011 880 1054; x_wconf 88' lang='lat' dir='ltr'>crebro</span> <span class='ocrx_word' id='word_1_122' title='bbox 913 1012 966 1054; x_wconf 82' lang='lat' dir='ltr'>ad</span> <span class='ocrx_word' id='word_1_123' title='bbox 995 1025 1062 1054; x_wconf 85' lang='lat' dir='ltr'>me</span> <span class='ocrx_word' id='word_1_124' title='bbox 1090 1011 1230 1053; x_wconf 82' lang='lat' dir='ltr'>scribe</span> <span class='ocrx_word' id='word_1_125' title='bbox 1258 1012 1328 1052; x_wconf 87' lang='lat' dir='ltr'>vel</span> <span class='ocrx_word' id='word_1_126' title='bbox 1357 1011 1470 1063; x_wconf 90' lang='lat' dir='ltr'>quod</span> <span class='ocrx_word' id='word_1_127' title='bbox 1499 1011 1546 1050; x_wconf 85' lang='lat' dir='ltr'>in</span> 
     </span>
     <span class='ocr_line' id='line_1_17' title="bbox 77 1068 471 1111; baseline 0 -1"><span class='ocrx_word' id='word_1_128' title='bbox 77 1070 253 1111; x_wconf 89' lang='lat' dir='ltr'>buccam</span> <span class='ocrx_word' id='word_1_129' title='bbox 291 1068 471 1110; x_wconf 83' lang='lat' dir='ltr'>venerit.</span> 
     </span>
    </p>
   </div>
   <div class='ocr_carea' id='block_1_6' title="bbox 78 1187 1549 2066">
    <p class='ocr_par' dir='ltr' id='par_1_6' title="bbox 78 1187 1549 2066">
     <span class='ocr_line' id='line_1_18' title="bbox 169 1187 1548 1236; baseline -0.005 -8"><span class='ocrx_word' id='word_1_130' title='bbox 169 1195 203 1228; x_wconf 90' lang='lat' dir='ltr'>l.</span> <span class='ocrx_word' id='word_1_131' title='bbox 228 1193 384 1235; x_wconf 74' lang='lat' dir='ltr'>exirem,</span> <span class='ocrx_word' id='word_1_132' title='bbox 410 1202 484 1224; x_wconf 89' lang='lat' dir='ltr'>von</span> <span class='ocrx_word' id='word_1_133' title='bbox 508 1191 604 1225; x_wconf 89' lang='lat' dir='ltr'>Rom</span> <span class='ocrx_word' id='word_1_134' title='bbox 628 1190 898 1235; x_wconf 83' lang='lat' dir='ltr'>wegzureisen.</span> <span class='ocrx_word' id='word_1_135' title='bbox 946 1191 1052 1226; x_wconf 83' lang='lat' dir='ltr'>Nach</span> <span class='ocrx_word' id='word_1_136' title='bbox 1077 1201 1136 1236; x_wconf 86' lang='lat' dir='ltr'>ep.</span> <span class='ocrx_word' id='word_1_137' title='bbox 1151 1191 1231 1228; x_wconf 85' lang='lat'><strong>357.</strong></span> <span class='ocrx_word' id='word_1_138' title='bbox 1256 1188 1421 1235; x_wconf 85' lang='lat' dir='ltr'>geschah</span> <span class='ocrx_word' id='word_1_139' title='bbox 1445 1187 1548 1222; x_wconf 80' lang='lat' dir='ltr'>diess</span> 
     </span>
     <span class='ocr_line' id='line_1_19' title="bbox 79 1235 1547 1282; baseline -0.005 -8"><span class='ocrx_word' id='word_1_140' title='bbox 79 1251 134 1274; x_wconf 89' lang='lat' dir='ltr'>am</span> <span class='ocrx_word' id='word_1_141' title='bbox 160 1241 215 1274; x_wconf 89' lang='grc'>19.</span> <span class='ocrx_word' id='word_1_142' title='bbox 235 1239 370 1273; x_wconf 86' lang='lat' dir='ltr'>Ianuar</span> <span class='ocrx_word' id='word_1_143' title='bbox 395 1238 473 1272; x_wconf 87' lang='lat'>705.</span> <span class='ocrx_word' id='word_1_144' title='bbox 502 1256 544 1262; x_wconf 92' lang='lat'>—</span> <span class='ocrx_word' id='word_1_145' title='bbox 593 1248 636 1270; x_wconf 78' lang='lat' dir='ltr'>ne</span> <span class='ocrx_word' id='word_1_146' title='bbox 660 1238 722 1282; x_wconf 81' lang='lat' dir='ltr'>qui</span> <span class='ocrx_word' id='word_1_147' title='bbox 746 1249 867 1282; x_wconf 75' lang='lat' dir='ltr'>consp.</span> <span class='ocrx_word' id='word_1_148' title='bbox 893 1239 917 1280; x_wconf 73' lang='grc' dir='ltr'>Γ.</span> <span class='ocrx_word' id='word_1_149' title='bbox 942 1242 1007 1271; x_wconf 81' lang='lat' dir='ltr'>aut</span> <span class='ocrx_word' id='word_1_150' title='bbox 1022 1247 1154 1281; x_wconf 80' lang='lat' dir='ltr'>sermo,</span> <span class='ocrx_word' id='word_1_151' title='bbox 1180 1248 1240 1271; x_wconf 90' lang='lat' dir='ltr'>um</span> <span class='ocrx_word' id='word_1_152' title='bbox 1265 1236 1376 1270; x_wconf 85' lang='lat' dir='ltr'>allem</span> <span class='ocrx_word' id='word_1_153' title='bbox 1393 1235 1547 1269; x_wconf 76' lang='lat' dir='ltr'>Zusam-</span> 
     </span>
     <span class='ocr_line' id='line_1_20' title="bbox 80 1280 1546 1327; baseline -0.002 -7"><span class='ocrx_word' id='word_1_154' title='bbox 80 1286 244 1320; x_wconf 80' lang='lat' dir='ltr'>menlauf</span> <span class='ocrx_word' id='word_1_155' title='bbox 266 1285 340 1318; x_wconf 88' lang='lat' dir='ltr'>und</span> <span class='ocrx_word' id='word_1_156' title='bbox 365 1283 515 1318; x_wconf 81' lang='lat' dir='ltr'>Gerede</span> <span class='ocrx_word' id='word_1_157' title='bbox 540 1283 607 1317; x_wconf 87' lang='lat' dir='ltr'>der</span> <span class='ocrx_word' id='word_1_158' title='bbox 630 1283 752 1317; x_wconf 85' lang='lat' dir='ltr'>Lente</span> <span class='ocrx_word' id='word_1_159' title='bbox 777 1294 822 1317; x_wconf 83' lang='lat' dir='ltr'>zu</span> <span class='ocrx_word' id='word_1_160' title='bbox 849 1284 1052 1327; x_wconf 81' lang='lat' dir='ltr'>entgehen3</span> <span class='ocrx_word' id='word_1_161' title='bbox 1083 1294 1131 1317; x_wconf 88' lang='lat' dir='ltr'>ne</span> <span class='ocrx_word' id='word_1_162' title='bbox 1166 1282 1269 1317; x_wconf 89' lang='lat' dir='ltr'>oculi</span> <span class='ocrx_word' id='word_1_163' title='bbox 1292 1281 1483 1315; x_wconf 87' lang='lat' dir='ltr'>hominum</span> <span class='ocrx_word' id='word_1_164' title='bbox 1508 1280 1546 1317; x_wconf 78' lang='lat' dir='ltr'>in</span> 
     </span>
     <span class='ocr_line' id='line_1_21' title="bbox 78 1325 1547 1373; baseline -0.005 -7"><span class='ocrx_word' id='word_1_165' title='bbox 78 1344 136 1366; x_wconf 88' lang='lat' dir='ltr'>me</span> <span class='ocrx_word' id='word_1_166' title='bbox 162 1336 427 1365; x_wconf 79' lang='lat' dir='ltr'>convertantur</span> <span class='ocrx_word' id='word_1_167' title='bbox 451 1334 488 1362; x_wconf 84' lang='lat' dir='ltr'>et</span> <span class='ocrx_word' id='word_1_168' title='bbox 513 1340 702 1363; x_wconf 87' lang='lat' dir='ltr'>sermones</span> <span class='ocrx_word' id='word_1_169' title='bbox 729 1329 908 1363; x_wconf 88' lang='lat' dir='ltr'>oriantur.</span> <span class='ocrx_word' id='word_1_170' title='bbox 959 1329 1024 1364; x_wconf 88' lang='lat' dir='ltr'>Sic</span> <span class='ocrx_word' id='word_1_171' title='bbox 1053 1329 1216 1373; x_wconf 80' lang='lat' dir='ltr'>conspici</span> <span class='ocrx_word' id='word_1_172' title='bbox 1249 1327 1411 1366; x_wconf 82' lang='lat' dir='ltr'>dicitur,</span> <span class='ocrx_word' id='word_1_173' title='bbox 1445 1325 1547 1370; x_wconf 90' lang='lat' dir='ltr'>quod</span> 
     </span>
     <span class='ocr_line' id='line_1_22' title="bbox 78 1372 1546 1420; baseline -0.003 -9"><span class='ocrx_word' id='word_1_174' title='bbox 78 1376 279 1412; x_wconf 83' lang='lat' dir='ltr'>insolentia</span> <span class='ocrx_word' id='word_1_175' title='bbox 303 1387 368 1410; x_wconf 88' lang='lat' dir='ltr'>sua</span> <span class='ocrx_word' id='word_1_176' title='bbox 392 1374 576 1409; x_wconf 86' lang='lat' dir='ltr'>convertit</span> <span class='ocrx_word' id='word_1_177' title='bbox 601 1375 730 1409; x_wconf 91' lang='lat' dir='ltr'>oculos</span> <span class='ocrx_word' id='word_1_178' title='bbox 753 1375 954 1409; x_wconf 87' lang='lat' dir='ltr'>hominum.</span> <span class='ocrx_word' id='word_1_179' title='bbox 1005 1374 1068 1410; x_wconf 85' lang='lat' dir='ltr'>Sic</span> <span class='ocrx_word' id='word_1_180' title='bbox 1092 1375 1190 1420; x_wconf 87' lang='lat' dir='ltr'>Epp.</span> <span class='ocrx_word' id='word_1_181' title='bbox 1216 1374 1262 1408; x_wconf 89' lang='lat' dir='ltr'>ad</span> <span class='ocrx_word' id='word_1_182' title='bbox 1287 1373 1376 1408; x_wconf 86' lang='lat' dir='ltr'>Div.</span> <span class='ocrx_word' id='word_1_183' title='bbox 1402 1372 1456 1417; x_wconf 82' lang='grc' dir='ltr'>ΙΙ,</span> <span class='ocrx_word' id='word_1_184' title='bbox 1483 1373 1546 1407; x_wconf 83' lang='lat'>16:</span> 
     </span>
     <span class='ocr_line' id='line_1_23' title="bbox 81 1418 1547 1464; baseline -0.003 -7"><span class='ocrx_word' id='word_1_185' title='bbox 81 1424 239 1462; x_wconf 64' lang='lat' dir='ltr'>incurm&#39;t</span> <span class='ocrx_word' id='word_1_186' title='bbox 264 1422 351 1456; x_wconf 69' lang='lat' dir='ltr'>Ilaec</span> <span class='ocrx_word' id='word_1_187' title='bbox 375 1422 502 1454; x_wconf 73' lang='lat' dir='ltr'>laurus</span> <span class='ocrx_word' id='word_1_188' title='bbox 526 1431 596 1453; x_wconf 77' lang='lat' dir='ltr'>non</span> <span class='ocrx_word' id='word_1_189' title='bbox 621 1422 726 1455; x_wconf 85' lang='lat' dir='ltr'>modo</span> <span class='ocrx_word' id='word_1_190' title='bbox 751 1422 790 1454; x_wconf 84' lang='lat' dir='ltr'>in</span> <span class='ocrx_word' id='word_1_191' title='bbox 815 1421 952 1464; x_wconf 76' lang='lat' dir='ltr'>oculos,</span> <span class='ocrx_word' id='word_1_192' title='bbox 976 1421 1041 1455; x_wconf 74' lang='lat' dir='ltr'>ced</span> <span class='ocrx_word' id='word_1_193' title='bbox 1064 1421 1173 1455; x_wconf 81' lang='lat' dir='ltr'>etiam</span> <span class='ocrx_word' id='word_1_194' title='bbox 1197 1421 1237 1455; x_wconf 83' lang='lat' dir='ltr'>in</span> <span class='ocrx_word' id='word_1_195' title='bbox 1252 1419 1411 1454; x_wconf 79' lang='lat' dir='ltr'>voculas.</span> <span class='ocrx_word' id='word_1_196' title='bbox 1461 1418 1547 1455; x_wconf 85' lang='lat' dir='ltr'>ER-</span> 
     </span>
     <span class='ocr_line' id='line_1_24' title="bbox 79 1464 1546 1510; baseline -0.004 -6"><span class='ocrx_word' id='word_1_197' title='bbox 79 1466 245 1505; x_wconf 81' lang='lat' dir='ltr'><em>NESTI.</em></span> <span class='ocrx_word' id='word_1_198' title='bbox 273 1487 317 1493; x_wconf 88' lang='lat'>—</span> <span class='ocrx_word' id='word_1_199' title='bbox 364 1468 562 1509; x_wconf 72' lang='lat' dir='ltr'>laureatiS,</span> <span class='ocrx_word' id='word_1_200' title='bbox 595 1467 759 1510; x_wconf 83' lang='lat' dir='ltr'>zumahl,</span> <span class='ocrx_word' id='word_1_201' title='bbox 795 1468 881 1501; x_wconf 80' lang='lat' dir='ltr'>weil</span> <span class='ocrx_word' id='word_1_202' title='bbox 918 1467 980 1501; x_wconf 89' lang='lat' dir='ltr'>die</span> <span class='ocrx_word' id='word_1_203' title='bbox 1005 1467 1272 1501; x_wconf 88' lang='lat' dir='ltr'>belorbeerten</span> <span class='ocrx_word' id='word_1_204' title='bbox 1295 1466 1431 1499; x_wconf 85' lang='lat' dir='ltr'>Fasces</span> <span class='ocrx_word' id='word_1_205' title='bbox 1455 1464 1546 1498; x_wconf 90' lang='lat' dir='ltr'>mei-</span> 
     </span>
     <span class='ocr_line' id='line_1_25' title="bbox 79 1510 1546 1556; baseline -0.003 -7"><span class='ocrx_word' id='word_1_206' title='bbox 79 1527 148 1549; x_wconf 83' lang='lat' dir='ltr'>ner</span> <span class='ocrx_word' id='word_1_207' title='bbox 178 1515 358 1549; x_wconf 84' lang='lat' dir='ltr'>Lictoren</span> <span class='ocrx_word' id='word_1_208' title='bbox 389 1513 488 1547; x_wconf 80' lang='lat' dir='ltr'>mich</span> <span class='ocrx_word' id='word_1_209' title='bbox 523 1513 693 1555; x_wconf 81' lang='lat' dir='ltr'>sogleich</span> <span class='ocrx_word' id='word_1_210' title='bbox 725 1512 918 1547; x_wconf 83' lang='lat' dir='ltr'>kenntlich</span> <span class='ocrx_word' id='word_1_211' title='bbox 953 1513 1123 1556; x_wconf 83' lang='lat' dir='ltr'>gemacht</span> <span class='ocrx_word' id='word_1_212' title='bbox 1158 1513 1298 1547; x_wconf 69' lang='lat' dir='ltr'>hatten.</span> <span class='ocrx_word' id='word_1_213' title='bbox 1360 1510 1546 1546; x_wconf 86' lang='lat' dir='ltr'>Nimirum</span> 
     </span>
     <span class='ocr_line' id='line_1_26' title="bbox 80 1557 1547 1606; baseline -0.004 -11"><span class='ocrx_word' id='word_1_214' title='bbox 80 1573 191 1606; x_wconf 91' lang='lat' dir='ltr'>quum</span> <span class='ocrx_word' id='word_1_215' title='bbox 217 1561 349 1596; x_wconf 87' lang='lat' dir='ltr'>Cicero</span> <span class='ocrx_word' id='word_1_216' title='bbox 376 1570 478 1604; x_wconf 90' lang='lat' dir='ltr'>spem</span> <span class='ocrx_word' id='word_1_217' title='bbox 503 1558 682 1603; x_wconf 83' lang='lat' dir='ltr'>triumphi</span> <span class='ocrx_word' id='word_1_218' title='bbox 707 1558 868 1592; x_wconf 87' lang='lat' dir='ltr'>nondum</span> <span class='ocrx_word' id='word_1_219' title='bbox 900 1558 1119 1598; x_wconf 86' lang='lat' dir='ltr'>abiecisset,</span> <span class='ocrx_word' id='word_1_220' title='bbox 1151 1557 1313 1604; x_wconf 87' lang='lat' dir='ltr'>imperio</span> <span class='ocrx_word' id='word_1_221' title='bbox 1336 1567 1547 1603; x_wconf 84' lang='lat' dir='ltr'>proconsu-</span> 
     </span>
     <span class='ocr_line' id='line_1_27' title="bbox 80 1604 1547 1651; baseline -0.005 -9"><span class='ocrx_word' id='word_1_222' title='bbox 80 1607 152 1642; x_wconf 86' lang='lat' dir='ltr'>lari</span> <span class='ocrx_word' id='word_1_223' title='bbox 177 1607 338 1641; x_wconf 87' lang='lat' dir='ltr'>nondum</span> <span class='ocrx_word' id='word_1_224' title='bbox 362 1604 549 1651; x_wconf 76' lang='lat' dir='ltr'>deposim,</span> <span class='ocrx_word' id='word_1_225' title='bbox 578 1604 732 1639; x_wconf 82' lang='lat' dir='ltr'>lictores</span> <span class='ocrx_word' id='word_1_226' title='bbox 748 1615 829 1639; x_wconf 89' lang='lat' dir='ltr'>cum</span> <span class='ocrx_word' id='word_1_227' title='bbox 853 1604 1016 1639; x_wconf 81' lang='lat' dir='ltr'>fascibus</span> <span class='ocrx_word' id='word_1_228' title='bbox 1031 1605 1210 1638; x_wconf 84' lang='lat' dir='ltr'>laureatis</span> <span class='ocrx_word' id='word_1_229' title='bbox 1236 1615 1318 1639; x_wconf 89' lang='lat' dir='ltr'>eum</span> <span class='ocrx_word' id='word_1_230' title='bbox 1339 1604 1547 1646; x_wconf 83' lang='lat' dir='ltr'>sequeban-</span> 
     </span>
     <span class='ocr_line' id='line_1_28' title="bbox 82 1649 1547 1693; baseline -0.005 -4"><span class='ocrx_word' id='word_1_231' title='bbox 82 1660 154 1690; x_wconf 90' lang='lat' dir='ltr'>tur.</span> <span class='ocrx_word' id='word_1_232' title='bbox 202 1653 310 1688; x_wconf 85' lang='lat' dir='ltr'>SCH.</span> <span class='ocrx_word' id='word_1_233' title='bbox 335 1670 379 1676; x_wconf 91' lang='lat'>—</span> <span class='ocrx_word' id='word_1_234' title='bbox 426 1651 611 1685; x_wconf 77' lang='lat' dir='ltr'>amentz&#39;ss.</span> <span class='ocrx_word' id='word_1_235' title='bbox 646 1651 806 1685; x_wconf 77' lang='lat' dir='ltr'>consilii.</span> <span class='ocrx_word' id='word_1_236' title='bbox 857 1650 908 1686; x_wconf 85' lang='lat' dir='ltr'>So</span> <span class='ocrx_word' id='word_1_237' title='bbox 941 1656 1055 1685; x_wconf 88' lang='lat' dir='ltr'>nennt</span> <span class='ocrx_word' id='word_1_238' title='bbox 1090 1661 1132 1684; x_wconf 90' lang='lat' dir='ltr'>er</span> <span class='ocrx_word' id='word_1_239' title='bbox 1158 1650 1220 1684; x_wconf 86' lang='lat' dir='ltr'>die</span> <span class='ocrx_word' id='word_1_240' title='bbox 1244 1649 1452 1693; x_wconf 85' lang='lat' dir='ltr'>Massregel</span> <span class='ocrx_word' id='word_1_241' title='bbox 1478 1649 1547 1682; x_wconf 92' lang='lat' dir='ltr'>der</span> 
     </span>
     <span class='ocr_line' id='line_1_29' title="bbox 80 1695 1546 1741; baseline -0.005 -6"><span class='ocrx_word' id='word_1_242' title='bbox 80 1700 266 1741; x_wconf 86' lang='lat' dir='ltr'>Consuln,</span> <span class='ocrx_word' id='word_1_243' title='bbox 292 1698 375 1732; x_wconf 88' lang='lat' dir='ltr'>dass</span> <span class='ocrx_word' id='word_1_244' title='bbox 400 1697 476 1740; x_wconf 87' lang='lat' dir='ltr'>sie,</span> <span class='ocrx_word' id='word_1_245' title='bbox 512 1696 643 1731; x_wconf 87' lang='lat' dir='ltr'>sobald</span> <span class='ocrx_word' id='word_1_246' title='bbox 668 1697 780 1731; x_wconf 86' lang='lat' dir='ltr'>ihnen</span> <span class='ocrx_word' id='word_1_247' title='bbox 805 1697 939 1732; x_wconf 70' lang='lat' dir='ltr'>Casars</span> <span class='ocrx_word' id='word_1_248' title='bbox 961 1697 1131 1731; x_wconf 85' lang='lat' dir='ltr'>Ankunft</span> <span class='ocrx_word' id='word_1_249' title='bbox 1155 1696 1320 1730; x_wconf 84' lang='lat' dir='ltr'>bekannt</span> <span class='ocrx_word' id='word_1_250' title='bbox 1343 1695 1546 1739; x_wconf 82' lang='lat' dir='ltr'>geworden</span> 
     </span>
     <span class='ocr_line' id='line_1_30' title="bbox 78 1741 1548 1789; baseline -0.004 -9"><span class='ocrx_word' id='word_1_251' title='bbox 78 1757 179 1788; x_wconf 80' lang='lat' dir='ltr'>war,</span> <span class='ocrx_word' id='word_1_252' title='bbox 226 1755 299 1779; x_wconf 76' lang='lat' dir='ltr'>von</span> <span class='ocrx_word' id='word_1_253' title='bbox 330 1743 571 1789; x_wconf 74' lang='lat' dir='ltr'>plotzlichem</span> <span class='ocrx_word' id='word_1_254' title='bbox 607 1742 825 1778; x_wconf 83' lang='lat' dir='ltr'>Schrecken</span> <span class='ocrx_word' id='word_1_255' title='bbox 866 1742 1045 1787; x_wconf 81' lang='lat' dir='ltr'>ergriffen</span> <span class='ocrx_word' id='word_1_256' title='bbox 1081 1742 1144 1777; x_wconf 90' lang='lat' dir='ltr'>die</span> <span class='ocrx_word' id='word_1_257' title='bbox 1180 1742 1287 1777; x_wconf 88' lang='lat' dir='ltr'>Stadt</span> <span class='ocrx_word' id='word_1_258' title='bbox 1327 1741 1548 1776; x_wconf 81' lang='lat' dir='ltr'>verliessen.</span> 
     </span>
     <span class='ocr_line' id='line_1_31' title="bbox 81 1787 1548 1834; baseline -0.004 -8"><span class='ocrx_word' id='word_1_259' title='bbox 81 1791 220 1827; x_wconf 87' lang='lat' dir='ltr'>Consul</span> <span class='ocrx_word' id='word_1_260' title='bbox 245 1790 427 1825; x_wconf 82' lang='lat' dir='ltr'>Lentulus</span> <span class='ocrx_word' id='word_1_261' title='bbox 452 1790 529 1823; x_wconf 89' lang='lat' dir='ltr'>floh</span> <span class='ocrx_word' id='word_1_262' title='bbox 555 1789 695 1832; x_wconf 80' lang='lat' dir='ltr'>sosort3</span> <span class='ocrx_word' id='word_1_263' title='bbox 720 1790 796 1823; x_wconf 89' lang='lat' dir='ltr'>ihm</span> <span class='ocrx_word' id='word_1_264' title='bbox 820 1789 963 1834; x_wconf 82' lang='lat' dir='ltr'>folgten</span> <span class='ocrx_word' id='word_1_265' title='bbox 989 1789 1129 1824; x_wconf 87' lang='lat' dir='ltr'>Consul</span> <span class='ocrx_word' id='word_1_266' title='bbox 1154 1788 1359 1823; x_wconf 87' lang='lat' dir='ltr'>Marcellus</span> <span class='ocrx_word' id='word_1_267' title='bbox 1385 1788 1459 1821; x_wconf 90' lang='lat' dir='ltr'>und</span> <span class='ocrx_word' id='word_1_268' title='bbox 1485 1787 1548 1821; x_wconf 85' lang='lat' dir='ltr'>die</span> 
     </span>
     <span class='ocr_line' id='line_1_32' title="bbox 80 1834 1547 1880; baseline -0.005 -7"><span class='ocrx_word' id='word_1_269' title='bbox 80 1838 239 1873; x_wconf 88' lang='lat' dir='ltr'>meisten</span> <span class='ocrx_word' id='word_1_270' title='bbox 270 1835 689 1880; x_wconf 83' lang='lat' dir='ltr'>Magistratspersonen.</span> <span class='ocrx_word' id='word_1_271' title='bbox 746 1836 814 1871; x_wconf 91' lang='lat' dir='ltr'>Cn.</span> <span class='ocrx_word' id='word_1_272' title='bbox 845 1834 1049 1880; x_wconf 85' lang='lat' dir='ltr'>Pompeius</span> <span class='ocrx_word' id='word_1_273' title='bbox 1083 1845 1164 1869; x_wconf 82' lang='lat' dir='ltr'>war</span> <span class='ocrx_word' id='word_1_274' title='bbox 1194 1835 1316 1879; x_wconf 83' lang='lat' dir='ltr'>Tages</span> <span class='ocrx_word' id='word_1_275' title='bbox 1351 1844 1469 1867; x_wconf 89' lang='lat' dir='ltr'>zuvor</span> <span class='ocrx_word' id='word_1_276' title='bbox 1501 1844 1547 1868; x_wconf 90' lang='lat' dir='ltr'>zu</span> 
     </span>
     <span class='ocr_line' id='line_1_33' title="bbox 81 1879 1549 1927; baseline -0.003 -9"><span class='ocrx_word' id='word_1_277' title='bbox 81 1885 154 1919; x_wconf 86' lang='lat' dir='ltr'>den</span> <span class='ocrx_word' id='word_1_278' title='bbox 178 1883 373 1927; x_wconf 82' lang='lat' dir='ltr'>Legionen</span> <span class='ocrx_word' id='word_1_279' title='bbox 406 1880 639 1925; x_wconf 82' lang='lat' dir='ltr'>abgereiset,</span> <span class='ocrx_word' id='word_1_280' title='bbox 675 1880 737 1915; x_wconf 91' lang='lat' dir='ltr'>die</span> <span class='ocrx_word' id='word_1_281' title='bbox 772 1893 814 1915; x_wconf 88' lang='lat' dir='ltr'>er</span> <span class='ocrx_word' id='word_1_282' title='bbox 845 1892 918 1916; x_wconf 78' lang='lat' dir='ltr'>von</span> <span class='ocrx_word' id='word_1_283' title='bbox 952 1881 1190 1924; x_wconf 42' lang='lat' dir='ltr'>Casarrder</span> <span class='ocrx_word' id='word_1_284' title='bbox 1220 1881 1275 1915; x_wconf 84' lang='lat' dir='ltr'>sie</span> <span class='ocrx_word' id='word_1_285' title='bbox 1299 1882 1320 1914; x_wconf 77' lang='lat' dir='ltr'>a</span> <span class='ocrx_word' id='word_1_286' title='bbox 1345 1881 1456 1914; x_wconf 87' lang='lat' dir='ltr'>Mann</span> <span class='ocrx_word' id='word_1_287' title='bbox 1481 1879 1549 1913; x_wconf 88' lang='lat' dir='ltr'>mit</span> 
     </span>
     <span class='ocr_line' id='line_1_34' title="bbox 81 1925 1548 1971; baseline -0.005 -6"><span class='ocrx_word' id='word_1_288' title='bbox 81 1931 172 1965; x_wconf 91' lang='grc'>1000</span> <span class='ocrx_word' id='word_1_289' title='bbox 205 1928 414 1964; x_wconf 86' lang='lat' dir='ltr'>Sestertien</span> <span class='ocrx_word' id='word_1_290' title='bbox 450 1927 548 1961; x_wconf 86' lang='lat' dir='ltr'>beim</span> <span class='ocrx_word' id='word_1_291' title='bbox 572 1927 729 1971; x_wconf 80' lang='lat' dir='ltr'>Abzuge</span> <span class='ocrx_word' id='word_1_292' title='bbox 763 1927 1016 1971; x_wconf 85' lang='lat' dir='ltr'>beschenkte,</span> <span class='ocrx_word' id='word_1_293' title='bbox 1051 1927 1193 1962; x_wconf 70' lang='lat' dir='ltr'>zuriick</span> <span class='ocrx_word' id='word_1_294' title='bbox 1218 1927 1384 1961; x_wconf 83' lang='lat' dir='ltr'>erhalten</span> <span class='ocrx_word' id='word_1_295' title='bbox 1411 1925 1485 1959; x_wconf 89' lang='lat' dir='ltr'>und</span> <span class='ocrx_word' id='word_1_296' title='bbox 1510 1925 1548 1959; x_wconf 84' lang='lat' dir='ltr'>in</span> 
     </span>
     <span class='ocr_line' id='line_1_35' title="bbox 81 1971 1546 2021; baseline -0.004 -10"><span class='ocrx_word' id='word_1_297' title='bbox 81 1974 246 2021; x_wconf 80' lang='lat' dir='ltr'>Apulien</span> <span class='ocrx_word' id='word_1_298' title='bbox 271 1974 309 2008; x_wconf 91' lang='lat' dir='ltr'>in</span> <span class='ocrx_word' id='word_1_299' title='bbox 335 1974 397 2008; x_wconf 91' lang='lat' dir='ltr'>die</span> <span class='ocrx_word' id='word_1_300' title='bbox 421 1973 764 2016; x_wconf 79' lang='lat' dir='ltr'>VVinterquartiere</span> <span class='ocrx_word' id='word_1_301' title='bbox 800 1975 947 2017; x_wconf 81' lang='lat' dir='ltr'>verlegt</span> <span class='ocrx_word' id='word_1_302' title='bbox 980 1974 1092 2008; x_wconf 87' lang='lat' dir='ltr'>hatte.</span> <span class='ocrx_word' id='word_1_303' title='bbox 1149 1973 1190 2008; x_wconf 91' lang='lat' dir='ltr'>S.</span> <span class='ocrx_word' id='word_1_304' title='bbox 1227 1974 1333 2007; x_wconf 82' lang='lat' dir='ltr'>Caes.</span> <span class='ocrx_word' id='word_1_305' title='bbox 1367 1972 1414 2006; x_wconf 92' lang='lat' dir='ltr'>de</span> <span class='ocrx_word' id='word_1_306' title='bbox 1438 1972 1481 2005; x_wconf 88' lang='lat' dir='ltr'>B.</span> <span class='ocrx_word' id='word_1_307' title='bbox 1508 1971 1546 2006; x_wconf 90' lang='lat' dir='ltr'>C.</span> 
     </span>
     <span class='ocr_line' id='line_1_36' title="bbox 81 2018 1548 2066; baseline -0.005 -8"><span class='ocrx_word' id='word_1_308' title='bbox 81 2023 115 2066; x_wconf 92' lang='lat' dir='ltr'>I,</span> <span class='ocrx_word' id='word_1_309' title='bbox 142 2023 197 2057; x_wconf 82' lang='lat'>14.</span> <span class='ocrx_word' id='word_1_310' title='bbox 224 2021 314 2055; x_wconf 91' lang='lat' dir='ltr'>Dio.</span> <span class='ocrx_word' id='word_1_311' title='bbox 333 2021 436 2056; x_wconf 81' lang='lat' dir='ltr'>Cass.</span> <span class='ocrx_word' id='word_1_312' title='bbox 452 2019 559 2061; x_wconf 89' lang='lat' dir='ltr'>XLI,</span> <span class='ocrx_word' id='word_1_313' title='bbox 577 2021 598 2054; x_wconf 88' lang='grc'>6</span> <span class='ocrx_word' id='word_1_314' title='bbox 623 2020 659 2053; x_wconf 82' lang='lat' dir='ltr'>ff.</span> <span class='ocrx_word' id='word_1_315' title='bbox 687 2038 731 2044; x_wconf 90' lang='lat'><strong>—</strong></span> <span class='ocrx_word' id='word_1_316' title='bbox 777 2024 962 2054; x_wconf 80' lang='lat' dir='ltr'>coartatus</span> <span class='ocrx_word' id='word_1_317' title='bbox 986 2019 1224 2054; x_wconf 85' lang='lat' dir='ltr'>multitudine</span> <span class='ocrx_word' id='word_1_318' title='bbox 1251 2018 1411 2052; x_wconf 89' lang='lat' dir='ltr'>omnium</span> <span class='ocrx_word' id='word_1_319' title='bbox 1435 2018 1548 2051; x_wconf 85' lang='lat' dir='ltr'>Pom-</span> 
     </span>
    </p>
   </div>
   <div class='ocr_carea' id='block_1_7' title="bbox 22 2064 1549 2114">
    <p class='ocr_par' dir='ltr' id='par_1_7' title="bbox 22 2064 1549 2114">
     <span class='ocr_line' id='line_1_37' title="bbox 22 2064 1549 2114; baseline -0.004 -12"><span class='ocrx_word' id='word_1_320' title='bbox 22 2103 23 2106; x_wconf 58' lang='lat'>,</span> <span class='ocrx_word' id='word_1_321' title='bbox 82 2069 322 2114; x_wconf 89' lang='lat' dir='ltr'>peianorum,</span> <span class='ocrx_word' id='word_1_322' title='bbox 347 2065 410 2110; x_wconf 89' lang='lat' dir='ltr'>qui</span> <span class='ocrx_word' id='word_1_323' title='bbox 436 2077 485 2099; x_wconf 87' lang='lat' dir='ltr'>ex</span> <span class='ocrx_word' id='word_1_324' title='bbox 509 2066 602 2099; x_wconf 82' lang='lat' dir='ltr'>urbe</span> <span class='ocrx_word' id='word_1_325' title='bbox 626 2067 824 2109; x_wconf 83' lang='lat' dir='ltr'>sugerunt,</span> <span class='ocrx_word' id='word_1_326' title='bbox 851 2070 883 2099; x_wconf 81' lang='lat' dir='ltr'>et</span> <span class='ocrx_word' id='word_1_327' title='bbox 905 2070 1050 2111; x_wconf 80' lang='lat' dir='ltr'>stupens</span> <span class='ocrx_word' id='word_1_328' title='bbox 1072 2077 1119 2098; x_wconf 91' lang='lat'>=</span> <span class='ocrx_word' id='word_1_329' title='bbox 1142 2066 1314 2108; x_wconf 72' lang='lat' dir='ltr'>nesciens,</span> <span class='ocrx_word' id='word_1_330' title='bbox 1340 2064 1429 2107; x_wconf 89' lang='lat' dir='ltr'>quid</span> <span class='ocrx_word' id='word_1_331' title='bbox 1461 2074 1549 2096; x_wconf 89' lang='lat' dir='ltr'>con-</span> 
     </span>
    </p>
   </div>
   <div class='ocr_carea' id='block_1_8' title="bbox 0 1434 42 3043">
    <p class='ocr_par' dir='ltr' id='par_1_8' title="bbox 0 1434 42 3043">
     <span class='ocr_line' id='line_1_38' title="bbox 0 1434 42 3043; baseline 0 0"><span class='ocrx_word' id='word_1_332' title='bbox 0 1434 42 3043; x_wconf 95' lang='lat' dir='ltr'> </span> 
     </span>
    </p>
   </div>
   <div class='ocr_carea' id='block_1_9' title="bbox 83 2111 1551 2426">
    <p class='ocr_par' dir='ltr' id='par_1_9' title="bbox 83 2111 1551 2426">
     <span class='ocr_line' id='line_1_39' title="bbox 84 2111 1548 2158; baseline -0.005 -9"><span class='ocrx_word' id='word_1_333' title='bbox 84 2114 162 2150; x_wconf 85' lang='lat' dir='ltr'>silii</span> <span class='ocrx_word' id='word_1_334' title='bbox 188 2113 310 2158; x_wconf 87' lang='lat' dir='ltr'>capiat</span> <span class='ocrx_word' id='word_1_335' title='bbox 335 2113 448 2155; x_wconf 85' lang='lat' dir='ltr'>(ohne</span> <span class='ocrx_word' id='word_1_336' title='bbox 472 2112 667 2155; x_wconf 80' lang='lat' dir='ltr'>Fassung).</span> <span class='ocrx_word' id='word_1_337' title='bbox 692 2111 926 2146; x_wconf 86' lang='lat' dir='ltr'><strong><em>ERNESTI.</em></strong></span> <span class='ocrx_word' id='word_1_338' title='bbox 962 2114 1002 2146; x_wconf 83' lang='lat' dir='ltr'>in</span> <span class='ocrx_word' id='word_1_339' title='bbox 1027 2112 1148 2155; x_wconf 76' lang='lat' dir='ltr'>oppid.</span> <span class='ocrx_word' id='word_1_340' title='bbox 1165 2111 1399 2155; x_wconf 88' lang='lat' dir='ltr'>Campaniae.</span> <span class='ocrx_word' id='word_1_341' title='bbox 1436 2111 1548 2144; x_wconf 87' lang='lat' dir='ltr'>Pom-</span> 
     </span>
     <span class='ocr_line' id='line_1_40' title="bbox 83 2156 1550 2206; baseline -0.004 -11"><span class='ocrx_word' id='word_1_342' title='bbox 83 2160 192 2206; x_wconf 85' lang='lat' dir='ltr'>peius</span> <span class='ocrx_word' id='word_1_343' title='bbox 218 2160 317 2193; x_wconf 89' lang='lat' dir='ltr'>hatte</span> <span class='ocrx_word' id='word_1_344' title='bbox 341 2159 424 2192; x_wconf 88' lang='lat' dir='ltr'>dem</span> <span class='ocrx_word' id='word_1_345' title='bbox 446 2158 582 2199; x_wconf 69' lang='lat' dir='ltr'>Casar,</span> <span class='ocrx_word' id='word_1_346' title='bbox 609 2158 681 2191; x_wconf 84' lang='lat' dir='ltr'>den</span> <span class='ocrx_word' id='word_1_347' title='bbox 707 2168 748 2190; x_wconf 92' lang='lat' dir='ltr'>er</span> <span class='ocrx_word' id='word_1_348' title='bbox 772 2159 865 2191; x_wconf 88' lang='lat' dir='ltr'>nach</span> <span class='ocrx_word' id='word_1_349' title='bbox 890 2158 969 2193; x_wconf 81' lang='lat' dir='ltr'>sich</span> <span class='ocrx_word' id='word_1_350' title='bbox 1001 2158 1119 2192; x_wconf 85' lang='lat' dir='ltr'>selbst</span> <span class='ocrx_word' id='word_1_351' title='bbox 1150 2157 1396 2199; x_wconf 84' lang='lat' dir='ltr'>beurtheilte,</span> <span class='ocrx_word' id='word_1_352' title='bbox 1433 2156 1550 2190; x_wconf 86' lang='lat' dir='ltr'>solch&#39;</span> 
     </span>
     <span class='ocr_line' id='line_1_41' title="bbox 84 2201 1549 2249; baseline -0.004 -8"><span class='ocrx_word' id='word_1_353' title='bbox 84 2207 169 2241; x_wconf 88' lang='lat' dir='ltr'>eine</span> <span class='ocrx_word' id='word_1_354' title='bbox 192 2203 486 2249; x_wconf 85' lang='lat' dir='ltr'>Verwegenheit</span> <span class='ocrx_word' id='word_1_355' title='bbox 510 2204 613 2238; x_wconf 89' lang='lat' dir='ltr'>nicht</span> <span class='ocrx_word' id='word_1_356' title='bbox 638 2209 842 2247; x_wconf 78' lang='lat' dir='ltr'>zugetraut.</span> <span class='ocrx_word' id='word_1_357' title='bbox 870 2223 913 2230; x_wconf 85' lang='lat'>--</span> <span class='ocrx_word' id='word_1_358' title='bbox 961 2204 1110 2238; x_wconf 80' lang='lat' dir='ltr'>consilii</span> <span class='ocrx_word' id='word_1_359' title='bbox 1132 2214 1192 2237; x_wconf 81' lang='lat' dir='ltr'>res</span> <span class='ocrx_word' id='word_1_360' title='bbox 1215 2208 1286 2243; x_wconf 83' lang='lat' dir='ltr'>est,</span> <span class='ocrx_word' id='word_1_361' title='bbox 1324 2202 1419 2236; x_wconf 89' lang='lat' dir='ltr'>dann</span> <span class='ocrx_word' id='word_1_362' title='bbox 1452 2201 1549 2236; x_wconf 83' lang='lat' dir='ltr'>wird</span> 
     </span>
     <span class='ocr_line' id='line_1_42' title="bbox 84 2247 1550 2295; baseline -0.004 -9"><span class='ocrx_word' id='word_1_363' title='bbox 84 2253 147 2286; x_wconf 86' lang='lat' dir='ltr'>die</span> <span class='ocrx_word' id='word_1_364' title='bbox 170 2252 292 2295; x_wconf 83' lang='lat' dir='ltr'>Frage</span> <span class='ocrx_word' id='word_1_365' title='bbox 316 2251 413 2294; x_wconf 85' lang='lat' dir='ltr'>sein,</span> <span class='ocrx_word' id='word_1_366' title='bbox 438 2251 530 2285; x_wconf 77' lang='lat' dir='ltr'>VVas</span> <span class='ocrx_word' id='word_1_367' title='bbox 555 2260 602 2284; x_wconf 89' lang='lat' dir='ltr'>zu</span> <span class='ocrx_word' id='word_1_368' title='bbox 630 2251 718 2283; x_wconf 88' lang='lat' dir='ltr'>thun</span> <span class='ocrx_word' id='word_1_369' title='bbox 745 2250 816 2293; x_wconf 78' lang='lat' dir='ltr'>ist,</span> <span class='ocrx_word' id='word_1_370' title='bbox 841 2250 889 2284; x_wconf 92' lang='lat' dir='ltr'>ob</span> <span class='ocrx_word' id='word_1_371' title='bbox 917 2261 998 2284; x_wconf 90' lang='lat' dir='ltr'>man</span> <span class='ocrx_word' id='word_1_372' title='bbox 1021 2250 1117 2283; x_wconf 88' lang='lat' dir='ltr'>auch</span> <span class='ocrx_word' id='word_1_373' title='bbox 1134 2249 1268 2283; x_wconf 89' lang='lat' dir='ltr'>Italien</span> <span class='ocrx_word' id='word_1_374' title='bbox 1285 2249 1449 2283; x_wconf 86' lang='lat' dir='ltr'>verlasse</span> <span class='ocrx_word' id='word_1_375' title='bbox 1475 2247 1550 2280; x_wconf 90' lang='lat' dir='ltr'>und</span> 
     </span>
     <span class='ocr_line' id='line_1_43' title="bbox 85 2294 1551 2342; baseline -0.005 -9"><span class='ocrx_word' id='word_1_376' title='bbox 85 2298 162 2333; x_wconf 90' lang='lat' dir='ltr'>ihm</span> <span class='ocrx_word' id='word_1_377' title='bbox 186 2296 311 2342; x_wconf 69' lang='lat' dir='ltr'>folge!</span> <span class='ocrx_word' id='word_1_378' title='bbox 341 2316 385 2323; x_wconf 88' lang='lat'>·—</span> <span class='ocrx_word' id='word_1_379' title='bbox 431 2297 574 2331; x_wconf 79' lang='lat' dir='ltr'>incaute</span> <span class='ocrx_word' id='word_1_380' title='bbox 597 2296 658 2340; x_wconf 78' lang='lat' dir='ltr'>agi</span> <span class='ocrx_word' id='word_1_381' title='bbox 683 2295 830 2340; x_wconf 91' lang='lat' dir='ltr'>iudico,</span> <span class='ocrx_word' id='word_1_382' title='bbox 852 2296 1000 2331; x_wconf 85' lang='lat' dir='ltr'>welche</span> <span class='ocrx_word' id='word_1_383' title='bbox 1026 2296 1161 2330; x_wconf 81' lang='lat' dir='ltr'>Glosse</span> <span class='ocrx_word' id='word_1_384' title='bbox 1182 2297 1267 2330; x_wconf 79' lang='lat' dir='ltr'>Asc.</span> <span class='ocrx_word' id='word_1_385' title='bbox 1287 2297 1318 2330; x_wconf 92' lang='grc'>1.</span> <span class='ocrx_word' id='word_1_386' title='bbox 1344 2295 1441 2329; x_wconf 86' lang='lat' dir='ltr'>Crat.</span> <span class='ocrx_word' id='word_1_387' title='bbox 1469 2294 1551 2326; x_wconf 87' lang='lat' dir='ltr'>hin-</span> 
     </span>
     <span class='ocr_line' id='line_1_44' title="bbox 87 2340 1550 2388; baseline -0.003 -10"><span class='ocrx_word' id='word_1_388' title='bbox 87 2345 261 2388; x_wconf 82' lang='lat' dir='ltr'>zusugen.</span> <span class='ocrx_word' id='word_1_389' title='bbox 298 2360 342 2368; x_wconf 95' lang='lat'>—</span> <span class='ocrx_word' id='word_1_390' title='bbox 389 2343 445 2377; x_wconf 81' lang='lat' dir='ltr'>vel</span> <span class='ocrx_word' id='word_1_391' title='bbox 475 2343 569 2387; x_wconf 81' lang='lat' dir='ltr'>quod</span> <span class='ocrx_word' id='word_1_392' title='bbox 598 2343 638 2377; x_wconf 81' lang='lat' dir='ltr'>in</span> <span class='ocrx_word' id='word_1_393' title='bbox 673 2342 819 2376; x_wconf 77' lang='lat' dir='ltr'>buccam</span> <span class='ocrx_word' id='word_1_394' title='bbox 855 2343 1012 2384; x_wconf 68' lang='lat' dir='ltr'>venerit,</span> <span class='ocrx_word' id='word_1_395' title='bbox 1048 2342 1106 2378; x_wconf 81' lang='lat' dir='ltr'>sei</span> <span class='ocrx_word' id='word_1_396' title='bbox 1143 2353 1184 2376; x_wconf 71' lang='lat' dir='ltr'>es</span> <span class='ocrx_word' id='word_1_397' title='bbox 1217 2342 1310 2376; x_wconf 86' lang='lat' dir='ltr'>auch</span> <span class='ocrx_word' id='word_1_398' title='bbox 1343 2341 1408 2375; x_wconf 76' lang='lat' dir='ltr'>das</span> <span class='ocrx_word' id='word_1_399' title='bbox 1439 2340 1550 2374; x_wconf 67' lang='lat' dir='ltr'>Erste</span> 
     </span>
     <span class='ocr_line' id='line_1_45' title="bbox 87 2387 579 2426; baseline -0.006 -1"><span class='ocrx_word' id='word_1_400' title='bbox 87 2392 201 2426; x_wconf 81' lang='lat' dir='ltr'>Beste</span> <span class='ocrx_word' id='word_1_401' title='bbox 226 2398 301 2425; x_wconf 85' lang='lat' dir='ltr'>was</span> <span class='ocrx_word' id='word_1_402' title='bbox 326 2387 398 2424; x_wconf 88' lang='lat' dir='ltr'>Dir</span> <span class='ocrx_word' id='word_1_403' title='bbox 424 2388 579 2424; x_wconf 73' lang='lat' dir='ltr'>einsallt.</span> 
     </span>
    </p>
   </div>
   <div class='ocr_carea' id='block_1_10' title="bbox 668 2520 967 2528">
    <p class='ocr_par' dir='ltr' id='par_1_10' title="bbox 668 2520 967 2528">
     <span class='ocr_line' id='line_1_46' title="bbox 668 2520 967 2528; baseline 0.003 -2"><span class='ocrx_word' id='word_1_404' title='bbox 668 2520 857 2527; x_wconf 54' lang='lat' dir='ltr'>—mn-</span> <span class='ocrx_word' id='word_1_405' title='bbox 860 2520 967 2528; x_wconf 47' lang='grc' dir='ltr'><em>..η-...-</em></span> 
     </span>
    </p>
   </div>
  </div>
 </body>
</html>
