1795 3043
220 89 326 140 540
500 87 565 134 Μ.
601 87 656 134 Τ.
695 86 1040 135 CICERONIS
1073 88 1450 140 EPISTOLAE.

222 198 259 241 εἰ
288 199 595 254 impetrassem,
639 199 888 243 crediturus.
946 198 1033 242 Nos
1071 203 1210 243 tamen
1241 201 1400 255 aliquid
1430 201 1687 258 excogitabi-

171 268 201 310 3
224 269 328 298 mus.
387 257 474 305 Tu,
506 269 687 309 quaeso,
719 257 754 298 si
784 258 886 310 quid
915 257 959 298 in
989 258 1227 312 Hispaniis:
1270 261 1356 300 iam
1387 261 1499 301 enim
1529 262 1688 314 poterit

224 314 386 355 audiri:
432 315 474 354 et
503 327 646 355 omnes
674 315 737 355 ita
767 317 1036 369 exspectant,
1065 318 1138 366 ut,
1168 316 1205 357 si
1234 320 1352 357 recte
1380 318 1531 370 suerit,
1575 319 1688 360 nihil

222 370 381 424 negotii
418 372 605 412 futurum
641 374 804 424 putent.
863 373 953 425 Ego
991 375 1132 413 autem
1171 386 1252 414 nec
1291 375 1464 416 retentis
1493 375 1546 416 iis
1586 387 1687 416 con-

219 429 376 470 sectam
405 440 493 469 rem
522 430 656 481 pufo;
703 442 866 483 neque,
904 430 1087 480 amissis,
1126 431 1402 483 desperatam.
1459 432 1613 473 Silium
1644 434 1687 473 et

219 485 411 528 Ocellam
447 488 489 525 et
528 488 691 527 ceteros
736 487 862 528 credo
892 487 1140 529 retardatos.
1198 489 1258 529 ΤΘ
1288 500 1454 541 quoque
1483 503 1509 529 a
1539 489 1686 530 Curtio

217 541 414 595 impediri
443 543 578 584 video.
636 544 752 592 Etsi,
795 547 843 584 ut
871 544 1047 598 opinor,
1083 544 1217 588 habes
1245 546 1395 595 κέλητα
1424 543 1590 588 ἄοκνον.

215 666 381 702 atrocius
405 667 448 701 de
471 678 526 700 me
550 667 622 711 (ei,
650 667 750 710 quod
775 667 955 703 facillime
980 669 1041 704 hic
1065 668 1244 704 excidere
1268 670 1433 714 poterat)
1466 670 1686 714 imperatum

215 717 279 749 est.
308 714 503 748 ORELLI.
544 714 708 747 atrocius
734 740 743 749 .
763 739 772 748 .
797 714 1016 759 imperatam
1041 720 1093 749 est
1116 726 1138 750 a
1163 716 1346 760 Caesare,
1372 715 1474 760 quod
1498 715 1686 751 Antonius

215 759 377 796 reticere
402 759 562 802 mavult,
588 771 696 803 quam
722 771 846 795 coram
871 761 962 796 mihi
988 762 1151 807 aperire.
1184 762 1291 797 SCH.
1340 763 1431 805 vgl.
1457 773 1516 807 ep.
1533 763 1622 806 375,
1647 764 1683 797 3.
1753 775 1755 808 ζ

214 825 257 833 --
285 817 421 849 negare
438 817 507 840 uon
522 806 620 849 vult,
644 817 778 853 nempe
803 808 947 843 veniam
961 808 1070 842 Italia
1095 808 1273 843 exeundi.
1297 808 1404 844 SGH.
1430 827 1474 835 --
1507 810 1682 853 excogit„

212 853 288 889 wir
311 853 466 888 werden
494 863 560 887 uns
585 852 720 887 iedoch
746 864 791 887 zu
818 854 943 888 helsen
968 854 1116 890 wissen.

304 901 337 934 3.
373 902 411 932 in
430 900 534 944 Hisp.
563 899 643 934 scil.
665 906 809 943 gestum
831 900 899 943 sit,
925 907 965 935 ut
983 901 1074 935 mihi
1093 899 1218 936 statim
1235 901 1438 937 renunties,
1464 919 1508 927 —
1542 901 1682 936 audiri.

211 944 254 980 S.
281 956 339 991 ep.
358 947 447 988 378,
473 946 496 980 2
520 957 576 980 am
595 946 716 980 Ende.
743 965 786 972 —-
817 958 914 991 exsp.
939 947 1090 982 nuntios
1115 947 1162 982 de
1187 947 1296 992 Hisp.
1322 966 1367 974 -
1398 948 1433 981 si
1457 951 1553 982 ‘recte
1570 947 1683 990 fuerit

211 991 238 1027 i.
265 1003 297 1026 e.
324 991 356 1027 si
381 992 558 1036 Pompeii
584 992 700 1036 legati
726 993 920 1028 Caesarem
947 994 1115 1028 vicerint.
1164 1004 1302 1037 „wenn
1329 1004 1368 1029 es
1393 994 1441 1029 da
1464 999 1531 1038 gut
1554 993 1682 1037 ginge‚

211 1049 255 1074 so
281 1039 413 1073 wurde
445 1039 537 1073 alles
563 1038 731 1084 Uebrige
762 1051 804 1074 so
831 1047 896 1085 gut
921 1041 976 1074 als
1000 1041 1187 1086 abgethan
1213 1040 1331 1076 sein.''
1366 1059 1412 1066 —
1459 1040 1609 1074 retentis
1632 1040 1684 1073 iis

211 1089 325 1132 (Ceu.
351 1089 443 1133 his),
469 1100 578 1123 wenn
604 1089 675 1124 wir
699 1091 793 1124 auch
807 1090 970 1136 Spanien
997 1091 1221 1136 behaupten.
1252 1110 1289 1115 —-
1327 1091 1369 1125 P.
1396 1090 1530 1125 Silium
1558 1087 1684 1127 {07⁰3

209 1134 416 1181 Bithyniae
440 1141 738 1180 propraetorem.
788 1136 827 1172 S.
855 1149 912 1182 ep.
928 1138 1007 1173 233.
1034 1138 1102 1173 234
1128 1148 1162 1172 u.
1189 1137 1277 1180 2513
1310 1137 1404 1171 auch
1428 1137 1521 1180 252,
1547 1140 1604 1174 13.
1638 1156 1682 1163 -

210 1182 383 1217 Servium
413 1183 581 1217 Ocellam.
632 1182 671 1217 S.
700 1193 760 1226 ep.
781 1185 875 1227 376,
909 1184 944 1218 4.
991 1184 1080 1226 243,
1111 1183 1144 1219 2.
1185 1184 1272 1226 273,
1297 1184 1331 1217 5.
1368 1202 1413 1211 ·--·
1460 1186 1682 1228 retardatos,

208 1228 249 1264 in
274 1229 384 1262 Italia
408 1235 592 1270 retent05‚
629 1239 676 1263 ne
699 1229 923 1273 Pompeium
948 1230 1130 1272 consequi
1155 1235 1323 1274 possent.
1359 1248 1405 1254 —-
1451 1240 1475 1263 a
1498 1230 1681 1265 Postumo

210 1275 362 1318 Curtio,
396 1274 460 1317 qui
485 1285 597 1319 quum
622 1285 644 1308 a
667 1274 838 1319 partibus
864 1275 1036 1309 Caesaris
1061 1281 1198 1318 staret,
1230 1274 1439 1308 concedere
1461 1275 1589 1311 Attico
1616 1288 1684 1311 no-

206 1320 300 1364 luit,
327 1326 366 1354 ut
391 1320 502 1354 Italia
527 1320 662 1355 exiret.
702 1320 791 1357 Vid.
818 1332 876 1366 ep.
889 1321 970 1364 342,
994 1323 1028 1357 3.
1067 1321 1149 1362 372,
1176 1317 1214 1357 7.”
1249 1321 1335 1364 140,
1360 1322 1395 1356 3.
1438 1321 1525 1365 146,
1553 1324 1610 1358 10.
1636 1341 1681 1349 —·

206 1369 373 1411 κέλητα
398 1367 590 1410 ἄοκνον,
617 1366 641 1401 i.
655 1377 688 1400 e.
715 1377 851 1410 equum
876 1378 906 1402 s.
932 1366 1111 1402 veredum
1137 1366 1360 1412 impigrum,
1387 1365 1496 1401 einen
1511 1369 1680 1413 riistigen

206 1413 373 1448 Renner.
406 1412 493 1447 Sch.
519 1412 618 1447 coni.
645 1423 689 1446 ex
713 1413 912 1458 diplomate
936 1415 1022 1449 κέλ.
1048 1415 1169 1450 ἄοκν.
1196 1413 1220 1448 i.
1236 1424 1268 1448 e.
1288 1413 1474 1458 diploma,
1496 1421 1536 1449 ut
1553 1422 1682 1460 posset

205 1471 277 1506 per
300 1458 445 1495 Italiam
470 1458 716 1503 proficiscens
742 1459 851 1503 equis
876 1459 1041 1505 publicis
1066 1459 1142 1502 uti,
1175 1459 1259 1503 qui,
1286 1459 1459 1503 quoniam
1483 1472 1552 1506 per
1577 1462 1682 1497 vices

207 1512 312 1541 erant
338 1504 536 1550 dispositi,
578 1505 697 1539 vicem
729 1505 818 1548 equi
842 1506 1030 1540 veredarii
1061 1516 1216 1552 prorsus
1242 1505 1489 1549 infatigabilis
1514 1514 1681 1552 praesta-

205 1552 306 1589 bant.
357 1552 432 1586 Csr.
459 1563 515 1596 ep.
535 1553 625 1594 383,
659 1553 700 1586 4:
740 1552 797 1586 De
830 1553 1039 1597 diplomate.
1091 1553 1178 1596 „Du
1211 1552 1286 1587 bist
1318 1553 1435 1587 sehon
1466 1553 1534 1587 mit
1559 1554 1681 1589 einem

204 1599 325 1635 Passe
358 1598 433 1632 und
464 1598 546 1632 dem
572 1597 972 1643 Erlaubnissscheine,
1007 1598 1108 1632 Dich
1140 1599 1208 1633 der
1231 1598 1462 1644 Postpferde
1493 1600 1681 1635 bedienen

207 1655 255 1681 zu
279 1645 430 1687 diirsen,
454 1644 676 1678 versehen.'’
714 1643 850 1678 Cicero
876 1650 959 1688 sagt
984 1644 1093 1678 dasiir
1117 1645 1213 1678 kurz
1239 1645 1312 1679 und
1330 1646 1559 1681 scherzhast:
1586 1648 1681 1691 „Du

206 1691 290 1727 hast
320 1697 427 1735 gutes
451 1690 688 1735 Vorspann.”
734 1690 840 1724 Weil
863 1690 1015 1725 Attikus
1049 1690 1180 1724 diesen
1206 1691 1408 1725 Ausdruck
1438 1692 1493 1728 als
1519 1693 1605 1727 eine
1630 1693 1680 1728 im
1747 1700 1770 1721 Δ

205 1738 321 1773 Ernst
346 1736 535 1781 gemeinte
548 1736 883 1781 Amchuldigung,
901 1737 977 1771 wie
997 1746 1108 1770 wenn
1134 1747 1176 1770 er
1201 1736 1267 1770 mit
1282 1737 1379 1771 Geld
1405 1748 1441 1773 u.
1467 1749 1495 1772 s.
1521 1749 1570 1773 w.
1598 1739 1679 1774 sich

207 1784 271 1819 die
284 1783 507 1818 Erlaubniss
532 1793 601 1817 zur
624 1784 710 1816 Ab·
734 1783 809 1817 und
825 1782 1060 1817 Durchreise
1085 1782 1203 1816 durch
1221 1783 1356 1817 Italien
1381 1793 1427 1818 zu
1447 1785 1679 1820 verschaffen

205 1836 373 1876 gewusst
399 1831 520 1873 hatte,
552 1829 619 1863 mit
645 1829 752 1863 einer
776 1831 849 1864 Art
871 1828 1127 1872 Befremdung
1150 1829 1320 1863 aufnahm
1347 1830 1421 1863 und
1447 1830 1551 1865 seine
1575 1833 1679 1868 Ver-

190 1877 439 1920 ,wunderung
464 1876 627 1910 dariiber
650 1875 688 1909 in
715 1875 834 1909 einem
859 1875 989 1910 Briefe
1013 1886 1133 1919 gegen
1154 1875 1291 1910 Cicero
1316 1877 1503 1921 ausserte3
1529 1887 1571 1911 so
1598 1883 1679 1912 ent-

204 1922 395 1967 schuldigt
420 1922 495 1956 und
521 1921 756 1964 rechtfertigt
781 1921 862 1956 sich
887 1921 1012 1956 dieser
1035 1932 1159 1965 gegen
1185 1921 1249 1955 ihn
1275 1933 1332 1967 ep.
1347 1924 1437 1967 383,
1462 1923 1485 1957 4
1515 1923 1591 1958 und
1612 1935 1678 1969 ge-

205 1969 363 2006 braucht
387 1968 433 2003 da
457 1968 523 2003 das
548 1969 661 2003 Wort
685 1968 868 2013 diploma,
905 1978 985 2002 was
1010 1979 1052 2001 er
1077 1968 1162 2002 hier
1180 1968 1410 2003 -absichtlich
1435 1970 1677 2014 ausgelassen

204 2015 319 2052 hatte.
376 2016 428 2049 Es
453 2014 600 2049 schein‘t
624 2015 703 2049 also
729 2024 825 2059 ganz
851 2013 1088 2059 unpasslich‚
1126 2014 1210 2048 hier
1234 2015 1300 2048 mit
1325 2014 1464 2050 Schfitz
1489 2027 1532 2050 ex
1557 2016 1677 2061 diplo-

203 2066 300 2096 mate
325 2061 419 2096 oder
442 2062 603 2106 diploma
634 2062 732 2095 noch
756 2067 933 2096 zusetzen
957 2071 1005 2095 zu
1028 2060 1182 2095 wollen.
1230 2061 1337 2104 κέλης
1365 2063 1410 2105 (s.
1437 2062 1574 2108 Odyss.
1609 2063 1678 2097 des

204 2107 365 2143 Homers
401 2108 457 2151 V,
487 2110 594 2151 371),
649 2107 794 2142 fiolisch
825 2109 953 2154 κέληρ,
999 2117 1137 2141 wovon
1173 2107 1359 2142 Romulus
1401 2107 1508 2142 seine
1542 2107 1677 2143 Reiter

203 2154 351 2189 celeres
381 2160 539 2197 nannte,
575 2165 622 2188 =
648 2154 769 2188 celsus
803 2153 838 2188 d.
864 2153 890 2187 i.
925 2164 1043 2197 equus
1077 2153 1190 2198 (nach
1216 2153 1362 2196 Festus.
1409 2153 1451 2189 S.
1477 2153 1598 2190 Koen.
1626 2154 1676 2190 ad

204 2201 369 2254 Gregor.
402 2212 437 2247 p.
463 2201 544 2245 140)
579 2200 721 2237 konnte
752 2210 798 2236 an
821 2199 969 2245 Leute,
1008 2199 1085 2236 wie
1108 2199 1220 2236 Celer
1245 2210 1304 2246 ep.
1329 2200 1422 2245 361,
1453 2199 1476 2236 4
1505 2211 1542 2236 u.
1569 2212 1600 2237 s.
1625 2211 1673 2238 w.

204 2257 393 2284 erinnem.
