1795 3043
207 67 307 115 466
468 62 535 110 Μ.
571 63 627 108 Τ.
663 61 1004 109 CICERONIS
1038 61 1411 111 EPISTOLAE.

209 187 341 229 quum
385 174 589 227 vicerint,
637 173 682 215 in
726 173 841 215 cives
880 172 1141 218 effecturos?
1220 175 1353 225 Quam
1388 186 1491 217 vero
1527 189 1678 226 μακρο-

207 235 363 286 ψυχίαν
393 231 522 273 Gnaei
549 232 685 273 nostri
715 231 836 272 esse?
894 231 1101 273 Num-iant
1129 230 1369 286 Aegyptum
1398 234 1441 273 et
1468 233 1671 276 Arabiam

210 288 434 339 εὐδαίμονα
470 291 513 330 et
551 289 867 337 Μεσοποταμίαν
904 290 1114 343 cogitare,
1165 290 1418 343 Hispaniam
1457 288 1675 332 abiecisse.

209 349 399 390 Monstra
432 349 631 396 narrant3
683 348 939 398 quaefalsa
977 359 1068 387 esse
1109 349 1297 399 possunt.
1358 346 1443 388 Sed
1480 346 1597 388 certe
1635 351 1678 389 et

210 406 318 446 haec
347 404 514 457 perdita
551 405 648 445 sunt
686 407 729 444 et
764 405 841 444 illa
869 417 953 444 non
984 405 1201 445 salutaria.
1261 405 1375 446 Tuas
1409 405 1555 446 literas
1592 405 1677 446 iam

209 461 416 504 desidero.
465 461 567 503 Post
585 463 725 516 fugam
745 463 933 503 nostram
961 474 1179 515 nunquam
1210 462 1294 503 iam
1320 463 1512 503 nostrum
1533 474 1678 503 earum

208 519 483 562 intervallum
511 520 607 562 fuit.
666 518 764 559 Misi
799 519 853 559 ad
883 521 924 559 te
965 521 1202 573 exemplum
1239 520 1463 561 literarum
1491 532 1678 561 mearum

210 576 264 617 ad
295 577 540 628 Caesarem3
582 576 736 630 quibus
765 588 833 616 me
862 576 1029 628 aliquid
1053 579 1346 630 profecturum
1373 578 1493 632 pute.

922 759 972 801 A.

571 835 653 872 Ser.
680 837 788 874 XIV.
815 837 899 874 Kal.
923 837 1018 883 Apr.
1044 835 1083 871 in
1107 836 1320 888 Formiano,

503 905 691 942 CICERO
724 908 830 943 lMP.
864 906 904 943 S.
936 907 987 942 D.
1025 906 1248 943 CAESARI
1278 905 1387 941 IMP.

325 975 383 1017 Ut
413 975 499 1029 legi
529 978 623 1019 tuas
652 979 823 1030 literas,
860 990 966 1030 quas
995 991 1021 1019 a
1048 977 1211 1018 Furnio
1241 979 1385 1018 nostro
1416 987 1681 1029 acceperam,

210 1031 364 1086 quibus
401 1045 569 1074 mecum
608 1035 784 1088 agebas,
833 1039 881 1076 ut
911 1035 964 1076 ad
993 1034 1148 1076 urbem
1177 1047 1333 1084 essem3
1380 1035 1424 1074 te
1465 1035 1578 1075 velle
1616 1033 1681 1073 uti

209 1166 382 1192 socerum
424 1155 514 1192 Sex,
548 1156 743 1200 Pompeii,
786 1154 965 1200 Pompeii
994 1155 1061 1190 Cn.
1097 1154 1226 1199 Magni
1257 1154 1344 1190 filii.
1381 1172 1426 1179 -
1486 1153 1681 1188 convenire

208 1205 248 1238 in
274 1204 362 1237 urbe
394 1204 766 1244 (zusammentreten,
793 1202 997 1245 Concurs),
1033 1207 1074 1234 ut
1098 1212 1229 1234 eorum
1255 1201 1352 1235 bona
1376 1199 1549 1235 vendant.
1597 1199 1681 1235 Sci-

208 1249 336 1296 pionis
368 1248 530 1282 alienum
563 1258 626 1281 aes
657 1254 837 1281 memorat
866 1247 977 1281 etiam
1016 1246 1099 1291 ipse
1131 1247 1270 1281 Caesar
1308 1246 1355 1281 de
1390 1247 1434 1280 B.
1465 1247 1546 1281 Civ.
1577 1246 1613 1290 1,
1644 1246 1679 1280 4.

208 1296 318 1330 SCH.
361 1313 405 1319 —
462 1295 673 1336 effecturos,
712 1293 925 1327 ausfuhren.
973 1293 1138 1335 facturos
1178 1293 1332 1326 volebat
1365 1292 1456 1326 Ern.
1507 1292 1584 1327 Sed
1614 1292 1681 1326 cfr.

208 1341 325 1376 Beier
351 1340 397 1375 ad
421 1340 594 1374 Laelium
617 1340 645 1383 §.
662 1339 719 1373 41.
768 1337 1031 1373 Necessarium
1056 1349 1131 1372 non
1155 1344 1268 1383 put0,
1301 1343 1343 1373 ut
1367 1338 1600 1383 corrigatur:
1640 1338 1682 1372 in

208 1388 362 1422 civibus.
409 1385 581 1426 Etsivsic
611 1386 710 1420 solet
743 1385 835 1420 alibi
867 1385 946 1420 Cic.
996 1384 1194 1420 ORELLI.
1233 1404 1277 1410 -
1324 1386 1681 1431 μακροψυχίαιι.

207 1435 394 1479 „Vastum
419 1432 579 1467 animum
606 1432 865 1477 (Hochfahrt),
890 1431 1098 1476 longinqua
1122 1433 1386 1476 spectantem.'’
1424 1431 1516 1467 Vid.
1543 1430 1629 1465 Lib.
1648 1430 1683 1473 8,

208 1482 280 1526 Ep.
296 1483 370 1520 11.‚
397 1479 461 1513 ubi
480 1478 684 1522 Pompeius
702 1478 840 1512 dicitur
866 1489 888 1512 α
908 1480 1032 1522 primo
1057 1479 1242 1521 cogitasse
1266 1488 1389 1511 omnes
1401 1480 1534 1520 terras,
1559 1479 1684 1511 omnia

208 1527 333 1562 maria
356 1536 519 1567 movere,
562 1535 670 1567 reges
695 1524 873 1558 barbaros
905 1525 1075 1558 incitare.
1125 1524 1193 1559 His
1225 1527 1534 1571 μικροψυχία,
1573 1534 1682 1568 quam

206 1583 337 1607 vocem
364 1570 537 1605 nonnulli
561 1571 733 1611 mallent,
767 1581 840 1603 non
868 1572 1080 1605 convenit.''
1118 1571 1214 1604 Lall.
1243 1570 1335 1605 Seii.
1359 1584 1493 1617 μικρο
1510 1572 1680 1614 ψυχιάν

208 1621 296 1657 Asc.
317 1628 392 1653 sec.
419 1618 520 1652 Crat.
547 1616 747 1661 Magnolus
772 1616 870 1661 apud
895 1618 1036 1650 Manut.
1063 1617 1150 1651 Sch.
1176 1617 1272 1652 Liin.
1299 1619 1400 1659 (vero
1422 1620 1530 1660 putas
1553 1630 1680 1664 μακρ.

208 1665 358 1707 Lamb.)
397 1662 594 1697 ORELLI.
631 1681 675 1689 —
721 1661 904 1696 Nuntiant
936 1662 1017 1705 illi,
1057 1661 1096 1696 in
1131 1662 1268 1706 quibus
1292 1662 1499 1706 Crassipes.
1541 1662 1682 1705 „Denn

207 1713 297 1747 iene
327 1709 561 1744 berichten.’'
596 1727 639 1734 —
687 1709 856 1751 cogitare
879 1708 1123 1752 Pompeium,
1162 1709 1268 1742 seine
1292 1709 1508 1752 Anschl'age
1539 1708 1681 1752 gingen

209 1759 276 1793 auf
297 1759 499 1802 Aegypten
524 1765 560 1789 u.
586 1765 616 1789 s.
640 1765 689 1788 w.
726 1773 772 1780 —
816 1755 992 1789 Monstra
1015 1766 1061 1787 Ξ
1085 1754 1195 1788 tolles
1223 1754 1347 1799 Zeug,
1382 1754 1682 1798 Wunderdinge.

209 1823 255 1831 —-
286 1814 376 1849 quae
400 1809 532 1837 tamen.
558 1819 604 1827 —-
640 1799 712 1835 Sed
817 1812 889 1835 non
912 1800 1117 1843 salutaria,
1150 1800 1242 1834 aber
1266 1811 1308 1835 so
1334 1799 1428 1837 Viel
1453 1800 1502 1834 ist
1527 1801 1681 1844 gewiss,

209 1851 273 1885 die
289 1850 503 1892 Anschl'age
518 1848 587 1882 der
599 1847 721 1881 Einen
748 1846 831 1890 (der
847 1846 1084 1887 C'asarianer)
1110 1846 1242 1880 suhren
1259 1858 1328 1881 uns
1349 1846 1418 1880 in's
1436 1847 1680 1891 Verderben,

209 1897 272 1932 die
297 1895 534 1939 Massregeln
564 1894 633 1928 der
655 1893 808 1928 Andern
840 1893 923 1936 (des
948 1891 1154 1937 Pompeius
1190 1893 1266 1926 und
1291 1892 1417 1928 seiner
1440 1892 1680 1938 Umgebung)

208 1942 336 1979 helsen
362 1952 430 1975 uns
455 1940 570 1975 nicht.
597 1958 639 1965 —
678 1940 925 1974 intervallum.
960 1939 1062 1973 Haec
1079 1945 1269 1983 corrupta.
1305 1944 1471 1973 nostrum
1495 1939 1568 1974 del.
1594 1951 1682 1974 cen-

209 1990 316 2025 sebat
348 1988 439 2022 Ern.
474 1987 616 2020 nullum
649 1997 719 2031 pro
744 1997 925 2031 nunquam
949 1985 1106 2020 Helmst.
1125 2011 1135 2029 ,
1169 1985 1266 2019 unde
1292 1985 1475 2020 Graevius
1507 1986 1680 2020 volebat:

208 2040 376 2070 nostram
391 2033 532 2067 nullum
554 2044 661 2077 quam
685 2036 761 2066 iam
779 2043 906 2067 earum
921 2032 1051 2066 interv.
1080 2033 1219 2074 (Oxon.
1234 2033 1281 2074 1.)
1306 2032 1435 2067 Lamb.
1461 2031 1562 2067 Oliv.
1589 2043 1681 2066 nun-

211 2093 320 2128 quam
343 2082 420 2115 iam
446 2084 657 2114 nostrarum
679 2080 810 2114 interv.
842 2078 930 2114 sch.
957 2078 1055 2113 coni.
1090 2078 1185 2112 Liin.
1226 2089 1410 2122 nunquam
1434 2079 1510 2113 diei
1535 2083 1679 2113 nostra-

210 2139 295 2163 rum
324 2128 452 2161 interr.
500 2127 673 2161 Deberet
707 2137 810 2161 esse:
862 2125 970 2159 unius
1008 2124 1096 2159 diei.
1130 2144 1148 2152 -
1196 2135 1378 2169 nunquam
1412 2128 1488 2158 tam
1527 2125 1680 2167 longum

210 2185 337 2210 earum
362 2174 493 2208 interv.
541 2172 618 2209 Vir
642 2172 690 2207 D.
716 2172 755 2206 in
779 2181 895 2216 marg.
922 2171 1052 2206 Lamb.
1078 2181 1195 2207 meae.
1232 2181 1414 2215 nunquam
1437 2173 1514 2204 iam
1538 2175 1679 2205 tantum

210 2232 338 2256 earum
369 2222 497 2259 interv.
529 2218 671 2254 Mureti
703 2229 803 2263 susp.
837 2218 999 2252 omnium
1024 2217 1175 2262 optima.
1216 2216 1414 2251 ORELLI.
1463 2217 1678 2260 „Nimirum

211 2267 347 2302 Cicero
380 2266 477 2300 idem
509 2265 541 2299 h.
569 2266 593 2299 l.
619 2264 730 2306 dicit,
775 2264 875 2308 quod
906 2275 964 2310 ep.
980 2265 1048 2299 309
1078 2263 1135 2298 his
1160 2263 1287 2298 verbis
1318 2263 1527 2308 expressit:
1570 2268 1609 2298 ut
1632 2264 1679 2297 ab

211 2314 301 2348 urbe
324 2312 495 2355 discessi,
532 2312 673 2345 nullum
697 2311 814 2347 adhuc
837 2311 1023 2346 intermisi
1044 2310 1157 2353 diem,
1182 2310 1268 2354 quin
1292 2309 1436 2354 aliquid
1461 2310 1509 2344 ad
1535 2313 1569 2344 te
1594 2310 1678 2345 lite-

212 2371 342 2395 rarum
365 2360 503 2393 darem.
540 2358 672 2392 SCH.⁷'

305 2407 338 2440 1.
379 2410 419 2438 ut
451 2403 529 2447 legi
560 2408 641 2438 tuas
671 2404 813 2440 literas.
865 2404 1007 2439 Harum
1046 2402 1259 2447 exemplum
1299 2413 1373 2437 una
1405 2413 1486 2438 cum
1520 2413 1579 2447 ep.
1608 2402 1676 2437 347

212 2453 377 2496 (Anlage
402 2452 464 2494 A.)
496 2450 542 2484 ad
573 2449 735 2485 Atticum
766 2450 928 2485 miserat.
983 2451 1192 2494 Acceperat
1221 2454 1342 2483 autem
1379 2448 1474 2483 hanc
1505 2447 1675 2484 Caesaris

212 2499 410 2544 epistolam
449 2497 551 2532 circa
582 2497 650 2532 IV.
676 2496 732 2531 Id.
767 2498 878 2532 Mart.
935 2495 1147 2541 Respondit
1183 2495 1283 2530 circa
1316 2496 1405 2530 XII.
1432 2494 1518 2530 Kal.
1550 2493 1672 2539 April.

210 2545 349 2589 Magna
373 2554 464 2578 vero
490 2549 546 2577 est
570 2542 667 2577 inter
691 2543 786 2577 hanc
809 2542 1004 2588 epistolam
1030 2542 1076 2576 ad
1095 2542 1290 2577 Caesarem
1315 2542 1491 2587 scriptam
1517 2546 1555 2575 et
1578 2551 1673 2584 eam,

211 2602 320 2636 quam
345 2590 446 2625 circa
470 2590 579 2624 XIII.
606 2590 691 2624 Kal.
719 2590 830 2623 Mart.
855 2588 1079 2634 scripserat,
1116 2595 1156 2623 ut
1181 2600 1230 2623 ex
1255 2600 1313 2633 ep.
1328 2589 1407 2624 325.
1433 2586 1672 2631 intelligitur,

206 2648 391 2682 quamque
417 2636 562 2671 Atticus
592 2635 847 2682 pervulgatam
883 2646 965 2670 esse
996 2635 1200 2679 scripserat
1224 2637 1309 2678 (cfr.
1335 2646 1395 2680 ep.
1413 2634 1533 2677 332),
1560 2643 1672 2677 argu-

206 2684 321 2718 menti
346 2683 573 2727 similitudo,
608 2688 648 2717 ut
670 2682 804 2727 partim
829 2681 962 2717 iisdem
989 2681 1100 2716 etiam
1125 2681 1251 2716 verbis
1277 2681 1338 2716 hic
1364 2687 1504 2723 utatur,
1536 2679 1672 2722 quibus

204 2729 241 2765 in
274 2730 341 2765 illa
376 2730 574 2775 superiore
605 2739 692 2763 usus
725 2728 860 2763 suerat.
919 2728 1023 2765 Quae
1059 2729 1214 2763 duarum
1238 2727 1284 2762 ad
1309 2728 1503 2764 Caesarem
1529 2724 1671 2772 episto-
