1795 3043
554 94 868 143 EPISTOLA
903 96 1108 145 CCXLI.
1467 104 1568 152 159

46 206 49 208 ’
97 224 203 264 mus,
232 211 279 251 tu
299 210 398 259 tuis,
430 221 507 264 ego
528 209 646 257 meis,
667 208 874 250 internos
896 209 1328 251 communicaremus:
1357 211 1570 264 postremo

97 271 144 309 ut
173 269 364 309 amicitia
402 269 569 314 nostra,
611 279 720 318 quae
760 266 934 306 summis
973 268 1129 307 officiis
1159 268 1211 308 ab
1241 270 1423 320 utroque
1453 270 1571 310 culta

97 327 185 374 est,
226 326 299 366 sed
328 325 464 378 longis
492 324 730 364 intervallis
758 325 998 375 temporum
1037 324 1320 378 interruptam
1349 328 1572 366 eonsuetu-

98 384 240 424 dinem
268 382 437 434 habuit,
468 380 794 422 confirmaretur
822 382 1126 423 vehementius.
1176 383 1224 423 Id
1254 384 1453 434 quoniam
1482 396 1566 424 non
1592 393 1619 435 3

54 464 71 470 ω
98 440 283 488 accidit,
325 443 495 480 utemur
532 437 643 478 bono
692 438 914 479 literarum
963 439 1005 478 et
1044 439 1189 480 eadem
1227 441 1318 480 fere
1358 441 1569 491 absentes,

98 510 229 549 quae,
261 497 298 537 si
328 509 471 537 coram
502 507 699 543 essemus,
729 507 1049 548 consequemur.
1100 497 1218 536 Unus
1244 498 1410 538 scilicet
1440 500 1572 540 animi

98 556 287 606 fructus,
326 554 400 605 qui
433 553 479 593 in
510 554 551 592 te
579 552 762 594 videndo
803 555 887 605 est,
926 553 1093 605 percipi
1122 553 1256 594 literis
1295 567 1380 594 non
1409 558 1572 608 potest:

100 614 211 653 alter
238 609 556 665 gratulationiS,
596 612 659 650 est
697 609 733 650 is
770 609 941 661 quidem
982 611 1158 658 exilior,
1200 623 1325 663 quam
1355 613 1389 652 si
1420 613 1500 653 tibi
1530 614 1574 654 te

100 670 239 722 ipsum
268 669 436 708 intuens
464 668 725 720 gratularer,
765 667 838 707 sed
868 669 1006 716 tamen
1048 669 1090 708 et
1126 667 1210 709 feci
1250 670 1348 709 ante
1387 671 1429 710 et
1456 671 1572 711 facio

100 739 214 767 nunc
244 725 408 776 tibique
438 737 569 775 quum
599 737 677 777 pro
707 737 851 765 rerum
890 725 1204 778 magnitudine,
1244 739 1350 777 quas
1387 727 1571 779 gessisti,

101 785 193 823 tum
225 794 304 834 pro
334 781 652 834 opportunitate
688 783 891 834 temporis
919 784 1132 836 gratulor,
1172 783 1286 834 quod
1323 785 1365 824 te
1395 784 1447 824 de
1476 796 1573 837 pro-

100 840 244 881 vincia
274 839 546 879 decedentem
577 851 738 880 summa
764 840 857 880 laus
887 842 929 880 et
968 853 1130 880 summa
1159 840 1297 893 gratia
1325 842 1573 893 provinciae

99 898 326 951 prosecuta
366 898 440 938 est.
498 897 690 937 Tertium
721 898 803 945 est,
844 898 892 937 ut
931 897 999 946 id,
1041 898 1152 949 quod
1182 898 1234 938 de
1261 899 1417 938 nostris
1446 899 1573 939 rebus
1595 906 1625 945 4

102 967 247 995 coram
275 953 701 994 communicassemus
728 954 843 994 inter
863 967 956 1002 nos,
987 953 1261 995 conficiamus
1290 956 1402 996 idem
1420 957 1573 998 literis.

102 1012 193 1065 Ego
210 1013 449 1052 ceterarum
466 1023 610 1050 rerum
629 1024 757 1052 causa
778 1011 859 1051 tibi
879 1011 1053 1052 Romam
1081 1013 1396 1065 properandum
1423 1026 1574 1067 magno

104 1081 233 1122 opere
269 1080 436 1109 censeo.
495 1067 603 1108 Nam
639 1070 681 1109 et
711 1081 783 1120 ea,
823 1081 932 1119 quae
969 1068 1147 1120 reliqui,
1186 1070 1420 1121 tranquilla
1450 1071 1501 1110 de
1530 1073 1574 1110 te

104 1127 225 1167 erant
254 1126 296 1165 et
325 1126 407 1166 hac
435 1127 509 1165 tua
531 1126 696 1166 recenti
722 1126 903 1166 victoria
931 1127 1051 1166 tanta
1081 1128 1245 1167 clarum
1275 1129 1392 1167 tuum
1421 1128 1576 1168 adven-

103 1185 195 1224 tum
224 1184 314 1223 fore
343 1182 552 1235 intelligo.
603 1182 686 1223 Sed
714 1182 751 1222 si
780 1195 889 1234 quae
911 1185 1010 1223 suut
1033 1195 1164 1223 onera
1184 1186 1367 1231 tuorum,
1401 1185 1436 1225 si
1457 1187 1576 1226 tanta.

105 1242 218 1289 sunt,
248 1241 297 1280 ut
327 1252 378 1280 ea
406 1240 615 1280 sustinere
643 1240 792 1292 possis,
823 1253 1027 1293 propera:
1058 1241 1167 1282 nihil
1198 1241 1276 1282 tibi
1302 1243 1383 1283 erit
1401 1243 1576 1291 lautius,

106 1379 263 1420 gestam.
311 1373 413 1407 Infra
438 1371 505 1405 hac
530 1376 592 1406 Ιιια
616 1372 754 1406 recenti
779 1372 937 1407 victoria
963 1376 1077 1406 tanta.
1117 1373 1170 1407 Cf.
1189 1373 1440 1409 CCXXVIII.
1467 1373 1577 1408 SCH.

107 1422 209 1455 —ab
228 1424 389 1463 utroque,
407 1429 497 1452 ame
517 1423 639 1461 teque.
656 1437 699 1443 —-
725 1420 855 1453 interr.
874 1419 1181 1454 :intermissam
1199 1424 1353 1453 consuet.
1367 1445 1377 1463 ‚
1396 1421 1579 1464 Umgang.

197 1469 231 1502 3.
261 1466 451 1501 Quoniam.
498 1464 523 1499 S
564 1475 610 1498 zu
636 1476 693 1510 ep.
716 1466 969 1509 CCXXXIX,
985 1467 1017 1500 1.
1038 1484 1084 1490 -—
1120 1466 1278 1509 accidit,
1312 1466 1401 1500 weil
1428 1467 1487 1500 ich
1513 1468 1579 1501 das

108 1513 232 1548 Gli'xck
258 1512 360 1545 nicht
384 1511 522 1555 gehabt
547 1511 661 1555 liabe3
696 1512 869 1555 quoniam
894 1523 952 1545 me
977 1522 1051 1545 non
1076 1511 1358 1546 convenisti.--
1392 1513 1470 1547 bon.
1498 1513 1578 1556 lit„

108 1561 180 1594 den
208 1558 387 1595 Vortheil
412 1558 480 1590 der
503 1556 644 1590 Briefe.
665 1576 709 1582 ·-
741 1558 776 1591 si
799 1569 923 1591 coram
942 1568 1096 1591 essemus
1116 1569 1162 1591 =
1186 1564 1425 1602 praesentes,
1460 1560 1579 1593 durch

109 1605 349 1652 perstinliclie
363 1604 655 1647 Gegenwart.—
678 1604 797 1637 animi
819 1605 972 1646 fructus.
1010 1604 1073 1638 Sic
1091 1604 1229 1648 scripsi
1251 1605 1466 1639 coniectura
1484 1617 1578 1641 mea.

110 1653 188 1687 cfr.
214 1654 358 1693 Agrar.
374 1651 462 1692 2.„§.
483 1650 538 1683 2.:
565 1650 614 1683 ad
637 1650 754 1684 animi
777 1651 850 1684 mez'
873 1652 1044 1692 fructum.
1083 1650 1182 1684 Illud
1208 1652 1326 1685 (mimi
1351 1660 1473 1686 autem
1499 1652 1580 1696 pri-

110 1709 206 1732 mum
232 1709 298 1742 per
322 1696 581 1740 compendium
608 1697 808 1741 scriptum,
842 1697 996 1739 deinde,
1030 1702 1070 1731 ut
1095 1696 1158 1740 fit,
1193 1704 1422 1742 corruptum.
1475 1699 1580 1734 Unus

110 1745 250 1778 scilicet
284 1743 349 1776 uni
380 1744 428 1785 fr.
456 1742 535 1776 Md.
569 1742 650 1776 Bas.
681 1744 781 1779 Vict.
799 1743 831 1777 2.
867 1743 1065 1777 ORELLI.
1092 1743 1221 1777 Lamb.
1248 1743 1333 1779 Sch.
1360 1745 1455 1778 Liin.
1482 1746 1580 1779 nach

111 1792 209 1826 Crat.
239 1789 340 1826 vict.
364 1791 395 1822 1.
423 1789 488 1822 ille
511 1790 722 1831 fructua—
758 1790 940 1832 gratulat.
975 1790 1057 1823 scil.
1093 1791 1248 1832 fructus.
1271 1809 1314 1815 —
1351 1796 1403 1824 est
1433 1793 1484 1835 ίε,
1515 1803 1579 1826 wo

109 1839 144 1871 ‘is
168 1835 409 1880 iiberliiissig,
434 1837 525 1869 aber
546 1835 861 1869 nachdrucksvoll
886 1837 952 1869 auf
964 1837 1106 1878 fructus
1121 1836 1397 1872 zuriickweis⁷t.
1424 1838 1578 1873 Ramsh.

110 1885 140 1927 §.
160 1885 239 1925 158,
261 1883 297 1925 2,
315 1893 350 1925 g.
374 1901 418 1906 -
453 1881 606 1925 exilior,
630 1882 829 1926 geringer,
854 1882 957 1916 nicht
982 1894 1024 1916 so
1049 1894 1178 1916 Warm.
1204 1901 1249 1908 --
1292 1884 1365 1926 feci
1390 1910 1398 1918 .
1417 1910 1425 1919 .
1443 1910 1451 1919 .
1479 1885 1580 1928 facio

112 1930 136 1963 i.
165 1941 197 1963 e.
224 1929 429 1971 gratulatus
454 1939 532 1962 sum
560 1954 568 1962 .
586 1954 595 1961 .
613 1953 620 1960 .
648 1930 829 1971 gratulor.
848 1948 888 1954 —
926 1933 1001 1962 tum
1021 1940 1092 1973 pro
1124 1933 1264 1973 opport.
1290 1934 1419 1974 temp.‚
1453 1932 1507 1965 als
1541 1931 1580 1966 in

111 1975 286 2009 Hinsicht
313 1974 378 2008 des
413 1985 455 2008 so
487 1974 725 2018 gliicklichen
752 1975 991 2020 Zeitpuncts,
1026 1975 1116 2010 weil
1141 1977 1205 2009 Du
1235 1987 1308 2009 von
1342 1978 1414 2010 den
1447 1978 1581 2012 besten

113 2021 344 2065 Zeugnissen
378 2020 524 2055 Deiner
555 2021 822 2055 Provinzialen
860 2022 1042 2066 begleitet
1081 2033 1115 2056 u.
1147 2021 1262 2056 damit
1299 2024 1396 2056 noch
1429 2024 1582 2068 zeitig

114 2079 267 2112 genug
299 2066 337 2101 in
362 2067 457 2101 Rom
491 2067 683 2107 eintriffst,
720 2079 778 2101 um
811 2067 935 2102 Deine
961 2068 1233 2112 Verliiumder,
1271 2068 1332 2102 die
1357 2069 1460 2104 Dich
1484 2071 1582 2104 viel-

113 2114 228 2148 leicht
254 2112 318 2148 mit
352 2114 456 2148 einer
487 2114 660 2157 Anklage
695 2113 743 2148 de
776 2114 993 2158 repetundis
1024 2115 1242 2158 bedrohen,
1286 2116 1581 2150 nachdriicklich

111 2160 348 2203 widerlegen
381 2172 416 2194 u.
453 2160 530 2194 bes.
566 2161 716 2194 Deinen
746 2161 945 2195 Freunden
978 2162 1103 2195 helsen
1135 2171 1180 2194 zu
1216 2162 1379 2197 konnen.
1439 2163 1479 2198 S.
1520 2174 1579 2208 ep.

113 2207 306 2248 CCXXV,
323 2207 345 2240 2
370 2217 491 2250 gegen
515 2207 624 2240 Ende
657 2219 690 2241 u.
716 2208 897 2241 Plutarch
924 2207 961 2240 in
987 2208 1064 2242 νὴ.
1090 2207 1211 2242 Bruti.

203 2253 237 2286 4.
273 2253 446 2287 Tertium.
471 2253 567 2287 Lall.
594 2264 614 2287 e
639 2253 731 2287 Cdd.
757 2254 879 2297 Regg.
908 2254 1063 2287 Tertius.
1092 2254 1165 2288 ΟΒ.
1181 2274 1224 2279 --
1249 2254 1346 2288 idem
1371 2260 1428 2289 est
1454 2265 1579 2289 accuS.
1641 2265 1648 2272 ‘

114 2304 233 2332 neutr.
254 2317 297 2323 —
335 2309 425 2342 quae
453 2299 589 2343 reliqui
613 2306 701 2333 statt
725 2310 912 2342 rumores,
944 2299 1100 2344 maligni
1134 2311 1344 2341 sermones,
1379 2302 1426 2335 de
1453 2309 1490 2335 te
1515 2301 1580 2346 qui

117 2344 358 2387 obtinebant,
397 2356 506 2387 quum
538 2347 659 2379 Roma
689 2346 920 2380 discederem
954 2353 991 2380 et
1024 2347 1060 2380 in
1095 2347 1327 2391 provinciam
1354 2348 1506 2382 abirem.
1534 2366 1580 2372 —

114 2391 317 2433 tranquilla
343 2395 464 2434 erant,
497 2398 536 2424 ut
570 2398 775 2437 propterea
805 2393 910 2426 nulla
944 2393 992 2426 sit
1017 2394 1248 2438 properandi
1283 2405 1403 2427 causa.
1424 2415 1466 2419 —
1501 2394 1579 2427 cla-

113 2448 212 2479 rum,
237 2437 440 2480 glanzend3
473 2437 616 2472 etiamsi
653 2438 775 2473 serius
798 2439 952 2472 Romam
978 2439 1153 2474 advenias
1185 2451 1253 2474 nec
1284 2440 1480 2474 admodum
1508 2440 1581 2474 iter

114 2483 279 2516 festines.
299 2501 342 2507 —-
377 2493 487 2516 onera
512 2488 656 2518 tuorum
680 2485 708 2519 i.
725 2496 758 2519 e.
785 2486 1044 2519 accusationes
1069 2486 1274 2520 amicorum
1301 2493 1459 2530 tuorum,
1487 2497 1579 2530 quas

115 2528 369 2563 interveniens
399 2530 576 2563 sustinere
608 2531 633 2564 i.
662 2541 692 2565 e.
724 2531 930 2565 defendere
965 2533 1102 2576 possis.
1127 2551 1169 2557 —-
1202 2543 1382 2576 propera,
1418 2544 1458 2567 so
1492 2533 1578 2569 eile.

115 2576 205 2609 Also
233 2575 357 2609 seiner
374 2575 548 2609 Freunde
572 2587 704 2620 wegen
730 2578 826 2611 Solle
853 2588 895 2611 er
918 2578 1172 2622 moglichst
1197 2579 1317 2620 eilen,
1342 2589 1420 2611 was
1442 2579 1578 2613 Cicero

117 2629 225 2655 unter
249 2625 452 2655 ceterarum
475 2633 597 2655 rerum
621 2634 731 2656 causa
756 2625 942 2667 versteht3
968 2635 1046 2658 was
1071 2625 1176 2658 seine
1194 2625 1328 2667 eigene
1344 2625 1490 2658 Person
1511 2626 1578 2659 be-

115 2668 227 2709 tr'a'se‚
264 2679 306 2701 so
332 2669 426 2702 habe
453 2680 494 2702 er
519 2668 736 2713 desswegen
762 2680 810 2704 so
836 2671 944 2704 sehr
977 2681 1023 2704 zu
1049 2671 1147 2704 eilen
1173 2671 1275 2704 nicht
1303 2670 1454 2714 niitfflg,
1486 2671 1577 2706 weil

114 2714 174 2747 die
199 2715 388 2748 Gertichte
414 2715 506 2748 iiber
530 2715 595 2748 itm
619 2716 735 2749 sehon
761 2715 871 2760 ruhig
894 2717 1021 2751 wiiren
1048 2729 1082 2751 n.
1105 2716 1209 2751 seine
1235 2722 1347 2759 guten
1367 2717 1576 2761 Zeugnisse

114 2770 175 2794 ans·
200 2761 266 2794 der
290 2760 456 2796 Provinz
484 2771 518 2796 u.
545 2761 612 2796 der
637 2762 755 2796 Glanz
782 2763 906 2797 seiner
932 2763 1077 2798 Thatcn
1103 2763 1168 2797 das
1192 2762 1373 2800 Scin-eicit
1401 2763 1468 2798 der
1482 2764 1574 2801 Nei-
