1795 3043
161 75 264 127 270
414 69 482 117 Μ.
521 69 579 116 Τ.
614 66 974 115 CICERONIS⁴
992 67 1370 119 EPISTOLAE.

162 183 367 238 piditatis,
398 180 574 234 exposui
603 180 684 221 tibi
713 181 1005 234 superioribus
1032 181 1190 224 literis:
1220 194 1328 236 quae
1349 182 1478 224 eiiam
1500 185 1536 225 si
1553 197 1627 237 pa-

163 254 259 283 rum
289 241 401 280 iusta
424 239 504 279 tibi
532 239 624 279 visa
653 240 738 291 est,
773 240 885 280 hanc
922 241 1063 281 tamen
1102 239 1234 281 habet
1271 241 1503 292 rationem,
1539 254 1626 283 non

163 301 212 340 ut
240 298 365 339 nimis
394 295 758 348 concupiscendus
786 297 946 350 honos,
983 297 1057 338 sed
1083 298 1247 346 tamen,
1289 297 1326 338 si
1356 297 1571 339 deferatur
1600 312 1626 340 a

164 357 336 402 senatu,
373 354 547 394 minime
586 354 872 405 aspernandus
908 366 997 395 esse
1039 355 1247 396 videatur.
1324 355 1457 408 Spero
1487 358 1628 397 autem

163 415 286 454 illum
314 411 504 451 ordinem
532 423 609 463 pro
639 412 742 451 meis
780 411 834 451 ob
871 423 961 452 rem
991 412 1206 464 publicam
1236 414 1442 464 susceptis
1471 412 1628 454 labori-

163 470 243 510 bus
270 481 336 510 me
365 481 449 509 non
479 468 699 521 indignum
726 470 911 519 honore,
940 470 1096 509 usitato
1124 471 1388 523 praesertim,
1419 470 1629 511 existima-

163 529 316 567 turum.
375 525 495 574 Quod
524 526 559 565 si
587 525 647 566 ita
677 527 772 574 erit,
802 528 966 566 tantum
996 540 1048 567 ex
1074 529 1116 567 te
1145 530 1259 580 peto,
1289 527 1400 578 quod
1431 527 1631 568 amicissi-

163 597 232 625 me
261 583 433 632 scribis‚
477 584 544 634 ut,
581 595 710 634 quum
738 586 809 623 tuo
839 583 1022 637 iudicio,
1058 585 1170 636 quod
1200 586 1503 637 amplissimum
1537 596 1631 626 esse

164 641 410 694 arbitraris,
447 640 552 680 mihi
588 639 812 690 tribueris3
850 641 887 681 si
916 640 986 691 id,
1022 642 1134 693 quod
1163 645 1376 691 maluere,
1409 641 1630 695 acciderit,

164 698 357 752 gaudeas.
417 697 490 738 Sic
515 697 629 737 enim
658 697 810 738 fecisse
838 699 881 737 te
910 699 953 737 et
981 699 1159 740 sensisse
1188 702 1230 740 et
1248 700 1464 753 scripsisse
1484 699 1628 740 video:

164 769 317 807 resque
346 756 439 808 ipsa
468 754 657 795 declarat
695 754 776 794 tibi
815 755 939 795 illum
968 756 1171 797 honorem
1200 762 1387 798 nostrum
1416 756 1631 810 supplica·

163 814 293 854 tionis
318 811 550 853 iucundum
577 811 726 863 fuisse,
755 811 868 863 quod
896 813 1122 853 scribendo
1153 814 1335 854 adfuisti.
1377 814 1497 855 Haec
1518 814 1631 854 enim

164 872 334 911 senatus
364 870 560 909 consulta
587 881 671 908 non
702 870 851 921 ignoro
883 868 937 910 ab
968 871 1235 911 amicissimis
1263 873 1373 920 eius,
1416 872 1538 912 cuius
1577 871 1631 912 de

162 928 325 969 honore
356 927 518 980 agitur,
551 925 682 966 scribi
711 927 860 967 solere.
920 927 1034 981 Ego,
1065 930 1112 968 ut
1141 940 1286 981 spero,
1313 930 1356 968 te
1384 928 1634 981 propediem

161 984 329 1034 videbo,
358 986 486 1035 atque
517 984 679 1024 utinam
708 995 756 1024 re
784 983 960 1036 publica
988 985 1187 1034 meliore,
1219 997 1344 1038 quam
1367 985 1516 1026 timeo!

163 1142 234 1166 nec
257 1130 434 1165 Catonem
460 1128 775 1173 improbaturum,
808 1128 840 1162 si
865 1127 900 1162 ei
927 1127 1151 1161 decernatur
1182 1138 1203 1162 a
1234 1133 1375 1162 senatu.
1412 1128 1471 1162 Ita
1494 1125 1633 1162 callide

161 1178 337 1213 admonet
352 1177 543 1218 Catonem,
570 1182 610 1209 ut
635 1186 707 1208 non
732 1175 853 1209 solum
877 1185 950 1208 non
974 1174 1159 1219 impedire
1183 1174 1276 1208 velit
1300 1174 1538 1219 triumphum,
1564 1173 1633 1207 sed

163 1224 275 1259 etiam
306 1222 500 1264 adiuvare3
533 1222 674 1266 quippe
705 1221 769 1264 qui
804 1232 879 1254 non
914 1232 1046 1265 parum
1076 1220 1188 1254 faciat
1221 1221 1267 1255 ad
1293 1232 1395 1256 suam
1420 1222 1634 1264 παλιγγενε-

163 1273 261 1307 σίαν.
298 1269 391 1304 Vid.
420 1279 475 1312 ep.
496 1268 576 1310 276,
594 1269 616 1301 4
642 1268 710 1301 sub
735 1267 798 1302 fin.
820 1286 865 1292 -
903 1278 981 1311 sup.
1009 1267 1087 1310 lie„
1123 1266 1160 1300 in
1186 1267 1459 1302 demsssriese.
1487 1285 1529 1292 —-
1563 1277 1632 1310 pa·

163 1328 247 1351 rum
279 1315 398 1358 iusta,
443 1314 544 1347 nicht
575 1313 888 1357 rechtsertigend,
928 1313 1031 1346 nicht
1066 1313 1260 1346 erheblich
1296 1323 1433 1356 genug.
1458 1331 1502 1337 ·-
1539 1312 1633 1346 Ῑιαησ
1692 1340 1694 1342 ,

165 1390 174 1398 .
191 1390 200 1397 .
218 1389 225 1396 .
253 1362 357 1396 habet
381 1361 580 1400 rationem,
614 1359 663 1394 ist
696 1371 737 1393 so
764 1359 990 1394 beschaffen.
1013 1378 1058 1384 -—
1095 1362 1234 1404 tamen,
1266 1359 1318 1402 si,
1350 1359 1481 1393 Lamb.
1508 1359 1570 1392 sed
1593 1361 1634 1392 ul

163 1410 209 1443 si.
232 1428 272 1433 —-
320 1419 486 1452 aspern.‚
527 1407 844 1450 auszuschlagen,
882 1405 1138 1440 abzuweisen.
1169 1425 1215 1430 —
1268 1405 1395 1450 Spero.
1438 1404 1635 1439 Diesmahl

163 1455 333 1492 tiiuschte
359 1455 421 1488 ihn
448 1454 553 1487 diese
572 1453 781 1497 Hoffnung3
814 1464 892 1487 was
924 1453 1000 1487 ihm
1026 1453 1117 1487 Cato
1142 1453 1259 1486 sehon
1283 1453 1421 1487 vorher
1445 1452 1635 1496 angedeu-

164 1508 219 1537 tet
243 1502 355 1535 hatte.
380 1520 426 1525 -
462 1500 627 1533 ordinem
652 1499 892 1533 senatorium.
912 1518 958 1524 --
998 1499 1133 1532 usitato
1155 1499 1394 1543 praesertim,
1422 1499 1569 1533 zumahl
1589 1508 1632 1532 so

163 1547 449 1593 gewohnlicher
475 1546 588 1580 Ehre.
625 1545 792 1590 Insignia
825 1545 921 1579 enim
946 1545 1097 1579 virtutis
1121 1545 1229 1579 multi
1253 1545 1363 1579 etiam
1387 1545 1469 1579 sine
1493 1545 1635 1580 virtute

164 1594 325 1630 assecuti
357 1601 464 1637 sunt,
504 1598 586 1636 sagt
615 1593 710 1626 auch
741 1591 860 1626 Cicer.
895 1603 954 1636 ep.
971 1592 1060 1634 277,
1083 1593 1114 1625 1.
1160 1592 1242 1626 Der
1268 1592 1451 1636 Triumph
1482 1602 1563 1626 war
1594 1590 1633 1624 in

164 1642 296 1676 diesen
312 1640 443 1674 Zeiten
469 1638 644 1673 wirklich
659 1639 786 1673 Etwas
812 1649 854 1672 so
879 1637 1177 1682 gewbhnliches‚
1203 1638 1288 1672 dass
1305 1638 1398 1673 Cato
1425 1637 1524 1672 diess
1549 1637 1635 1671 dem

164 1688 302 1723 Cicero
329 1687 384 1720 als
409 1686 517 1720 einen
542 1685 807 1729 Beweggrund
839 1686 934 1718 nahe
968 1685 1097 1728 gelegt
1128 1685 1249 1728 hatte,
1282 1684 1345 1718 ihn
1378 1684 1500 1718 lieber
1529 1683 1635 1717 nicht

165 1743 214 1769 zu
238 1733 441 1778 begehren.
466 1751 510 1758 --
551 1743 594 1765 esc
625 1736 681 1776 te,
712 1732 839 1766 Lamb.
873 1732 939 1765 abs
969 1735 1013 1764 te.
1041 1750 1083 1756 —
1130 1735 1190 1774 ut,
1222 1742 1330 1775 quum
1357 1756 1365 1764 .
1382 1755 1391 1764 .
1408 1756 1416 1764 .
1442 1730 1632 1774 tribueris,

164 1781 351 1823 gaudeas,
383 1780 418 1814 si
444 1805 477 1813 ..
495 1804 502 1812 .
529 1778 718 1812 acciderit.
758 1778 872 1812 Diess
904 1777 985 1811 siud
1012 1777 1134 1812 Cato⁷s
1167 1776 1301 1821 eigene
1334 1778 1470 1813 Worte
1500 1775 1539 1810 in
1570 1787 1633 1821 ep.

165 1825 375 1869 CCLXV1‚
396 1828 430 1861 3.
468 1825 553 1859 Man
579 1825 753 1867 beaclne,
778 1835 856 1858 was
881 1824 941 1857 fiir
965 1823 1077 1859 Siitze
1101 1823 1236 1858 Cicero
1259 1824 1355 1857 nach
1379 1823 1508 1857 echter
1531 1822 1635 1857 Lati.

163 1873 261 1908 nit'at
286 1873 335 1907 im
358 1872 566 1916 Vergleich
598 1871 665 1905 mit
699 1871 766 1904 der
790 1871 1007 1905 Deutschen
1033 1870 1202 1915 Sprache
1234 1880 1351 1903 voran
1376 1870 1529 1913 gestellt
1559 1869 1635 1903 und

166 1930 236 1954 zur
258 1918 492 1962 Abriindung
516 1918 619 1951 eines
644 1917 834 1952 Perioden
867 1917 1059 1961 eingeffigt
1090 1916 1164 1951 hat.
1204 1915 1243 1951 S.
1266 1916 1418 1950 Ramsh.
1445 1916 1473 1959 §.
1494 1917 1581 1959 198,
1598 1917 1633 1950 3.

166 1967 246 2001 199.
278 1965 423 2000 Grotes.
451 1966 481 2008 §.
501 1965 568 1999 473
589 1965 626 1998 ff.
646 1983 688 1988 —
727 1968 761 1998 et
783 1964 993 2008 scripsisse,
1027 1974 1159 2007 nempe
1185 1963 1348 2008 epistola
1368 1962 1435 1996 illa
1459 1962 1506 1996 ad
1526 1963 1636 1997 Cice-

166 2023 297 2047 ronem
321 2012 401 2046 266.
436 2011 500 2046 Sic
523 2011 602 2044 Md.
629 2011 728 2046 vict.
748 2012 778 2044 1.
797 2011 829 2044 2.
856 2010 983 2044 Lamb.
1019 2013 1052 2043 et
1076 2009 1199 2043 verius
1225 2009 1418 2053 scripsisse
1451 2008 1546 2043 mira
1576 2008 1635 2042 in-

166 2058 419 2104 terpolatione
445 2057 577 2091 Graev.
603 2057 693 2091 Ern.
718 2057 859 2091 Bened.
887 2056 972 2091 Sch.
1005 2056 1182 2098 Lunem„
1212 2055 1310 2089 unde
1334 2055 1480 2089 Bened.
1506 2055 1635 2088 verbo-

166 2105 263 2148 sius,
296 2104 383 2139 Sch.
409 2104 554 2137 uberius
580 2115 681 2148 susp.
709 2103 905 2138 ORELLI.
938 2104 1063 2137 Wenn
1095 2102 1189 2136 auch
1214 2103 1306 2136 Cato
1338 2101 1389 2134 im
1414 2102 1633 2135 erwahnten

166 2151 299 2186 Briefe
320 2151 489 2195 pluribus
512 2150 647 2194 scripsi
672 2156 774 2193 sagt3
808 2161 849 2183 so
874 2150 1014 2184 konnte
1038 2149 1171 2183 Cicero
1196 2148 1293 2182 doch
1318 2158 1388 2180 nur
1405 2147 1520 2193 Appii
1547 2147 1634 2181 lite-

166 2209 230 2233 ras
249 2197 395 2243 plenius
418 2200 452 2229 et
476 2197 622 2230 uberius
645 2197 804 2240 scriptas
829 2207 985 2230 nennen.
1019 2194 1057 2230 S.
1076 2195 1227 2240 ep.265.
1260 2193 1333 2228 Ein
1359 2193 1515 2228 Stoi-ker
1538 2194 1633 2227 kurz

167 2244 220 2279 im
251 2242 463 2278 Ausdruck.
492 2262 533 2267 —
572 2244 667 2286 quod
694 2243 885 2277 scribendo
919 2242 1079 2286 affuisti,
1116 2240 1206 2275 weil
1237 2241 1301 2274 Du
1334 2240 1395 2273 bei
1420 2240 1636 2283 Absassung

169 2291 238 2326 des
261 2291 424 2325 Decrets
448 2289 543 2323 iiber
566 2289 627 2323 die
651 2289 723 2323 mir
749 2289 922 2323 ertheilte
955 2287 1180 2333 supplicatio
1212 2296 1384 2331 zugegen
1412 2292 1528 2321 warst
1558 2287 1635 2321 und

169 2338 237 2375 das
267 2335 470 2371 Protokoll
511 2334 577 2369 mit
611 2335 944 2370 unterschriebest.
975 2353 1018 2359 —
1066 2334 1169 2368 cuius
1198 2334 1252 2368 de.
1296 2333 1554 2378 Anastrophe!
1592 2331 1633 2367 S.

169 2383 319 2423 Ramsh.
354 2383 384 2426 §.
404 2383 485 2425 161,
503 2383 538 2417 3.
556 2400 601 2406 —
642 2383 784 2416 utinam
806 2392 847 2416 re
865 2381 1017 2426 publica
1039 2380 1191 2415 meliore
1214 2379 1291 2416 und
1314 2380 1412 2425 gebe
1433 2379 1546 2416 Gott!
1570 2377 1633 2415 bei

168 2430 349 2466 besseren
372 2428 597 2465 Aussichten
621 2428 682 2464 fiir
706 2428 768 2463 die
792 2427 999 2474 Republik.
