1795 3043
220 94 321 144 496
475 86 542 134 M.
580 85 637 133 T.
672 52 1014 131 cmERoNIS
1047 82 1420 132 EPIs'roLAn.

213 203 267 245 ‘in
306 201 487 243 mentem
522 196 630 238 nihil
669 197 829 250 potest,
876 208 959 237 non
990 194 1111 236 modo
1141 194 1242 248 quid
1270 208 1455 249 sperem,
1493 195 1568 237 sed
1603 198 1673 240 vix

223 262 307 302 iam
336 256 438 309 quid
468 255 643 296 audeam
673 256 833 306 optare.
894 254 969 294 Sin
999 257 1140 294 autem
1167 253 1268 305 tibi,
1307 254 1468 294 homini
1496 253 1678 305 pruden-

223 316 407 362 tissimo,
437 312 605 354 videtur
632 313 737 352 utile
767 322 857 351 esse
885 322 961 351 nos
989 309 1196 362 colloqui3
1234 322 1485 362 quamquam
1516 312 1680 364 longius

225 374 352 415 etiam
390 368 624 423 cogitabam
671 367 724 409 ab
754 367 860 408 urbe
895 367 1132 420 discedere,
1171 388 1230 397 —-·
1286 367 1407 408 cuius
1436 368 1521 408 iam
1552 368 1678 409 etiam

224 441 376 472 nomen
405 427 564 467 invitus
593 426 718 467 audio
747 447 804 454 —
850 427 987 466 tamen
1017 424 1193 477 propius
1211 425 1426 465 accedam:
1465 424 1682 466 Trebatio·

225 499 307 540 que
346 484 564 536 mandavi,
605 485 677 535 ut,
724 482 758 522 si
799 482 903 534 quid
945 484 991 522 tu
1027 494 1123 522 eum
1153 483 1285 523 velles
1324 481 1377 522 ad
1404 494 1469 522 me
1497 482 1680 529 mittere,

224 557 280 585 ne
308 543 544 590 recusarem
586 540 713 591 idque
743 540 790 579 ut
818 538 971 587 facias,
1001 540 1150 580 velim:
1189 539 1282 586 aut,
1314 539 1349 579 si
1374 550 1497 590 quem
1516 541 1681 579 tuorum

224 601 415 644 fidelium
443 600 579 643 voles,
631 597 683 637 ad
720 607 786 636 me
821 595 986 636 mittas:
1039 608 1093 636 ne
1136 598 1209 636 aut
1238 595 1318 635 tibi
1347 595 1462 636 exire
1493 608 1545 636 ex
1573 594 1681 636 urbe

224 669 396 699 necesse
432 657 488 696 sit
527 655 600 695 aut
636 652 738 693 mihi
776 651 994 693 accedere.
1080 653 1170 705 Ego
1206 653 1368 692 tantum
1404 652 1485 693 tibi
1522 652 1679 699 tribuo,

225 716 431 767 quantum
449 712 556 753 mihi
584 711 763 751 fortasse
779 720 952 761 arrogo:
984 709 1031 748 ut
1046 710 1312 761 exploratum
1343 708 1682 761 habeam‚'quid·

225 772 329 824 quid
357 783 433 812 nos
462 769 512 809 de
544 766 755 808 communi
783 765 986 807 sententia
1017 766 1310 820 statuerimus,
1357 765 1401 808 id
1430 778 1574 809 omnes
1610 766 1683 806 ho-

225 830 360 870 miues
386 825 651 883 probaturos.
710 824 828 864 Vale.

412 975 729 1023 EPISTOLA
764 973 1046 1020 cccnxvl.
1091 973 1174 1032 (aa
1202 973 1293 1019 Att.
1329 973 1386 1019 x.
1422 973 1493 1032 4.)

273 1065 354 1101 Scr.
387 1064 426 1099 in
451 1064 613 1098 Cumano
645 1060 830 1107 postridie
860 1061 950 1096 Idus
975 1063 1069 1106 Apr.
1095 1063 1139 1096 A.
1166 1061 1211 1096 U.
1239 1062 1280 1096 C.
1306 1061 1384 1097 705.
1423 1062 1474 1104 (a.
1499 1059 1540 1095 C.
1565 1058 1640 1102 49.)

226 1132 369 1170 Scribit
393 1132 431 1166 in
457 1131 568 1166 tantis
592 1130 649 1165 rei
674 1129 848 1176 publicae
873 1128 1144 1164 calamitatibus
1177 1140 1218 1163 se
1242 1129 1436 1173 praeclara
1460 1125 1688 1162 conscientia

226 1179 446 1221 sustentari;
487 1178 656 1222 graviter
691 1183 813 1210 autem
846 1175 976 1209 tulisse
1009 1176 1137 1209 literas
1169 1186 1190 1209 a
1214 1175 1352 1211 Quinto
1376 1174 1502 1208 fratris
1526 1173 1607 1208 filio
1640 1172 1687 1207 ad

316 1226 512 1260 Caesarem
544 1223 714 1266 scriptas.
750 1223 862 1256 1—6.
912 1221 1075 1254 levatum
1106 1227 1228 1255 tamen
1257 1221 1485 1263 aliquantum
1515 1230 1599 1255 esse

529 1267 732 1311 colloquiis
758 1278 839 1301 cum
865 1266 1030 1301 Curione
1054 1266 1203 1301 habitis.
1242 1267 1379 1302 7—12.

722 1335 908 1370 CICERO
937 1334 1125 1370 ATTICO
1159 1334 1199 1370 S.

337 1397 497 1438 Multas
536 1410 560 1437 a
596 1397 639 1436 te
677 1395 827 1447 accepi
862 1393 1062 1446 epistolas
1100 1394 1247 1434 eodem
1287 1393 1378 1442 die,
1407 1401 1560 1433 ‘omnes
1590 1390 1685 1432 dili·

227 1457 374 1510 genter
393 1455 570 1508 scriptas
579 1467 592 1502 3
628 1465 719 1493 eam
748 1463 864 1503 vem,
893 1463 1000 1507 quae
1020 1451 1249 1493 voluminis
1270 1450 1404 1491 instar
1427 1451 1532 1501 erat,
1562 1460 1688 1501 saepe

226 1512 466 1567 legendam,
507 1510 633 1552 sicuti
660 1509 790 1551 facio:
838 1510 882 1550 in
920 1521 1005 1560 qua
1035 1520 1118 1548 non
1147 1510 1304 1549 frustra
1332 1507 1521 1548 laborem
1551 1517 1688 1546 susce-

225 1571 349 1624 pisti3
390 1569 497 1610 mihi
527 1567 696 1619 quidem
716 1567 959 1619 pergratum
979 1565 1134 1606 fecisti.
1195 1565 1360 1617 Quare,
1389 1565 1437 1604 ut
1453 1564 1520 1615 id,
1550 1561 1691 1614 quoad

226 1627 399 1675 licebit,
446 1625 490 1666 id
520 1626 606 1671 est,
656 1623 794 1675 quoad
833 1622 943 1662 scies
983 1621 1058 1662 ubi
1095 1623 1246 1672 simus,
1294 1634 1419 1673 quam
1445 1619 1689 1672 saepissime

227 1685 384 1732 facias,
423 1684 466 1722 te
495 1682 767 1723 vehementer
795 1691 910 1732 rogo.
967 1678 1030 1719 Ac
1060 1678 1308 1731 deplorandi
1339 1677 1532 1728 quidem,
1572 1674 1685 1728 quod

228 1741 417 1794 quotidie
437 1740 634 1788 facimus,
670 1738 726 1778 sit
755 1737 841 1777 iam
870 1735 992 1776 nobis
1023 1739 1095 1776 aut
1123 1735 1218 1775 finis
1249 1736 1440 1786 omnino,
1471 1734 1507 1774 si
1536 1733 1689 1786 potest,

225 1800 304 1839 aut
332 1796 563 1838 moderatio
595 1794 822 1847 quaedam,
869 1792 981 1845 quod
1019 1793 1212 1844 profecto
1241 1793 1394 1843 potest.
1450 1789 1546 1830 Non
1576 1789 1689 1830 enim

229 1919 392 1954 creditae
425 1919 600 1962 pecuniae
634 1918 871 1951 solverentur.
911 1915 1019 1950 SGH.
1065 1934 1112 1960 .-
1172 1915 1361 1957 relz'ctam,
1399 1913 1689 1958 preisgegeben.

228 1966 322 2009 Vgi.
350 1975 410 2009 ep.
430 1965 516 2003 348.
542 1965 576 1998 5.
602 1983 647 1988 —
692 1964 726 1997 si
750 1964 837 2007 quid
860 1990 868 1997 .
885 1989 894 1997 .
910 1964 957 1996 ad
980 1973 1036 1996 me
1059 1962 1219 2005 mittere,
1245 1971 1355 1995 wenn
1379 1971 1421 1993 er
1444 1960 1514 1994 mir
1539 1959 1576 1994 in
1597 1957 1691 1993 Dei-

227 2022 311 2046 nem
335 2011 474 2045 Namen
500 2011 629 2044 Etwas
660 2010 823 2044 bekannt
853 2009 1005 2043 macheu
1031 2009 1155 2042 sollte.
1189 2026 1232 2053 ,—
1281 2007 1450 2040 accedere
1475 2006 1519 2040 ad
1546 2005 1692 2048 urbem,

228 2058 328 2092 mich
353 2057 419 2090 der
444 2056 552 2091 stadt
576 2066 621 2090 zu
647 2057 803 2099 nahem,
829 2067 887 2089 um
915 2066 959 2089 an
986 2055 1105 2088 einem
1132 2054 1269 2088 dritten
1295 2054 1386 2086 Orte
1412 2062 1619 2086 zusammen
1644 2060 1689 2084 zu

228 2104 413 2138 kommen.
448 2122 492 2128 -—
539 2104 622 2145 Ego
648 2107 672 2136 t.
700 2103 769 2136 tibi
792 2103 932 2145 tribuo,
972 2101 1032 2135 ich
1058 2102 1150 2135 habe
1182 2111 1253 2133 von
1279 2098 1353 2133 Dir
1383 2099 1466 2132 eine
1492 2109 1533 2132 so
1559 2107 1691 2140 grosse

227 2150 430 2191 Meinung,
464 2150 518 2183 als
542 2149 736 2183 vielleicht
760 2160 831 2182 von
856 2148 926 2182 mir
951 2148 1069 2182 selbst
1093 2147 1176 2181 eine
1202 2147 1295 2179 eben
1320 2155 1361 2178 so
1387 2155 1518 2188 grosse
1544 2142 1691 2177 Einbil-

228 2196 341 2240 dung.
392 2199 531 2228 tantum
554 2207 624 2240 pro
650 2199 821 2239 quantum
854 2194 951 2228 coni.
986 2194 1102 2238 Beng.
1136 2191 1368 2234 Mart.-Lag.
1406 2190 1493 2224 Sch.
1525 2189 1619 2223 Liin.
1645 2208 1690 2213 -

228 2252 390 2284 arrogo,
416 2241 572 2275 fortasse
598 2242 693 2275 enim
721 2241 1014 2283 miniassentor,
1042 2251 1154 2283 quum
1171 2238 1261 2272 mihi
1277 2236 1489 2271 tantundem
1515 2242 1690 2279 quantum

228 2289 298 2322 tibi
337 2287 473 2322 tribuo.
522 2290 718 2330 Arrogare
750 2287 908 2321 dicimur
940 2286 1048 2320 nobis
1082 2296 1143 2328 ea,
1191 2294 1285 2327 quae
1320 2289 1446 2316 nostra
1485 2292 1557 2315 non
1595 2287 1690 2315 sunt.

228 2333 437 2369 MANUT.
472 2352 514 2358 -
563 2338 602 2366 ut
632 2335 725 2378 ezpl.
758 2333 861 2376 hab.‚
901 2333 983 2367 dass
1015 2333 1074 2366 ich
1106 2341 1145 2365 es
1177 2331 1236 2364 fiir
1262 2328 1691 2372 Etwas-ausgemachtes

227 2382 342 2415 halte.
378 2399 421 2405 —
469 2381 512 2414 de
536 2391 662 2413 comm.
687 2384 794 2424 sent„
828 2380 920 2413 nach
945 2376 1332 2423 gemeinschaftlicher
1356 2375 1594 2418 Berathung3
1630 2373 1690 2406 ihr

227 2429 384 2471 gemass.
436 2425 475 2461 S.
502 2427 634 2470 Zumpt
658 2428 782 2470 §.3052
820 2445 865 2451 —-
913 2435 1033 2459 omnes
1057 2424 1228 2457 homines.
1277 2422 1416 2456 Mirum
1443 2422 1524 2454 hoc.
1574 2420 1690 2453 Pote-

229 2481 332 2508 ratne
359 2473 395 2506 id
421 2472 495 2507 sibi
520 2473 698 2518 polliceri
725 2472 858 2506 Cicero
884 2471 992 2505 etiam
1017 2471 1063 2504 ab
1089 2469 1270 2514 improbis
1295 2474 1332 2502 et
1355 2468 1400 2501 ab
1426 2465 1563 2511 iniquis
1588 2465 1689 2499 suis?

231 2522 285 2554 An
312 2519 480 2564 scripsit:
514 2530 635 2552 omnes
659 2518 799 2552 bonos?
846 2517 923 2554 Sed
947 2517 1106 2551 sortasse
1130 2515 1239 2550 nimis
1263 2525 1341 2549 rem
1366 2513 1413 2548 ad
1437 2513 1561 2547 vivum
1587 2522 1688 2546 rese-

227 2576 366 2600 camus.
410 2565 605 2599 ORELLI.

320 2612 436 2646 1—2.
472 2612 667 2646 voluminis
691 2612 832 2653 instar,
872 2622 914 2646 so
939 2621 1048 2656 gross
1072 2610 1144 2644 wie
1169 2609 1230 2643 ein
1252 2608 1369 2642 Buch.
1397 2625 1440 2632 —
1483 2602 1621 2646 legend.
1638 2613 1688 2654 ς

226 2658 390 2692 lectione
420 2658 578 2701 dignam.
610 2677 655 2683 -
702 2659 741 2691 in
772 2668 842 2701 qua
867 2684 875 2692 .
895 2683 902 2692 .
924 2683 932 2691 .
956 2657 1164 2701 suscepisti,
1208 2653 1358 2690 worauf
1385 2652 1447 2686 Du
1472 2675 1481 2685 .
1501 2676 1510 2684 .
1530 2674 1539 2684 .
1566 2648 1687 2683 Fleiss

226 2704 420 2739 verwandt
445 2704 519 2737 und
544 2705 722 2738 wodurch
748 2704 808 2737 Du
835 2703 933 2737 mich
956 2704 1183 2748 wenigstens
1219 2701 1306 2736 sehr
1321 2696 1568 2743 Vverpfiichtet
1593 2694 1687 2745 hast.

227 2769 272 2777 -—
305 2755 343 2785 ut
366 2752 406 2785 id
443 2749 593 2785 bezieht
624 2751 705 2785 sich
736 2752 801 2785 aus
829 2754 1065 2795 pergratum,
1106 2749 1211 2783 diese
1235 2746 1407 2788 Freude,
1448 2742 1556 2777 einen
1582 2740 1691 2775 Brlef

1750 2676 1774 3043 -m——hn-wm'
1743 2637 1768 2663 *ὲ
1763 2603 1765 2605 v
1747 2518 1768 2540 α’

1743 169 1744 172 ’
1792 180 1795 205 1
