1795 3043
256 48 358 96 204
516 42 583 90 Μ.
618 43 675 88 T.
712 40 1050 89 CICERONIS
1085 41 1455 91 EPISTOLAE.

255 156 490 198 inaudisti‘?
530 155 623 196 Etsi
651 155 761 195 nihil
792 155 994 195 eiusmodi
1024 157 1111 204 est;
1142 156 1306 194 Πολλοῦ
1336 168 1380 202 γε
1408 151 1479 194 καὶ
1505 158 1577 195 δεῖ.
1626 156 1715 199 Nec

257 215 367 254 enim
398 226 465 253 me
495 212 717 253 fefellisset
748 224 826 252 nec
857 214 988 254 fallet.
1049 213 1130 253 Sed
1159 213 1236 253 ista
1269 214 1498 254 admonitio
1529 218 1602 254 tua
1630 217 1716 255 tam

175 278 231 318 21
255 272 455 312 accurata
484 270 627 310 nescio
658 269 758 320 quid
788 270 891 309 mihi
920 269 1158 321 significare
1188 270 1276 311 visa
1307 273 1382 313 cst.
1434 271 1498 311 De
1518 272 1575 311 M.
1594 271 1718 311 Octa-

254 330 337 375 vio,
371 329 523 368 iterum
545 328 631 367 iam
649 326 727 367 tibi
749 326 937 367 rescrIbo
957 329 997 366 te
1017 327 1082 366 illi
1105 325 1236 378 probe
1255 327 1539 380 respondisse3
1569 329 1714 381 paullo

252 387 406 426 vellem
436 384 646 424 fidentius.
704 383 810 424 Nam
841 384 1007 424 Caelius
1035 384 1235 423 libertum
1272 385 1323 424 ad
1354 398 1420 424 me
1449 385 1564 425 misit
1593 387 1635 425 et
1665 385 1716 425 li-

253 444 368 482 teras
396 443 595 482 accurate
624 442 820 491 scriptas:
862 440 935 481 sed
975 440 1026 480 de
1054 441 1272 492 pantheris
1301 442 1424 482 foede
1455 455 1503 482 ac
1532 442 1715 482 civitati-

251 499 344 540 bus.
404 499 640 551 Rescripsi‚
684 499 863 538 alterum
892 510 958 537 me
987 499 1159 537 moleste
1188 499 1323 548 ferre,
1355 500 1389 539 si
1419 511 1495 552 ego
1524 499 1569 539 in
1599 501 1715 538 tene—

252 555 341 596 bris
369 557 544 596 laterem
573 568 651 595 nec
683 555 900 595 audiretur
921 555 1076 595 Romae
1106 557 1271 595 nullum
1300 557 1343 596 in
1373 568 1465 595 mea
1494 556 1714 607 provincia

250 626 464 653 nummum
502 614 584 653 nisi
621 613 666 652 iu
702 624 773 652 aes
810 612 994 651 alienum
1035 613 1221 665 erogari,
1262 613 1471 664 docuique
1500 625 1579 653 nec
1609 613 1712 653 mihi

250 672 480 712 conciliare
509 670 732 721 pecuniam
759 668 891 709 licere
921 681 999 708 nec
1033 670 1101 708 illi
1130 682 1305 721 capere:
1342 670 1573 721 monuique
1602 681 1710 718 eum,

248 740 373 779 quem
405 729 530 777 plane
560 726 704 779 diligo,
735 728 795 776 ut,
825 738 953 776 quum
982 726 1086 765 alios
1116 730 1375 778 accusasset,
1407 727 1571 767 cautius
1599 727 1713 768 vive-

247 786 337 834 ret3
376 784 484 824 illud
517 785 657 824 autem
699 783 879 823 alterum
917 782 1101 822 alienum
1138 795 1226 823 esse
1265 785 1575 824 existimatione
1605 796 1712 834 mea,

169 845 227 886 22
252 841 471 895 Cibyratas
499 840 677 892 imperio
706 852 798 879 meo
826 839 998 892 publice
1037 841 1197 880 venari.
1257 841 1390 892 Lepta
1424 844 1496 882 tua
1532 841 1712 893 epistola

247 899 400 952 gaudio
431 899 625 938 exsultat.
684 897 854 938 Etenim
874 895 1034 948 scripta
1063 896 1174 937 belle
1204 899 1266 937 est
1293 910 1441 949 meque
1472 898 1583 950 apud
1613 910 1711 937 eum

245 968 397 1008 magna
426 955 470 994 in
499 955 635 1007 gratia
663 954 816 1006 posuit.
868 954 1024 994 Filiola
1043 954 1116 994 tua
1136 955 1302 1007 gratum
1320 956 1423 994 mihi
1450 956 1568 1007 fecit,
1598 954 1711 1006 quod

245 1013 325 1053 tibi
345 1013 570 1065 diligenter
589 1011 817 1057 mandavit,
843 1012 889 1050 ut
907 1011 1013 1050 mihi
1033 1012 1210 1051 salutem
1236 1011 1517 1052 adscriberes:
1547 1014 1712 1064 gratum

245 1070 372 1110 etiam
402 1070 535 1110 Pilia:
567 1069 640 1109 sed
668 1069 744 1108 illa
774 1067 1019 1114 officiosius,
1052 1068 1165 1118 quod
1193 1069 1313 1117 mihi,
1344 1081 1467 1120 quem
1499 1069 1598 1121 [iam
1626 1069 1711 1121 pri·
1761 1072 1768 1075 ⁴

245 1127 357 1178 dem]
388 1139 600 1177 nunquam
629 1125 747 1167 vidit.
800 1126 933 1177 Igitur
961 1127 1006 1165 tu
1036 1137 1204 1175 quoque
1233 1126 1411 1165 salutem
1441 1127 1611 1177 utrique
1641 1125 1711 1165 ad-

244 1184 432 1225 scribito.
475 1183 712 1223 Literarum
742 1182 934 1221 datarum
964 1182 1102 1233 pridie
1123 1183 1219 1222 Kal.
1243 1183 1411 1224 Ianuar.
1444 1195 1613 1223 suavem
1637 1183 1710 1223 ha-

243 1241 336 1282 buit
366 1240 701 1281 recordationem
743 1239 965 1279 clarissimi
1005 1238 1111 1278 iuris
1150 1239 1340 1279 iurandi:
1378 1240 1489 1290 quod
1517 1252 1593 1292 ego
1623 1252 1708 1279 non

244 1311 358 1340 eram
388 1297 557 1338 oblitus.
616 1297 796 1349 Magnus
826 1296 937 1336 euim
965 1296 1252 1347 praetextatus
1289 1296 1364 1335 illo
1395 1296 1463 1335 die
1490 1297 1568 1337 fui.
1624 1297 1709 1337 Ha-

241 1458 375 1492 nempe
408 1457 429 1480 a
459 1444 594 1489 legatis
627 1450 664 1478 et
696 1441 958 1488 quaestoribus
990 1442 1094 1476 meis.
1130 1442 1237 1477 SCH.
1261 1463 1302 1468 —
1355 1444 1538 1480 Πολλοῦ
1561 1470 1597 1479 ..
1624 1445 1704 1484 δεῖ,

241 1495 394 1529 multum
421 1499 521 1526 certe
547 1492 669 1534 abest,
704 1497 743 1524 ut
769 1489 971 1533 quidquam
996 1500 1017 1523 a
1041 1489 1132 1523 meis
1158 1489 1318 1534 turpiter
1341 1490 1575 1524 commissum
1601 1491 1660 1526 sit.

332 1551 388 1586 21.
426 1550 484 1584 M.
515 1549 638 1583 Octav.
665 1558 694 1582 s.
722 1559 781 1592 ep.
803 1547 876 1588 CL,
896 1546 928 1580 5.
946 1566 991 1571 —-
1032 1551 1219 1589 accurate,
1254 1547 1440 1582 ernstlich.
1477 1559 1520 1582 ac
1544 1548 1706 1583 civitati-

241 1599 327 1639 bus,
361 1598 451 1630 aber
483 1607 523 1629 er
553 1600 654 1638 wagt
685 1594 790 1627 dariu
823 1594 908 1626 eine
939 1592 1027 1626 sehr
1057 1593 1228 1636 unartige
1259 1594 1498 1638 Zumuthung
1529 1604 1573 1628 an
1606 1595 1704 1629 mich

241 1655 376 1687 wegen
409 1643 475 1676 der
500 1641 664 1676 Panther
697 1641 769 1674 und
802 1650 934 1682 wegen
967 1638 1069 1672 eines
1102 1638 1297 1683 Beitrages
1329 1650 1375 1673 zu
1409 1640 1538 1674 seinen
1563 1640 1704 1675 Schau-

241 1691 409 1735 spielen,
446 1689 618 1721 welchen
660 1686 721 1720 ich
751 1687 823 1720 den
855 1685 1007 1732 Stadten
1039 1685 1181 1718 meiner
1212 1686 1380 1720 Provinz
1411 1687 1583 1730 auflegen
1616 1688 1702 1722 soll.

241 1737 340 1773 Statt
365 1735 468 1779 foede
492 1735 522 1768 I.
547 1734 606 1768 Fr.
634 1733 799 1768 Gi‘onov.
829 1731 1031 1776 pantheris,
1058 1732 1209 1765 Fet-idio
1235 1744 1277 1765 ac
1302 1733 1402 1766 civit.
1453 1733 1492 1767 S.
1520 1744 1576 1777 ep.
1599 1734 1702 1777 CXI,

237 1786 261 1820 3
287 1795 322 1818 u.
350 1784 381 1817 4.
401 1801 445 1808 —-
481 1780 654 1823 erogari,
688 1780 852 1813 erhoben
883 1778 1021 1811 werde.
1047 1796 1090 1802 —
1135 1779 1334 1811 conciliare
1362 1790 1460 1822 pec.‚
1493 1779 1567 1813 ihm
1593 1780 1702 1813 einen

239 1830 394 1866 solchen
420 1826 667 1870 Geldbeitrag
691 1837 737 1860 zu
762 1825 1063 1859 verschaffen.—
1098 1825 1208 1858 alten.
1235 1836 1308 1857 esse
1333 1826 1437 1858 exist.
1463 1837 1532 1868 m.,
1557 1826 1612 1859 sei
1636 1826 1703 1860 mit

238 1876 396 1912 meinem
430 1881 543 1919 guten
575 1873 716 1907 Namen
748 1871 1007 1906 unvereinbar.
1055 1871 1138 1904 Der
1168 1871 1279 1904 Brief
1304 1882 1348 1904 an
1375 1871 1525 1905 Caelius
1550 1871 1599 1906 ist
1626 1872 1702 1906 nir-

239 1922 358 1967 gends
383 1932 427 1954 zu
454 1920 591 1953 finden.

331 1968 386 2002 22.
418 1968 533 2010 Lepta
564 1964 774 2009 praefectus
808 1963 950 1997 fabrum
985 1963 1052 1996 sub
1090 1962 1272 1996 Cicerone
1302 1963 1550 2007 proconsule,
1593 1975 1699 2007 quem

239 2014 443 2059 scripserat
469 2024 526 2057 ep.
550 2011 684 2053 CCIX,
703 2011 724 2043 2
750 2010 959 2052 (CCXLIV
974 2011 1009 2052 ’4)
1042 2009 1239 2043 mirificum
1264 2021 1364 2049 esse3
1399 2009 1435 2043 id
1461 2010 1578 2053 igitur
1602 2011 1700 2045 Atti-

241 2072 308 2095 cus
334 2060 493 2104 epistola
518 2058 562 2092 ad
588 2059 740 2101 Leptam
768 2056 909 2100 scripta
935 2055 969 2089 ei
996 2056 1282 2090 renuntiaverat.
1308 2056 1414 2089 SCH.
1436 2075 1480 2080 ——
1520 2056 1622 2090 Pilia
1646 2058 1701 2091 se-

239 2107 314 2150 cit‚
340 2105 455 2141 Attici
483 2116 590 2139 uxor.
610 2123 655 2129 —
690 2103 889 2146 officiosius
920 2102 1027 2145 fecit,
1060 2102 1120 2135 die
1145 2102 1337 2145 Artigkeit
1368 2102 1435 2135 der
1459 2102 1621 2136 Kleinen
1653 2103 1702 2137 ist

239 2165 299 2187 um
324 2164 365 2187 so
393 2151 715 2192 verdieustlicher,
741 2150 830 2183 weil
856 2161 889 2182 u.
907 2160 935 2183 s.
951 2160 1053 2182 w.—-
1083 2148 1176 2181 mihi
1199 2149 1354 2182 salutem
1379 2148 1541 2182 adscribi
1566 2149 1698 2184 voluit.

238 2219 284 2226 --
318 2200 393 2233 iam
414 2198 581 2241 pridem,
609 2208 676 2241 pro
704 2208 776 2239 quo
802 2196 959 2240 Malasp.
986 2194 1148 2228 coniecit
1171 2195 1326 2237 quidem,
1352 2194 1452 2238 quod
1478 2202 1699 2239 receperunt

236 2246 366 2282 Lamb.
401 2244 521 2286 Oliv.‚
555 2243 704 2285 sicque,
744 2242 776 2276 si
808 2242 902 2276 fides
938 2240 1130 2283 collatori,
1165 2242 1286 2275 Oxon.
1310 2243 1341 2275 l.
1380 2241 1501 2274 delev.
1534 2242 1611 2275 iam
1638 2253 1697 2286 pr.

237 2295 411 2328 Muretus
443 2290 479 2324 in
505 2290 604 2323 Add.
632 2289 797 2323 Graevii.
823 2289 916 2322 Ern.
942 2287 1027 2322 Sch.
1051 2287 1146 2320 Liin.
1176 2288 1249 2320 ΟΒ.
1270 2305 1316 2313 --
1356 2287 1455 2331 prid.
1484 2287 1574 2321 Kal.
1601 2289 1697 2331 Ian„

236 2342 282 2375 31
301 2337 524 2374 December.
582 2336 650 2369 Est
680 2347 748 2379 pro
784 2333 1009 2368 nominativo
1045 2333 1122 2366 dies
1153 2333 1233 2367 scil.
1267 2332 1331 2377 qui
1364 2333 1432 2367 fuit
1463 2333 1587 2378 pridie
1612 2335 1696 2369 Kal.

237 2387 315 2421 Ian.
341 2395 414 2428 quo
441 2383 502 2416 die
529 2382 688 2425 epistola
714 2389 776 2414 tua
800 2382 884 2414 data
909 2385 974 2414 est.
1022 2379 1077 2413 Ea
1101 2378 1161 2412 die
1176 2380 1310 2413 Cicero
1336 2379 1464 2413 abiens
1490 2381 1696 2422 consulatu,

237 2443 351 2476 quum
377 2429 583 2463 orationem
609 2428 652 2461 ad
678 2428 856 2472 populum
882 2427 1020 2459 habere
1045 2425 1304 2460 intercedente
1330 2426 1478 2459 tribuno
1503 2426 1626 2470 plebis
1651 2427 1697 2460 de

237 2478 434 2512 consulatu
461 2486 527 2508 suo
554 2485 624 2506 non
653 2474 798 2516 liceret,
825 2474 1011 2507 iuraverat
1036 2482 1075 2505 se
1101 2483 1178 2505 rem
1204 2473 1390 2516 publicam
1407 2483 1586 2506 servasse.
1611 2473 1697 2506 ER-

236 2524 405 2560 NESTI.
428 2541 472 2546 -
516 2521 818 2553 recordationem.
853 2520 996 2561 Nempe
1021 2519 1168 2552 Atticus
1200 2530 1310 2561 quum
1340 2518 1377 2552 in
1410 2518 1484 2552 fine
1516 2518 1696 2562 epistolae
1732 2561 1734 2563 Ι

237 2571 295 2606 sic
320 2572 399 2605 fere
424 2566 652 2612 scripsisset:
680 2568 785 2600 datae
805 2565 904 2610 prid.
931 2565 1021 2598 Kal.
1049 2565 1151 2604 Iam,
1178 2576 1244 2608 quo
1270 2566 1329 2599 die
1354 2569 1391 2598 tu
1417 2565 1506 2598 olim
1529 2565 1695 2598 clarissi-

236 2628 335 2651 mum
360 2615 455 2649 illud
478 2613 728 2648 iusim-andum
755 2611 990 2653 praestitisti,
1017 2610 1099 2655 ipse
1116 2610 1289 2645 Ciceroni
1316 2612 1411 2645 hunc
1435 2610 1532 2644 diem
1557 2610 1594 2644 in
1621 2622 1695 2644 me-

237 2662 393 2697 moriam
424 2666 676 2695 revocaverat.
711 2659 817 2692 SCH.
847 2677 888 2682 —
930 2658 1097 2698 Iungam
1207 2659 1280 2699 sui,
1316 2668 1388 2699 „an
1420 2657 1558 2691 diesem
1592 2658 1696 2699 Tage

238 2709 367 2753 zeigte
394 2707 474 2749 ich,
508 2707 591 2740 dass
618 2716 696 2740 man
723 2705 817 2740 auch
842 2704 878 2738 iu
904 2703 970 2738 der
995 2703 1100 2747 Toga
1125 2714 1232 2748 gross
1256 2704 1337 2739 sein
1361 2703 1495 2738 kenne.
1536 2703 1606 2746 „In
1643 2703 1696 2738 ei-
