1795 3043
577 63 891 112 EPISTOLA
930 65 1066 115 CCC.
1461 75 1562 122 323

98 191 190 239 bat,
228 190 439 231 facturum
468 199 558 229 esse
593 188 754 242 ipsum,
797 187 833 228 si
860 189 904 229 in
934 189 1240 240 possessionem
1273 190 1338 232 rei
1365 190 1566 245 publicae

96 247 282 295 venerit,
322 259 449 299 quum
490 246 596 286 haec
626 247 822 298 quaestor
851 246 941 286 eius
968 247 1161 290 infirmus
1190 251 1232 290 et
1258 250 1382 303 inops
1410 251 1565 294 audeat

97 299 300 345 dicere3”
368 302 476 351 Quid
524 302 686 346 multa?
744 302 837 344 Non
887 302 1010 343 modo
1046 317 1129 345 non
1179 310 1376 360 expetere
1410 321 1563 361 pacem

95 363 237 413 istam,
266 360 338 401 sed
359 362 482 401 etiam
496 361 648 401 timere
676 361 789 403 visus
809 361 883 400 est.
943 359 974 412 -Ξ-
992 361 1059 401 Ex
1082 363 1159 403 illa
1186 367 1326 407 autem
1353 367 1562 409 sententia

95 420 157 460 ita
186 417 490 469 relinquendae
517 416 635 458 urbis
664 419 802 458 movet
831 417 1065 471 hominem,
1102 423 1149 460 ut
1175 423 1294 472 puto.
1350 423 1461 465 Mihi
1489 437 1562 466 au-

95 478 182 516 tem
227 475 336 516 illud
379 475 715 515 molestissimum
753 476 840 522 est,
887 474 1000 525 quod
1038 476 1228 518 solvendi
1267 481 1363 521 sunt
1401 482 1565 524 nummi

97 533 268 574 Caesari
308 533 350 573 et
388 532 710 572 instrumentum
759 532 967 585 triumphi
1008 544 1057 573 eo
1102 536 1416 580 conferendum.
1483 540 1562 581 Est

99 592 210 632 enim
230 589 430 639 ἁμορφον,
451 585 854 638 ἀντιπολιτευομένου
876 591 1174 642 χρεωφειλέτην
1197 604 1300 634 esse.
1351 595 1434 636 Sed
1451 596 1560 638 haec

99 650 142 690 et
169 648 303 689 multa
330 646 415 687 alia
451 658 608 689 coram.

320 784 636 835 EPISTOLA
681 785 811 831 CCC.
859 785 940 844 (ad
974 786 1081 832 Att..
1116 787 1222 833 VII.
1260 790 1331 850 9.)

301 864 382 900 scr.
408 867 570 897 exeunte
593 861 796 896 Deeembr.
828 863 873 897 A.
899 863 944 897 U.
970 863 1012 898 c,
1038 864 1114 899 704.
1142 867 1189 908 (a.
1215 865 1256 900 c.
1282 865 1356 908 50.)

18 915 25 919 .
96 921 200 958 Petit
223 921 270 956 ab
295 921 442 963 Attice,
476 926 517 954 ut
541 918 614 954 sibi
644 918 765 963 dicat,
800 919 889 962 quid
913 920 1012 954 inter
1033 921 1204 957 Caesaris
1230 930 1266 958 et
1288 924 1462 968 Pompeii
1485 924 1563 961 dis-

97 968 194 1004 sidia
217 979 268 1004 ex
290 968 374 1004 istis
398 966 528 1011 malis,
570 976 726 1010 quorum
759 977 869 1046 unnim
901 967 1137 1047 [subeundum
1173 970 1243 1014 sit,
1279 970 1468 1007 minimum
1492 983 1563 1019 pu-

718 1018 782 1046 tet.
848 1031 887 1036 —
926 1038 936 1048 .

593 1080 780 1115 CICERO
806 1081 997 1115 ATTICO
1021 1081 1061 1117 S.

210 1140 486 1192 Quotidiene,
525 1140 687 1192 inquis,
720 1153 744 1180 a
773 1142 816 1180 te
845 1139 1120 1192 accipiendae
1147 1141 1298 1185 literae
1334 1144 1456 1188 sunt?
1513 1144 1562 1187 Si

98 1198 287 1248 habebo,
318 1199 389 1240 cui
418 1199 525 1245 dem,
557 1197 760 1249 quotidie.
818 1198 875 1238 At
904 1198 989 1238 iam
1005 1198 1095 1250 ipse
1127 1200 1236 1241 ades.
1294 1202 1401 1242 Tum
1416 1201 1560 1256 igitur,

98 1268 228 1307 quum
256 1267 436 1303 venero,
468 1255 666 1294 desinam.
727 1254 841 1294 Unas
871 1254 993 1294 video
1018 1256 1125 1296 mihi
1144 1271 1168 1297 a
1191 1259 1232 1297 te
1245 1270 1330 1299 non
1362 1271 1452 1300 esse
1472 1259 1566 1300 red·

99 1313 231 1363 ditas3
261 1325 365 1365 quas
393 1311 441 1352 L.
470 1311 688 1363 Quintius,
726 1311 948 1352 familiaris
977 1325 1117 1362 meus,
1160 1326 1288 1366 quum
1316 1317 1472 1365 ferret,
1511 1316 1566 1358 ad

101 1445 255 1470 morum,
279 1454 326 1461 .-
370 1433 449 1477 ille,
474 1431 688 1477 Pompeius.
724 1450 767 1455 —
813 1432 946 1475 ipsum,
973 1432 1181 1468 Caesarem.
1204 1453 1250 1460 -—
1295 1436 1473 1482 infirmus,
1498 1449 1566 1473 un-

99 1480 376 1523 bedeutender3
408 1479 532 1523 ἱηορε,
568 1478 627 1512 ein
651 1476 948 1511 Bettelbursche.
976 1497 1018 1502 —
1061 1490 1190 1522 pacem
1212 1482 1322 1515 istam
1345 1484 1380 1519 d.
1405 1484 1429 1519 i.
1457 1491 1567 1520 unter

100 1528 172 1562 den
207 1538 280 1561 von
306 1527 420 1560 Gasar
452 1524 795 1568 vorgeschlagenen
821 1523 1108 1568 Bedingungen.
1141 1544 1182 1552 —
1240 1529 1341 1562 visus
1369 1535 1421 1564 est
1452 1532 1568 1567 Pom-

99 1573 220 1619 peius.
268 1573 361 1615 †E:c
385 1572 452 1605 illa
468 1597 477 1607 .
493 1596 501 1604 .
517 1571 630 1605 urbis.
668 1571 770 1604 Haec
794 1570 904 1603 foede
929 1577 1118 1616 corrupta.
1169 1571 1233 1608 Sic
1248 1575 1340 1610 Cdd.
1359 1577 1458 1612 Edd.
1483 1584 1568 1614 ante

100 1620 230 1654 Lanu),
251 1618 347 1652 Tum
365 1617 495 1652 Graev.
515 1617 604 1651 Ern.
623 1616 699 1652 Sed
718 1626 788 1661 pro
805 1618 856 1650 ita
882 1616 1024 1658 (Oxou.
1046 1618 1096 1660 2.)
1120 1619 1198 1654 Md.
1217 1621 1342 1657 Oxon.
1360 1624 1409 1659 in.
1434 1626 1565 1660 Asc.l.

102 1667 202 1701 Crat.
231 1664 335 1701 Vict.
355 1664 432 1699 1.2.
461 1665 560 1699 Man.
590 1663 726 1698 Graev.
752 1663 823 1697 ira.
851 1663 959 1698 Amb.
980 1665 1037 1702 16.
1063 1665 1132 1707 nis.
1159 1667 1250 1701 Cod.
1274 1669 1415 1704 decurt.
1454 1671 1564 1709 INX.

102 1724 171 1747 om.
198 1711 291 1745 hanc
324 1721 356 1744 v,
390 1710 487 1744 lens.
537 1710 594 1744 Ex
618 1710 687 1743 illa
711 1713 830 1743 autem
853 1711 1031 1744 sententia
1063 1712 1165 1757 ἴυγξ
1189 1714 1255 1748 rel.
1281 1727 1316 1749 u.
1353 1719 1441 1752 Bos.
1468 1719 1566 1754 coni.

101 1759 193 1793 Mea
229 1761 348 1790 autem
378 1756 555 1791 sententia
588 1767 659 1790 non
690 1755 757 1791 rel.
793 1766 828 1789 u.
863 1756 1085 1800 Pantagathi
1121 1768 1222 1804 susp.
1264 1763 1339 1796 1lla
1373 1775 1452 1797 mea
1488 1777 1568 1800 sen-

103 1804 215 1838 tentia
245 1814 317 1836 ηοη
346 1803 412 1836 rel.
445 1814 480 1837 u.
513 1802 644 1836 Lamb.
675 1803 750 1836 Illa
781 1805 900 1835 autem
931 1806 1107 1840 sententia
1138 1816 1209 1839 non
1239 1810 1305 1844 rel.
1341 1821 1376 1844 u.
1403 1810 1450 1843 de
1475 1813 1565 1848 Ern.

103 1861 207 1894 susp.
234 1849 317 1884 Sch.
343 1849 438 1883 Lun.
490 1849 687 1883 ORELLI.
723 1848 841 1883 Lies't
870 1859 953 1883 man
985 1853 1066 1896 ira,
1100 1862 1141 1886 so
1174 1852 1224 1887 ist
1253 1856 1321 1890 der
1356 1856 1466 1893 Sinn:
1500 1860 1569 1894 der

102 1899 249 1939 Aerger
283 1895 468 1938 dariiber,
511 1895 596 1928 dass
629 1906 690 1938 er,
730 1905 837 1929 wenn
873 1895 940 1930 der
977 1899 1076 1934 Rath
1116 1899 1210 1933 nach
1251 1903 1383 1939 Casars
1425 1907 1569 1941 Willen

103 1941 325 1985 decretirte,
366 1941 504 1975 diesem
547 1941 711 1975 Decrete
751 1951 796 1975 zu
834 1941 954 1986 Folge
986 1946 1049 1980 die
1089 1944 1196 1982 Stadt
1228 1949 1365 1984 Casarn
1403 1953 1569 1989 uberlas..

105 1999 171 2024 sen
208 1988 281 2021 und
319 1987 397 2020 sich
436 1987 470 2021 in
503 1988 606 2022 seine
631 1987 797 2022 Provinz
828 1989 997 2032 begeben
1023 1995 1179 2034 miisste‚
1217 2002 1312 2029 setzt
1342 1997 1411 2032 den
1455 2001 1569 2035 Pom-

103 2035 213 2081 peius
238 2033 278 2067 in
302 2033 430 2067 solche
454 2033 690 2078 Bewegung‚
716 2033 790 2068 wie
815 2035 874 2068 ich
901 2038 1050 2080 glaube.
1076 2059 1121 2065 —-
1168 2043 1307 2076 nummi
1329 2045 1418 2080 solv.
1457 2045 1496 2081 S.
1523 2060 1569 2085 zu

104 2093 166 2126 ep.
191 2080 278 2123 294,
304 2081 360 2114 11.
386 2098 430 2104 -
478 2084 512 2113 et
535 2081 642 2114 instr.
668 2085 713 2115 tr.
741 2092 781 2115 eo
806 2082 964 2128 confer„
1002 2085 1076 2119 und
1107 2086 1192 2121 dass
1228 2087 1289 2122 ich
1324 2091 1482 2136 folglich
1507 2096 1569 2131 die

105 2128 165 2162 fiir
199 2126 346 2161 meinen
377 2126 559 2172 Triumph
595 2127 802 2161 bestimmte
828 2127 976 2166 Summe
1001 2132 1112 2166 dahin
1138 2136 1364 2172 verwenden
1389 2149 1500 2174 muss.
1526 2162 1567 2168 -

105 2175 262 2225 ‹3410qu
295 2178 405 2217 turpe
430 2172 527 2217 eius,
566 2174 631 2218 qui
661 2175 870 2209 contrariae
902 2178 950 2212 sit
974 2179 1011 2213 in
1037 2180 1233 2223 republica
1255 2184 1451 2231 factionis,
1488 2200 1570 2224 esse

107 2220 328 2253 debitorem.
361 2220 446 2254 Asc.
465 2222 496 2253 l.
525 2220 624 2254 Crat.
651 2220 750 2257 Vict.
774 2223 805 2256 1.
832 2222 1197 2266 ᾰιιτιπολιτευόμενον.
1246 2229 1329 2264 Der
1354 2232 1445 2267 Sinn
1470 2237 1572 2270 ware

107 2265 278 2298 alsdann:
303 2265 425 2307 „denn
451 2277 489 2299 es
514 2266 658 2300 kleidet
681 2267 781 2302 nicht
806 2268 1000 2306 Iemandes
1022 2271 1236 2308 Schuldner
1259 2285 1304 2309 zu
1330 2279 1424 2323 sein,
1450 2291 1571 2326 gegen

108 2311 180 2345 den
204 2321 285 2344 man
311 2311 438 2344 Partei
462 2312 511 2345 im
536 2312 663 2347 Staate
689 2314 840 2348 machen
866 2316 981 2352 hilft⁷'.
1032 2320 1193 2355 ἀντιπολ.
1219 2321 1332 2366 ginge
1349 2328 1415 2359 auf
1427 2328 1572 2364 Cicero.

202 2358 234 2390 l.
268 2356 302 2389 si
325 2355 423 2399 hab„
450 2358 613 2393 Cicero's
636 2360 822 2395 Antwort.
848 2381 893 2387 —
940 2365 1001 2397 cui
1024 2366 1124 2408 dem,
1153 2366 1221 2401 der
1247 2368 1310 2402 ihn
1337 2372 1502 2410 bestellt.
1529 2394 1572 2400 —

109 2404 209 2437 At..
228 2403 353 2445 ‚adm
385 2403 450 2436 des
476 2405 623 2439 Atticus
655 2407 802 2441 Worte.
829 2427 871 2432 —
923 2410 1024 2444 Tum.
1061 2411 1225 2448 Cicero’s
1259 2415 1412 2462 Replik.
1443 2429 1574 2455 venero

110 2449 276 2483 Romam.
306 2467 347 2472 —
404 2448 504 2501 ngzs
520 2451 660 2486 literas.
699 2452 736 2488 S.
757 2454 905 2490 Ramsh.
934 2457 962 2499 ἕ.
980 2459 1059 2501 157,
1085 2459 1135 2501 Α,
1159 2461 1196 2503 3,
1222 2472 1254 2495 e.
1283 2462 1426 2498 Grotef.
1454 2467 1575 2509 §.300.

108 2496 143 2529 2,
170 2513 212 2519 ——
271 2494 314 2528 L.
343 2495 514 2529 Quintzus
547 2497 644 2531 idem
677 2499 846 2544 videtur,
879 2502 944 2544 qui
978 2504 1148 2539 tribunus
1176 2506 1228 2550 pl.
1261 2507 1298 2541 in
1333 2511 1578 2548 concionibus

112 2540 348 2592 turbulentus
373 2542 499 2592 &13680-
534 2543 606 2594 fuit
632 2550 669 2577 et
692 2552 870 2590 patronus
907 2550 1106 2594 Oppianici
1132 2551 1310 2587 invidiam
1344 2555 1484 2591 iudicio
1516 2559 1579 2594 Iu-

112 2597 221 2620 niano
254 2586 443 2622 conflavit.
491 2588 581 2624 v1d.
611 2590 714 2625 Orat.
747 2603 804 2636 pr.
838 2594 982 2631 Cluent.
999 2597 1056 2632 27.
1090 2604 1126 2632 et
1160 2598 1266 2633 Brut.
1305 2611 1336 2634 c.
1354 2603 1409 2637 62.
1436 2622 1480 2629 —-
1526 2606 1576 2640 ad

113 2633 252 2666 bustum
276 2633 411 2667 Basili.
462 2634 621 2669 Pediaui
654 2638 768 2672 verba
800 2640 890 2675 haec
921 2649 1006 2676 sunt
1039 2643 1076 2677 in
1102 2651 1192 2678 orat.
1219 2645 1375 2682 Milon.:
1410 2649 1482 2692 „In
1518 2651 1579 2686 via

113 2679 237 2730 {appia
262 2686 317 2713 est
341 2690 462 2731 prope
497 2681 628 2733 urbem
664 2693 937 2723 monumentum
961 2689 1117 2734 Basilii,
1149 2691 1214 2733 qui
1239 2691 1344 2728 locus
1369 2695 1580 2733 latrociniis

114 2725 182 2758 luit
205 2736 384 2770 perquam
409 2726 586 2762 infamis⁷'.
634 2728 843 2768 MANUT.

1191 2797 1278 2838 21*
