1795 3043
233 62 331 114 178
500 59 564 105 Μ.
602 59 656 104 Τ.
695 56 1034 104 CICERONIS
1069 57 1442 106 EPISTOLAE.

232 186 276 214 se
317 171 467 213 scribit
511 171 749 211 consectum
792 183 882 211 esse
910 171 1160 211 Parthicum
1189 170 1362 211 bellum.
1424 171 1702 214 Recesserant

232 231 297 272 illi
327 229 496 281 quidem
528 227 580 268 ab
611 228 840 269 Antiochia
880 230 977 268 ante
1007 228 1153 268 Bibuli
1191 228 1435 277 adventum,
1477 229 1549 269 sed
1579 232 1700 271 nullo

231 291 378 329 nostro
419 283 708 334 εὐημερήματι.
782 285 921 325 Hodie
963 297 1061 326 vero
1105 285 1294 325 hiemant
1341 286 1387 325 in
1430 285 1702 339 Cyrrhestica

231 344 542 394 maximumque
572 343 730 383 bellum
758 342 987 394 impendet.
1045 341 1153 383 Nam
1183 344 1225 382 et
1254 342 1430 394 Orodis,
1458 344 1569 397 regis
1598 346 1701 386 Par-

232 404 402 443 thorum
432 400 570 452 filius,
609 402 653 440 in
683 401 906 452 provincia
934 401 1080 440 nostra
1111 401 1194 439 est:
1236 412 1315 440 nec
1345 399 1512 441 dubitat
1532 401 1701 443 Deiota·

232 473 326 511 rus,
354 480 411 488 ——
449 458 570 498 cuius
600 457 689 498 filio
719 459 843 510 pacta
874 458 935 497 est
963 456 1207 498 Artavasdis
1235 456 1348 509 filia,
1386 469 1439 498 ex
1475 470 1558 509 quo
1596 459 1701 501 sciri

230 518 368 570 potest
395 536 453 544 -—-
484 515 588 566 quin
618 528 713 555 cum
744 513 940 554 omnibus
969 515 1105 567 copiis
1144 515 1235 565 ipse
1264 515 1402 566 prima
1431 516 1588 555 aestate
1617 516 1701 556 Eu-

229 575 410 627 phraten
440 573 695 612 transiturus
725 572 791 610 sit.
842 572 932 618 Quo
963 575 1103 611 autem
1133 571 1202 610 die
1223 571 1356 611 Cassii
1385 572 1535 612 literae
1556 573 1702 613 victri-

231 644 301 672 ces
332 631 376 670 in
407 631 555 670 senatu
585 630 790 668 recitatae
821 630 940 680 sunt,
970 628 1014 668 id
1044 630 1130 679 est,
1160 627 1292 668 Nonis
1324 628 1600 682 Octobribus,
1631 643 1700 670 eo·

230 689 324 729 dem
353 700 470 727 meae
500 687 724 727 tumultum
767 686 1023 725 nuntiantes.
1083 685 1214 727 Axius
1251 686 1394 726 noster
1435 687 1496 726 ait
1533 688 1701 728 nostras

231 745 500 787 auctoritatis
529 745 675 796 plenas
704 743 856 791 fuisse,
887 742 975 782 illis
1006 744 1132 794 negat
1161 743 1377 782 creditum.
1423 743 1567 784 Bibuli
1596 757 1700 784 non-

180 801 206 840 3
231 804 330 843 dum
361 803 483 841 erant
512 802 666 841 allatae
677 814 690 849 3
723 813 826 851 quas
857 801 973 840 certo
1005 800 1092 840 scio
1124 800 1270 852 plenas
1299 801 1464 840 timoris
1495 802 1601 843 sore.
1631 802 1699 842 Ex

227 861 279 901 iis
312 859 438 899 rebus
468 859 550 898 hoc
580 870 752 910 vereor,
790 870 865 909 ne,
905 869 1034 909 quum
1063 857 1290 908 Pompeius
1326 859 1501 910 propter
1538 860 1698 899 metum

227 930 370 958 rerunt
400 927 603 956 novarum
632 928 838 967 nusquam
868 914 1119 962 dimittatur,
1154 914 1322 955 Caesari
1345 929 1370 954 a
1388 917 1534 955 senatu
1554 917 1698 956 nullus

227 976 361 1015 honos
392 973 624 1013 habeatur:
656 972 754 1012 dum
782 972 853 1012 hic
884 972 1017 1011 nodus
1047 971 1282 1023 expeditur,
1314 984 1399 1011 non
1429 973 1550 1023 putet
1580 986 1698 1013 sena-

227 1034 294 1072 tus
323 1043 413 1082 nOS,
444 1032 668 1081 antequam
698 1042 939 1070 successum
970 1029 1047 1076 sit,
1079 1030 1277 1080 oportere
1307 1028 1513 1068 decedere
1542 1041 1622 1069 nec
1651 1030 1697 1070 in

226 1090 345 1130 tanto
376 1090 492 1127 motu
522 1100 662 1127 rerum
692 1087 821 1127 tantis
850 1086 1083 1139 provinciis
1104 1086 1291 1137 singulos
1311 1085 1471 1138 legatos
1490 1098 1697 1138 praeesse.

225 1147 330 1198 Hic,
360 1158 414 1185 ne
443 1145 546 1196 quid
575 1143 678 1185 mihi
708 1145 985 1197 prorogetur,
1018 1142 1131 1194 quod
1160 1155 1214 1182 ne
1242 1142 1498 1184 intercessor
1526 1143 1697 1195 quidem
1792 1153 1795 1224 1

224 1257 439 1293 Parthicum
462 1255 654 1289 versteckt
678 1255 784 1298 liegt.
834 1254 960 1287 Ueber
986 1252 1090 1287 diese
1115 1251 1273 1297 Synesis
1297 1252 1448 1286 Ramsh.
1472 1253 1501 1296 §.
1519 1253 1641 1296 2o6,4,
1656 1254 1694 1288 b.

225 1324 270 1329 —
301 1304 401 1337 nullo
434 1306 556 1335 nostro
592 1299 904 1347 et'soqpegmy'itcczc
937 1298 959 1332 i.
977 1310 1008 1332 e.
1040 1309 1225 1342 prospero
1250 1309 1443 1341 successu,
1475 1299 1566 1332 aber
1597 1300 1695 1334 ohne

224 1351 308 1384 dass
333 1350 406 1383 wir
431 1360 500 1382 uns
525 1349 744 1389 desswegen
771 1346 886 1379 sehon
914 1344 1037 1378 Gl'uck
1068 1345 1270 1378 wunschen
1302 1344 1480 1378 konnten.
1529 1346 1695 1380 Cassium

222 1398 385 1432 Parthos
410 1396 456 1428 ab
482 1394 682 1429 Antiochia
713 1392 931 1425 recedentes
963 1391 1198 1433 insequutum
1222 1401 1300 1424 rem
1327 1392 1421 1424 bene
1446 1391 1607 1434 gessisse
1633 1393 1696 1427 Ci-

223 1455 311 1478 cero
339 1452 477 1485 negare
502 1452 575 1473 non
602 1445 749 1484 poterat
774 1439 888 1481 idque
914 1437 996 1481 ipse
1028 1437 1073 1470 ad
1105 1437 1270 1471 Atticum
1303 1437 1412 1482 epist.
1438 1438 1690 1474 CCXXVIII.

222 1490 443 1534 scripserat:
471 1488 536 1521 sed
561 1487 632 1519 hoc
658 1492 795 1518 tantum
822 1483 924 1527 dicit,
950 1484 1022 1516 hoc
1046 1494 1120 1516 non
1147 1488 1216 1516 tam
1235 1494 1457 1528 prosperum
1481 1495 1694 1520 successum

222 1536 421 1577 habuisse,
457 1540 496 1567 ut
522 1533 659 1566 bellum
684 1542 754 1576 pro
780 1531 951 1563 confecto
977 1529 1026 1563 sit
1052 1529 1272 1563 habendum.
1323 1530 1482 1563 Omnino
1508 1537 1630 1565 autem
1656 1533 1691 1566 h.

220 1584 247 1617 l.
273 1582 320 1616 de
345 1579 463 1616 Cassii
488 1579 620 1621 laude,
656 1579 814 1611 fortasse
847 1574 947 1618 quod
984 1574 1098 1608 nimia
1129 1574 1208 1609 eius
1243 1576 1495 1610 ostentatione
1528 1579 1693 1612 offensus

223 1635 323 1672 erat,
356 1627 554 1661 detrahere
580 1624 739 1657 videtur.
776 1622 883 1656 SCH.
900 1641 943 1646 —-
987 1620 1192 1665 Cyrrhest.,
1227 1622 1344 1655 einem
1371 1633 1415 1656 an
1442 1623 1599 1657 Cilicien
1626 1635 1691 1658 an-

219 1674 459 1719 grenzenden
494 1671 628 1705 Theile
661 1670 728 1703 der
761 1668 929 1703 Provinz
961 1666 1113 1713 Syrien.
1142 1686 1187 1692 —
1237 1668 1362 1702 Orodi.
1397 1669 1460 1703 Sic
1486 1670 1576 1704 Ern.
1600 1670 1689 1705 Sch.

222 1722 365 1756 Orodcte
389 1719 518 1753 Lamb.
547 1718 680 1751 Graev.
721 1715 853 1748 Orodis
885 1715 972 1748 Asc.
993 1715 1024 1747 1.
1059 1714 1159 1747 Crat.
1193 1714 1297 1749 vict.
1320 1717 1352 1749 l.
1375 1715 1407 1748 2.
1441 1715 1585 1750 Bened.
1615 1717 1688 1752 ΟΒ.

217 1768 345 1802 'Ueber
371 1766 443 1799 den
469 1765 570 1800 Sohn
598 1765 662 1796 des
689 1762 836 1796 Orodes
867 1771 896 1795 s.
923 1771 978 1804 ep.
998 1760 1154 1802 CCXII,
1173 1761 1206 1793 l.
1241 1760 1412 1803 CCXIV,
1436 1763 1467 1795 l.
1504 1763 1597 1796 iiber
1619 1764 1689 1796 Ar-

217 1814 388 1848 tavasdes
414 1823 472 1856 ep.
495 1810 677 1852 CCXIX,
694 1809 728 1842 2.
746 1827 791 1833 —
832 1807 871 1840 in
891 1817 996 1849 prov.
1023 1810 1169 1849 nostra,
1198 1806 1458 1850 Cyrrhestica3
1491 1813 1618 1842 nostra
1641 1820 1688 1843 =

216 1860 349 1905 popuii
377 1857 550 1892 Romani.
586 1857 676 1900 Vgl.
705 1866 763 1899 ep.
780 1853 952 1888 CCXIV.
970 1871 1017 1878 -—-
1059 1853 1162 1885 cuius
1186 1853 1264 1894 filio
1287 1853 1434 1886 Pacoro
1463 1859 1573 1897 pacta
1604 1855 1629 1888 i.
1652 1866 1685 1889 e.

215 1913 331 1951 nupta
356 1911 412 1939 est
436 1905 519 1939 Art.
546 1902 637 1942 filia,
663 1913 711 1935 ex
737 1911 810 1944 quo
836 1900 932 1933 scire
958 1905 1107 1944 poterat
1133 1898 1336 1932 Deiotarus
1363 1900 1506 1943 aliquid
1532 1902 1578 1934 de
1592 1902 1688 1935 Par-

216 1954 364 1986 thorum
390 1949 569 1984 consiliis.
602 1947 738 1982 MAN.
771 1945 864 1983 Vid.
891 1957 947 1990 ep.
969 1945 1120 1979 CCXII.
1138 1964 1184 1970 -
1223 1945 1318 1989 ipse,
1350 1957 1421 1979 rex
1446 1947 1686 1991 Parthorum,

216 1999 379 2040 Orodes,
405 1996 544 2032 Pacori
570 2001 686 2039 pater.
714 1993 800 2030 Vid.
829 1992 1045 2036 ep.CCLII,
1063 1992 1106 2025 14
1131 1991 1211 2026 sub.
1237 1991 1299 2025 fin.
1319 2009 1363 2016 ·—
1402 1992 1498 2027 Non.
1522 1993 1682 2037 Octobr„

213 2055 271 2079 am
303 2047 336 2078 7.
359 2044 527 2077 October
558 2042 624 2075 des
657 2040 779 2082 vorig.
808 2039 985 2074 IahrS.—
1017 2038 1228 2080 tumultum,
1262 2038 1331 2071 den
1359 2038 1607 2082 Kriegsliirm.
1643 2040 1681 2075 S.

213 2103 272 2136 ep.
291 2090 463 2124 CCXXI.
485 2108 530 2113 —
567 2086 800 2121 auctoritatis
820 2086 950 2130 plenas
974 2085 1104 2127 fuisse,
1131 2083 1228 2117 mein
1248 2083 1406 2117 Bericht
1430 2085 1532 2118 hatte
1557 2086 1680 2120 vielen

210 2136 406 2171 Eindruck
438 2135 620 2179 gemacht.
668 2134 742 2167 Ein
777 2133 820 2167 Q.
843 2131 983 2173 Axius,
1019 2135 1169 2164 senator
1202 2141 1237 2164 u.
1266 2130 1476 2173 fenerator,
1509 2131 1607 2166 wird
1634 2133 1681 2166 ad

208 2184 325 2218 Attic.
343 2185 377 2225 l,
392 2182 446 2216 12⁴.
472 2182 544 2223 111,
566 2181 620 2214 15.
646 2180 720 2223 IV,
737 2180 792 2213 15.
819 2179 870 2222 X,
886 2179 930 2214 ll
956 2177 1135 2212 erwahnt.
1154 2194 1195 2201 -·
1214 2176 1346 2220 plenas
1369 2177 1531 2221 timoris,
1557 2178 1681 2214 voller

207 2232 349 2274 Angst,
372 2227 610 2271 Besorgniss.
1202 2254 1204 2257 ,

297 2277 332 2311 3.
365 2275 423 2308 Ex
443 2274 514 2316 a‘z's,
548 2272 623 2307 Md.
650 2271 778 2306 Lamb.
807 2270 875 2304 las.
895 2288 939 2295 -
978 2279 1170 2313 nusquam,
1204 2268 1283 2302 also
1309 2267 1413 2302 nicht
1437 2279 1503 2303 aus
1528 2269 1677 2305 Italien.

205 2333 280 2356 rer.
298 2332 380 2355 nov.
400 2321 599 2361 Unruhen‚
625 2318 795 2352 Handeln
819 2316 885 2350 mit
902 2316 1026 2350 Gasar.
1046 2333 1091 2342 -·
1125 2314 1281 2348 Caesari
1299 2342 1307 2349 .
1322 2341 1330 2349 .
1353 2316 1477 2349 nullus
1494 2315 1607 2350 honos
1628 2316 1676 2361 h„
1778 2338 1787 2360 4

203 2379 315 2412 quum
342 2373 490 2402 senatus
517 2366 551 2399 ei
576 2363 919 2410 provinciam-'ante
942 2368 1086 2405 tempus
1111 2360 1202 2394 velit
1236 2361 1397 2406 eripere.
1423 2381 1466 2387 -
1506 2364 1591 2396 dum
1616 2363 1676 2397 hic

201 2415 320 2449 nodus
343 2425 443 2458 exp„
469 2411 648 2447 wahrend
673 2409 955 2444 dieserKnoten
973 2408 1117 2452 geloset
1136 2406 1248 2450 wird,
1270 2408 1515 2443 difficillimus
1540 2409 1673 2449 nodus,

201 2467 241 2495 ut
257 2471 403 2503 verear,
423 2470 469 2493 ne
484 2457 670 2494 successio
687 2456 963 2501 provinciarum
978 2465 1052 2487 non
1073 2453 1184 2487 facile
1202 2454 1436 2498 expediatur.
1462 2455 1672 2490 MANUT.

200 2506 265 2542 Sic
288 2507 420 2540 Lamb.
445 2505 554 2541 Bent.
580 2505 669 2538 dum
688 2500 735 2536 π’..
759 2502 816 2536 bis
844 2527 852 2535 .
870 2528 877 2536 .
894 2527 902 2535 .
928 2500 1142 2545 expediatur
1167 2500 1263 2534 Cett.
1292 2501 1364 2535 ΟΒ.
1391 2519 1436 2526 -
1479 2512 1549 2535 non
1569 2506 1672 2545 putet

198 2554 313 2596 hangt
330 2564 414 2586 vom
437 2553 615 2595 vorherg.
632 2560 675 2583 ne
697 2561 745 2582 :z
769 2559 817 2582 es
842 2547 1022 2581 mochte
1046 2547 1104 2580 ab.
1123 2565 1166 2570 —-
1193 2550 1308 2590 anteq.
1330 2558 1423 2581 succ.
1447 2548 1510 2592 sit,
1536 2548 1668 2592 bevor,

196 2599 253 2634 bis
270 2610 311 2633 er
329 2609 397 2632 uns
413 2598 643 2641 Nachsolger
659 2593 854 2640 geschickt
876 2594 1002 2627 hat.—
1033 2593 1202 2626 decedere
1217 2593 1263 2627 de
1280 2593 1539 2638 provincia.—
1565 2594 1669 2636 lega.

192 2649 260 2690 tos,
286 2646 412 2679 blosse
431 2646 611 2689 Legaten.
625 2661 668 2668 —
692 2641 764 2675 Hic
783 2666 790 2674 .
806 2666 813 2673 .
832 2639 977 2683 horreo,
1002 2639 1065 2673 bei
1092 2639 1234 2673 diesem
1252 2638 1666 2681 Gedankensschaudre

188 2691 249 2725 ich
274 2703 344 2725 vor
357 2691 605 2736 Besorgniss,
632 2699 671 2724 es
691 2687 841 2721 'mochte
866 2686 987 2733 meine
1000 2686 1216 2720 Dienstzeit
1241 2682 1431 2721 auch'nur
1456 2696 1516 2720 um
1533 2686 1664 2722 Etwas

184 2737 403 2784 vei-langen
427 2738 591 2774 werden.
612 2754 656 2762 -
697 2735 936 2776 intercessor,
962 2732 1133 2768 tribunus
1167 2732 1300 2777 plebis.
1349 2732 1517 2769 Veretur
1549 2732 1660 2776 enim,

1746 2963 1754 3043 ae-*
1750 2943 1754 2950 Α,
