1795 3043
233 51 335 100 304
488 46 555 94 Μ.
590 19 648 96 Τ.
686 46 1027 98 CICERONIS
1061 50 1433 103 EPISTOLAE.
1475 44 1478 46 ’

235 161 284 202 Id
313 162 378 213 tn,
407 161 453 200 ut
480 159 716 214 videbitur,
754 161 817 202 ita
846 163 1047 216 accipies.
1104 163 1195 218 Ego
1224 165 1304 207 tibi
1334 167 1551 211 assentiar.
1607 169 1693 213 Uni

235 220 335 259 tuae
374 218 675 258 disertissimae
714 219 918 271 epistolae
955 233 1039 261 non
1077 223 1292 276 resoripsi,
1340 225 1382 264 in
1424 237 1508 278 qua
1544 229 1606 268 est
1641 228 1694 269 do

235 276 440 331 periculis
459 276 522 315 rei
542 275 751 327 publicae.
809 277 917 325 Quid
939 278 1246 321 rescriberem?
1303 281 1435 322 Valde
1463 295 1576 325 eram
1598 297 1693 337 per-

233 334 441 375 turbatus,
499 333 595 384 Sed,
625 334 671 372 ut
687 333 795 374 nihil
813 346 962 387 magno
978 347 1107 387 opere
1122 339 1325 390 metuam,
1346 339 1497 381 Parthi
1515 341 1690 391 faciunt,
1760 335 1761 358 ³

236 391 310 443 qui
338 391 512 444 repente
541 389 741 431 Bibulum
770 392 1014 433 semivivum
1041 393 1321 445 reliquerunt.

402 585 714 632 EPISTOLA
760 587 1004 636 CCXCIV.
1060 588 1142 647 (ad
1175 590 1266 636 Att.
1302 591 1408 637 V11.
1444 593 1514 653 3.)

337 674 425 709 Dat.
452 685 501 708 ex
526 674 743 708 Trebulano
768 673 837 709 VI.
863 675 921 709 Id.
946 676 1041 710 Dec.
1066 677 1110 711 A.
1136 678 1183 712 U.
1211 678 1250 713 C.
1278 679 1355 714 704.
1384 681 1430 723 (a.
1456 679 1497 714 C.
1521 680 1594 723 50.)

236 744 439 780 Herculani
465 754 504 778 se
530 742 658 777 literas
691 742 809 776 Attici
837 744 1029 788 accepisse
1060 746 1202 781 nuntiat
1237 754 1273 782 et
1304 747 1350 782 de
1381 747 1549 783 consiliis
1580 747 1618 783 in
1651 740 1696 783 rev

235 792 387 836 publica
411 789 602 834 capiendis
627 789 802 833 disputat.
831 791 944 824 1—5.
986 797 1061 824 tum
1085 792 1130 825 ad
1155 793 1300 837 privata
1324 794 1440 838 venit,
1465 806 1507 829 ac
1531 795 1691 840 primum

235 838 283 872 de
309 837 427 872 Caelii
451 835 633 871 sententia
665 841 812 869 mutata.
838 837 873 870 6.
921 836 968 870 de
998 837 1194 872 Philotimi
1225 840 1444 874 rationibus.
1471 843 1502 876 7.
1551 841 1598 874 de
1629 852 1693 875 co-

233 882 344 918 horte
368 894 434 917 sua
458 883 503 916 ad
528 881 723 927 pristinam
749 881 999 925 integritatem
1020 895 1184 918 reversa.
1209 886 1242 920 8.
1292 886 1337 920 de
1363 886 1469 921 Curii
1493 887 1630 921 tabulis
1655 892 1693 921 et

232 930 429 965 Hortensii
452 929 599 973 legatis.
624 929 656 963 9.
705 928 750 962 de
775 928 1012 971 grammatica
1035 930 1178 964 ratione
1207 931 1404 966 Piraeeum
1434 933 1564 968 Latine
1598 933 1693 968 scri-

234 977 359 1012 bendi.
389 978 444 1012 10.
493 976 540 1011 de
569 974 729 1022 pecunia
766 975 917 1009 Caesari
950 976 1084 1011 debita.
1118 979 1173 1010 11.
1220 978 1267 1012 de
1300 978 1501 1015 Dolabella
1530 988 1692 1023 genero;

688 1021 735 1055 de
760 1021 913 1055 Tironis
936 1021 1159 1058 valetudine.
1186 1024 1242 1059 12.

718 1090 901 1125 CICERO
936 1092 1128 1127 ATTICO
1163 1092 1202 1128 S.

318 1163 368 1204 A.
400 1162 441 1205 d.
470 1174 569 1203 vm.
601 1161 662 1202 Id.
688 1161 884 1201 Decemb.
913 1161 1174 1202 Aeculanum
1204 1162 1301 1204 veni
1331 1166 1372 1203 et
1401 1161 1464 1203 ibi
1483 1163 1576 1203 tuas
1598 1162 1692 1203 lite·

233 1234 304 1263 ras
331 1220 428 1272 legi,
460 1232 564 1271 quas
580 1218 830 1258 Philotimus
846 1218 948 1259 mihi
970 1219 1173 1259 reddidit:
1205 1233 1228 1260 e
1258 1219 1408 1271 quibus
1426 1221 1536 1260 hanc
1554 1220 1691 1271 primo

233 1278 434 1329 adspectu
473 1277 728 1326 voluptatem
766 1275 885 1327 cepi,
937 1276 1048 1325 quod
1090 1278 1210 1316 erant
1239 1290 1263 1316 a
1292 1278 1334 1316 te
1363 1277 1455 1328 ipso
1484 1277 1689 1328 scriptae3

234 1333 385 1375 deinde
409 1345 552 1374 earum
575 1332 890 1372 accuratissima
910 1331 1128 1384 diligentia
1156 1345 1246 1373 sum
1274 1332 1428 1373 mirum
1456 1333 1500 1372 in
1523 1333 1693 1372 modum
1760 1324 1761 1327 ¹

234 1392 481 1432 delectatus.
538 1387 601 1429 Ac
632 1389 810 1441 primum
839 1387 970 1436 illud,
999 1389 1044 1428 in
1074 1401 1157 1441 quo
1187 1392 1229 1430 te
1258 1389 1522 1430 Dicaearcho
1553 1402 1693 1430 assen·
1760 1419 1761 1423 ,

232 1449 307 1489 tiri
344 1461 491 1501 negas,
532 1447 611 1486 etsi
648 1445 912 1498 cupidissime
948 1448 1177 1498 expetitum
1207 1460 1232 1487 a
1260 1459 1326 1487 me
1355 1446 1432 1494 sit,
1474 1449 1516 1486 et
1542 1458 1692 1499 appro-

231 1506 360 1546 bante
389 1508 453 1556 te,
489 1515 543 1543 ne
583 1503 740 1542 diutius
769 1515 878 1543 anno
907 1503 951 1542 in
980 1503 1202 1555 provincia
1232 1516 1387 1551 essem,
1430 1504 1568 1544 tamen
1605 1515 1691 1544 non

235 1564 299 1603 est
326 1564 468 1602 nostra
498 1560 768 1601 contentione
795 1561 1045 1612 perfectum.
1105 1561 1175 1602 Sic
1205 1562 1318 1600 enim
1347 1560 1478 1613 scito,
1516 1559 1692 1601 verbum

234 1696 478 1731 vindicarent.
511 1695 677 1729 Aderant
703 1694 799 1728 enim
825 1705 948 1728 coram
974 1700 1148 1738 praetore
1173 1692 1354 1736 dominus,
1373 1704 1515 1737 servus,
1537 1694 1690 1734 vindex,

233 1750 373 1786 testes,
399 1742 541 1784 scriba3
566 1752 687 1784 neque
712 1741 792 1774 sine
817 1740 873 1774 his
899 1741 996 1774 iusta
1019 1746 1098 1774 erat
1121 1740 1284 1774 addictio
1310 1740 1529 1774 libertorum
1553 1740 1592 1773 in
1617 1740 1691 1774 hoc

233 1800 372 1834 genere
397 1787 703 1822 manumissionis.
731 1786 937 1821 MANUT.
963 1805 1008 1811 —
1053 1786 1185 1820 Parthi
1206 1787 1358 1829 faciunt.
1384 1786 1534 1825 Parthi,
1560 1796 1581 1820 a
1606 1786 1689 1829 qui-

236 1838 305 1870 bus
324 1835 483 1868 maxime
509 1834 738 1876 timebamus,
766 1845 875 1876 quum
901 1838 1055 1877 repente
1081 1833 1332 1875 discesserint,
1356 1832 1506 1875 faciunt,
1534 1837 1572 1865 ut
1592 1831 1687 1865 nihil

233 1881 324 1916 mihi
350 1882 419 1914 iam
445 1891 670 1924 magnopere
696 1879 895 1913 timendum
920 1887 1058 1924 putem,
1078 1890 1187 1922 quum
1209 1878 1350 1912 videam
1368 1878 1492 1912 solere
1510 1889 1566 1920 ea,
1592 1889 1687 1920 quae

234 1938 460 1972 magnopere
495 1928 711 1968 timeantur,
745 1926 967 1970 quandoque
1001 1925 1046 1958 ad
1080 1925 1235 1958 nihilum
1272 1924 1452 1958 recidere.
1477 1923 1686 1958 MANUT.

234 1974 310 2008 Die
334 1974 495 2008 Parther
526 1973 639 2006 fallen
673 1971 754 2005 dem
781 1972 916 2006 Cicero
951 1972 1018 2005 mit
1042 1970 1160 2005 einem
1187 1971 1312 2005 Mahle
1336 1969 1419 2004 hier
1442 1969 1586 2003 wieder
1610 1969 1686 2012 ein,

234 2031 294 2054 um
319 2020 437 2053 einem
462 2020 692 2064 spottischen
718 2018 883 2052 Einfalle
908 2018 1000 2051 iiber
1024 2018 1183 2052 Bibulus
1205 2017 1294 2051 Luft
1319 2026 1365 2050 zu
1390 2016 1566 2056 machen,
1604 2015 1687 2049 dem

232 2066 299 2100 das
332 2065 628 2109 zwanzigtagige
665 2064 849 2098 Danksest
887 2064 1067 2097 decretirt
1103 2075 1196 2098 war.
1220 2081 1266 2090 -
1313 2062 1544 2101 semivivum,
1585 2067 1687 2096 metu

232 2112 456 2148 Parthorum
480 2122 598 2156 paene
624 2111 883 2145 exanimatum.
907 2110 1013 2144 SCH.

326 2160 358 2191 1.
390 2160 436 2191 Α.
469 2159 503 2191 d.
538 2170 629 2191 πη.
663 2158 719 2190 Id.
753 2158 863 2199 Dec„
903 2168 958 2190 am
983 2157 1015 2190 8.
1037 2157 1130 2190 Dec.
1153 2174 1194 2180 —
1236 2151 1473 2188 Aeculanum.
1513 2151 1576 2187 Sic
1607 2151 1684 2188 Md.

232 2203 329 2248 (scil.
348 2204 578 2246 Eculanum.)
613 2203 742 2238 Serius
766 2213 900 2236 nomen
925 2208 1138 2247 corruptum
1163 2210 1329 2246 prorsus,
1357 2206 1396 2233 ut
1419 2199 1501 2232 Lib.
1519 2200 1576 2240 16,
1593 2199 1628 2241 2,
1647 2200 1682 2233 5.

233 2251 480 2284 Rev-calanum
513 2250 604 2284 Cdd.
638 2249 724 2292 aliq.
758 2249 913 2293 Malasp.
949 2248 1051 2284 vict.
1085 2248 1171 2281 Bos.
1207 2257 1310 2289 seqq.
1343 2246 1383 2279 in
1414 2245 1521 2278 Herc.
1553 2244 1681 2279 Lamb-

232 2297 470 2331 Aeculcmum.
495 2295 624 2329 Recte.
648 2295 736 2331 Vid.
761 2294 973 2330 Romanelli
990 2291 1248 2337 Topographia
1273 2292 1331 2325 del
1353 2301 1466 2333 regno
1492 2290 1532 2324 di
1546 2290 1686 2334 Napoli

235 2344 280 2377 T.
298 2344 331 2376 2.
357 2354 393 2387 p.
412 2342 491 2376 523.
520 2342 594 2375 ΟΒ.
611 2360 651 2365 -
675 2353 698 2375 α
729 2345 761 2374 te
791 2343 869 2385 ipso
886 2341 1054 2384 scriptae.
1079 2339 1118 2373 S.
1145 2339 1295 2384 ep.293,
1308 2340 1340 2372 3.
1365 2356 1410 2361 ——
1442 2336 1684 2380 Dicaearcho,

232 2389 400 2422 welches
433 2388 676 2432 behauptete‚
714 2387 781 2421 der
814 2387 941 2422 VVeise
972 2386 1072 2419 halte
1102 2395 1141 2418 es
1171 2386 1230 2418 fiir
1264 2384 1367 2418 scine
1398 2383 1555 2425 Pflicht,
1601 2382 1683 2415 dem

234 2435 361 2469 Staate
393 2445 437 2468 zu
469 2434 622 2475 dienen;
658 2433 804 2477 Epikur
835 2433 1002 2476 dagegen
1038 2431 1191 2473 wollte,
1227 2430 1309 2463 dass
1345 2429 1404 2463 ein
1430 2428 1579 2462 Weiser
1603 2428 1684 2462 sich

233 2481 407 2524 ganzlich
436 2480 553 2513 davon
588 2479 727 2512 zuriick
759 2482 852 2522 zoge
878 2491 912 2512 u.
939 2478 976 2511 in
1002 2477 1079 2510 otio
1105 2477 1215 2509 lebte.
1267 2475 1416 2510 Attikus
1440 2475 1529 2518 hing
1552 2475 1685 2507 letzte-

235 2538 313 2560 rem
340 2538 397 2561 an.
425 2527 565 2567 (Ueber
580 2526 816 2568 Dicaearch„
843 2525 912 2558 den
926 2522 1218 2567 Peripatetiker‚
1245 2533 1272 2555 s.
1294 2533 1351 2566 ep.
1368 2521 1533 2561 XXVII,
1558 2519 1681 2553 XLII.

235 2583 271 2606 u.
298 2573 374 2606 bes.
403 2573 631 2615 CCLV1‚3.)
664 2571 796 2605 Cicero
822 2571 902 2613 gibt
926 2570 1003 2602 also
1028 2569 1166 2602 diesem
1192 2579 1234 2601 zu
1263 2568 1471 2609 velstehen,
1497 2566 1580 2599 dass
1604 2565 1684 2599 sein

234 2619 422 2661 Wunsch,
454 2619 555 2652 nicht
580 2619 709 2661 liinger
734 2617 787 2650 als
812 2617 873 2649 ein
898 2616 985 2649 Iahr
1010 2615 1046 2647 in
1073 2615 1140 2648 der
1153 2614 1318 2648 Provinz
1343 2623 1387 2647 zu
1415 2612 1574 2654 bleiben,
1598 2621 1684 2644 son-

235 2664 327 2698 dern
360 2675 427 2698 zur
459 2664 533 2698 vita
563 2664 682 2698 otiosa
715 2662 854 2696 zuruck
887 2671 934 2695 zu
959 2661 1123 2702 kehren,
1168 2660 1238 2694 den
1266 2659 1524 2693 Grundsatzen
1559 2656 1683 2690 seines

235 2711 426 2746 Freundes
451 2721 546 2756 ganz
571 2710 803 2756 entspreche.
821 2727 864 2733 —
912 2711 1038 2741 nostra
1062 2707 1305 2749 contentione,
1336 2704 1461 2739 dieser
1484 2702 1610 2737 Punkt
1634 2702 1683 2738 ist
