1795 3043
207 74 307 123 298
463 72 530 119 Μ.
567 72 623 118 Τ.
659 71 1000 123 CICERONIS
1034 76 1405 137 EPISTOLAE.

206 182 364 224 Romae
394 196 544 225 vereor
570 197 625 225 ne
654 198 705 226 ex
741 186 835 228 Kal.
875 189 963 229 Ian.
1002 189 1143 242 magni
1181 191 1383 231 tumultus
1421 191 1519 234 sint.
1573 192 1659 234 Nos

156 249 184 287 4
208 253 379 294 agemus
409 242 550 282 omnia
578 243 755 285 modice.
813 245 1038 297 Reliquum
1068 249 1153 298 est,
1189 249 1236 287 ut
1266 249 1307 287 te
1335 248 1418 288 hoc
1446 261 1586 302 rogem
1615 253 1658 290 et

205 310 232 337 a
261 300 302 337 te
340 300 499 350 petam,
544 311 599 338 ne
637 302 795 342 temere
831 304 1015 356 naviges.
1071 304 1218 344 Solent
1261 306 1416 345 nautae
1453 306 1656 347 festinare

205 357 401 405 quaestus
433 357 499 396 sui
530 368 668 398 causa.
736 359 891 400 Cautus
929 363 1006 413 sis,
1046 361 1104 401 mi
1134 361 1247 403 Tiro.
1305 362 1425 402 Mare
1458 375 1656 415 magnum

203 413 246 451 et
275 412 449 453 difficile
479 412 560 453 tibi
589 416 732 458 restat.
791 417 835 457 Si
865 419 1046 470 poteris,
1077 430 1171 458 cum
1199 418 1430 469 Mescin103
1468 422 1591 460 caute
1619 421 1656 461 is

203 469 310 508 solet
354 470 573 523 navigare:
631 474 668 513 si
709 473 866 527 minus,
913 487 1010 516 cum
1054 475 1229 515 honesto
1280 475 1422 528 aliquo
1471 477 1656 529 homine,

201 525 322 566 cuius
359 529 611 569 auctoritate
647 530 937 573 navicularius
975 535 1206 573 moveatur.
1279 532 1329 572 In
1368 533 1452 574 hoc
1490 545 1656 575 omnem

200 581 463 636 diligentiam
503 586 539 626 si
579 586 821 628 adhibueris
858 591 984 642 teque
1024 590 1146 630 nobis
1187 590 1445 630 incolumem
1482 591 1654 644 stiteris,

199 641 342 680 omnia
371 655 395 682 a
424 645 467 682 te
495 642 675 685 habebo.
724 644 868 685 Etiam
895 649 1023 699 atque
1051 648 1198 699 etiam,
1226 648 1370 687 noster
1390 647 1510 700 Tiro,
1545 649 1654 689 vale.

196 695 383 795 Mfdico²
423 699 566 753 Curio,
615 700 770 754 Lysoni
804 701 856 741 de
892 705 936 743 te
976 702 1128 756 scripsi
1168 703 1498 758 diligentissime.
1537 705 1654 757 Vale,

195 765 243 794 sa
263 767 325 798 ve.

370 930 684 977 EPISTOLA
719 930 966 977 CCXCIII.
1021 931 1102 990 (ad
1136 932 1226 978 Att.
1262 932 1369 978 VII.
1405 935 1477 991 2.)

267 1016 349 1053 Ser.
372 1017 567 1053 Brundisii
590 1030 621 1053 a.
647 1018 683 1054 d.
708 1019 779 1055 IV.
808 1019 893 1053 Kal.
919 1019 1012 1054 Dec.
1038 1021 1085 1055 A.
1112 1019 1157 1054 U.
1184 1019 1224 1054 C.
1245 1020 1323 1056 704.
1351 1022 1400 1063 (a.
1426 1019 1467 1054 C.
1492 1019 1566 1062 50.)

189 1086 430 1121 Brundisium
454 1097 494 1121 se
518 1087 679 1123 venisse.
708 1089 740 1122 1.
791 1087 907 1122 Attici
931 1087 1178 1122 invalitudine
1204 1100 1244 1123 se
1269 1087 1486 1122 conturbari
1508 1086 1653 1132 signifi-

190 1138 260 1166 cat.
286 1133 320 1167 2.
369 1133 659 1168 sollicitudinem
685 1133 732 1168 de
753 1134 906 1169 Tironis
937 1134 1067 1167 morbo
1092 1136 1230 1169 fatetur
1260 1140 1297 1169 et
1321 1135 1425 1169 Curii
1450 1134 1488 1168 in
1519 1145 1564 1168 eo
1589 1145 1657 1168 cun

188 1179 306 1214 raudo
333 1179 564 1223 diligentiam
590 1181 726 1214 laudat.
750 1182 784 1215 3.
827 1180 990 1214 Atticum
1008 1180 1127 1214 filiola
1151 1192 1215 1215 sua
1232 1180 1409 1214 delectari
1428 1180 1598 1215 laetatur,
1615 1181 1650 1214 4.

188 1225 303 1260 Addit
327 1236 445 1270 pauca
469 1226 516 1260 de
543 1226 719 1271 triumphi
745 1237 825 1270 spe.
851 1228 884 1260 5.
911 1228 944 1260 6.
986 1232 1023 1259 et
1046 1227 1198 1260 Catonis
1224 1226 1494 1260 malevolentia.
1522 1229 1554 1261 7.
1605 1226 1652 1260 de

301 1271 504 1318 Chrysippi
528 1272 658 1307 liberti
683 1272 847 1307 discessu
873 1277 911 1305 et
935 1271 983 1305 de
1007 1272 1186 1317 periculis
1211 1272 1268 1307 rei
1292 1271 1479 1317 publicae.
1504 1274 1536 1307 8.

682 1351 870 1387 CICERO
895 1351 1086 1386 ATTICO
1112 1350 1152 1386 S.

298 1434 571 1475 Brundisium
599 1433 791 1475 venimus
820 1445 899 1474 vn.
927 1431 1104 1473 Kalend.
1133 1432 1358 1475 Decembr.
1395 1433 1462 1474 usi
1489 1435 1564 1474 tua
1592 1435 1649 1474 fe-

184 1491 350 1533 licitate
379 1491 625 1545 navigandi:
670 1492 730 1532 ita
766 1491 878 1531 belle
918 1489 1040 1529 nobis
1079 1489 1198 1530 flavit
1239 1490 1292 1531 ab
1322 1491 1458 1543 Epiro
1487 1491 1650 1531 lenissi-

184 1561 277 1589 mus
318 1549 619 1590 Onchesmites.
697 1549 824 1589 Hunc
863 1544 1179 1590 σπονδειάζοντα
1218 1547 1255 1587 si
1297 1548 1368 1588 cui
1414 1548 1531 1589 voles
1567 1547 1649 1586 ταῖν

184 1696 250 1731 des
276 1697 408 1731 Cicero
433 1696 639 1730 fortsetzeu
663 1694 815 1728 konnte.
834 1712 880 1718 —
917 1704 960 1726 ex
982 1692 1074 1726 Kal.
1092 1693 1174 1725 Ian.
1202 1691 1308 1725 novis
1333 1691 1549 1726 consulibus
1572 1704 1647 1727 ma-

180 1743 377 1787 gistratum
403 1742 630 1776 ineuntibus.
652 1759 698 1766 —
738 1740 910 1773 tumultus
934 1739 1121 1773 zwischeu
1148 1739 1218 1772 deu
1244 1738 1558 1781 Volksfflbunen,
1585 1739 1647 1774 die

180 1790 240 1824 fiir
265 1790 397 1824 Ciisars
422 1789 644 1832 Forderuug
669 1797 809 1828 waren,
835 1797 870 1820 u.
899 1785 973 1819 den
999 1785 1186 1819 Consulen
1213 1784 1286 1818 und
1300 1784 1506 1828 Pompeius
1528 1785 1646 1829 u.,der

179 1835 473 1878 senatorischen‚
499 1833 687 1879 republik.
714 1832 854 1867 Partei.
876 1850 918 1855 —-
964 1832 1123 1871 modice,
1158 1830 1213 1863 sic
1245 1834 1285 1863 ut
1317 1840 1440 1874 neque
1471 1830 1646 1877 Pompeii

179 1893 301 1926 neque
327 1881 499 1916 Caesaris
524 1881 682 1914 animum
708 1879 947 1914 offendamus.
976 1876 1185 1911 MANUT.

226 1948 227 1951 ’
271 1941 305 1974 4.
339 1940 491 1982 difficile
515 1951 560 1971 .--.
583 1937 850 1982 periculosum¹
896 1936 983 1969 Man
1017 1934 1117 1968 hatte
1148 1933 1245 1967 noch
1277 1933 1414 1968 keiuen
1439 1934 1645 1979 Kompass;

178 1997 274 2031 enge
298 1987 428 2021 Meere
458 1984 723 2030 gefahrlicher.
748 2002 793 2008 -
832 1995 860 2016 c.
888 1981 1071 2016 Mescinio
1108 1982 1151 2023 (s.
1179 1991 1238 2024 ep.
1259 1980 1342 2023 288,
1358 1982 1409 2022 3.)
1436 1980 1517 2015 scil.
1542 1979 1646 2014 navi-

177 2044 257 2077 ges.
279 2051 324 2058 -
365 2036 478 2066 caute.
518 2030 616 2065 Eine
647 2029 881 2065 scherzhafte
913 2027 1172 2071 Bemerkung!
1197 2044 1241 2050 —
1285 2026 1321 2078 Si
1352 2027 1473 2079 minias
1497 2027 1642 2079 (Lamb.

176 2080 250 2122 sin)
276 2078 420 2124 poteris
447 2089 527 2112 cum
553 2076 735 2111 Mescinio
762 2076 950 2118 navigare.
969 2093 1013 2099 —
1048 2085 1128 2107 cum
1151 2099 1160 2107 ‚
1176 2099 1184 2107 .
1210 2071 1353 2124 homine
1378 2073 1444 2106 tali
1470 2073 1552 2107 seil.
1578 2082 1641 2106 na-

175 2126 302 2170 viges,
337 2125 440 2159 cuius
463 2137 509 2157 =
535 2130 572 2157 ut
597 2123 689 2158 eius.
712 2143 755 2148 —
800 2120 1071 2160 ηαυίσαίανίαε,
1110 2119 1178 2152 der
1202 2117 1449 2161 Schiffsherr,
1484 2118 1552 2152 der
1576 2129 1642 2162 ge-

175 2183 249 2217 gen
274 2171 371 2205 Geld
396 2171 599 2205 menschen
626 2181 661 2203 u.
688 2170 852 2204 Waaren
878 2166 1005 2201 woliin
1030 2166 1142 2200 fuhrt.
1185 2163 1223 2197 S.
1253 2164 1406 2200 Verrin.
1426 2164 1486 2208 ΙΙ,
1505 2165 1569 2216 .55.
1595 2164 1642 2198 ad

176 2217 294 2253 Attic.
321 2218 399 2259 IX,
423 2219 444 2252 3
478 2223 574 2251 extr.
599 2216 690 2251 Cod.
726 2216 815 2250 lust.
842 2215 921 2258 ΧΙ,
939 2214 961 2248 2
985 2213 1058 2256 leg.
1076 2212 1097 2245 2
1113 2216 1150 2245 et
1164 2213 1197 2245 3.
1211 2228 1265 2262 ⁰—
1309 2211 1469 2253 moveri,
1503 2221 1541 2244 ιιι
1566 2211 1642 2244 Re-

177 2270 284 2309 spect
307 2264 476 2297 erhalten
502 2263 669 2296 werden.
685 2281 725 2286 —
758 2263 803 2295 In
828 2261 913 2300 hoc,
939 2265 980 2293 ut
1004 2264 1111 2292 caute
1137 2267 1302 2299 navlges.
1321 2274 1367 2282 —-·
1398 2257 1547 2290 stiteris.
1576 2256 1642 2291 Sic

177 2311 280 2347 Vict.
294 2311 326 2344 2.
345 2310 472 2344 Lamb.
486 2309 628 2343 Bened.
647 2308 730 2343 Sch.
748 2308 842 2341 Liin.
862 2305 1006 2340 steteris
1018 2304 1096 2338 Md.
1118 2303 1350 2347 praestiteris
1370 2303 1472 2337 Crat.
1492 2302 1593 2339 Vict.
1606 2304 1638 2336 1.

177 2358 313 2392 Graev.
340 2356 430 2391 Ern.
462 2356 593 2398 feceris
617 2356 706 2388 Bos.
737 2354 934 2388 ORELLI.
972 2350 1023 2386 So
1054 2350 1100 2383 ad
1130 2349 1242 2384 Attic.
1266 2349 1324 2392 Χ,
1344 2349 1401 2383 14:
1442 2354 1504 2392 „te
1530 2359 1641 2400 vegeT

177 2411 254 2439 tum
279 2403 388 2436 nobis
412 2402 450 2437 in
468 2401 628 2436 Graecia
651 2402 772 2434 siste.''
788 2419 830 2424 —
866 2398 988 2433 onmia
1013 2408 1035 2430 α
1060 2400 1093 2429 te
1117 2395 1266 2437 habeba,
1292 2395 1331 2428 in
1357 2395 1526 2428 omuibus
1550 2394 1642 2428 mihi

176 2448 416 2485 satisfeceris.
449 2449 540 2492 Vgl.
562 2448 646 2482 290:
675 2446 776 2489 quod
801 2445 892 2479 mihi
917 2444 990 2478 erit
1015 2441 1175 2476 omnium
1200 2440 1469 2485 gratissimum3
1494 2441 1582 2493 285,
1598 2442 1638 2476 3:

179 2497 310 2531 Omnia
338 2496 469 2530 viceris
494 2501 564 2528 etc.
609 2493 736 2527 Ueber
767 2492 836 2525 den
870 2492 1043 2526 ferneren
1073 2487 1236 2524 Verlaus
1263 2487 1331 2521 der
1365 2487 1575 2522 Krankhelt
1607 2496 1638 2521 s.

175 2555 234 2588 ep.
252 2544 332 2578 301.
349 2544 428 2577 310.
453 2553 488 2576 u.
506 2551 534 2575 s.
553 2551 597 2574 xv.
637 2539 674 2574 S.
700 2538 783 2572 Iud.
808 2536 1019 2572 Historicus
1044 2545 1073 2568 s.
1094 2546 1128 2568 v.
1159 2533 1289 2568 TIRO.

269 2603 300 2634 1.
330 2613 401 2634 vri.
427 2599 516 2633 Kal.
543 2599 650 2639 Dec„
685 2607 741 2629 am
766 2595 822 2630 25.
840 2595 936 2629 Nov.
957 2610 1002 2619 —-·
1041 2596 1123 2634 tua,
1159 2602 1232 2633 qua
1257 2595 1295 2624 tu
1321 2599 1361 2624 es
1385 2599 1473 2622 usus
1498 2587 1557 2621 vel
1584 2586 1638 2621 uti

175 2646 287 2680 soles.
311 2665 355 2671 —
403 2644 644 2680 Onchesmites
675 2648 805 2675 ventus
835 2641 881 2674 ab
916 2639 1125 2674 Onchesmo
1166 2636 1280 2688 Epiri
1318 2641 1431 2688 portu
1464 2634 1571 2668 flans.
1596 2653 1638 2658 —

176 2706 264 2728 σπο
277 2693 485 2735 ιιδειάζοιι
500 2706 560 2730 τα,
580 2699 725 2723 versum
752 2687 1006 2732 sponda'icum‚
1032 2684 1095 2728 qui
1110 2683 1283 2734 Ciceroni
1302 2680 1507 2722 exciderat,
1525 2690 1638 2731 quum

175 2738 404 2783 scripsisset:
446 2738 595 2783 „Flam
626 2735 669 2769 ab
703 2734 817 2778 Epiro
853 2732 1058 2768 lenissimus
1091 2729 1433 2764 Onchesrmtes.'’—
1478 2726 1637 2760 vendzta.
