1795 3043
506 61 820 108 EPISTOLA
857 61 1141 108 cccxxvi.
1462 69 1561 117 385

94 186 144 215 ex
174 174 301 215 ltalia
330 186 455 226 quam
485 175 704 215 molestum
737 174 824 214 est!
884 173 964 221 Qui
1004 177 1147 215 autem
1177 175 1295 214 locus
1324 175 1406 215 erit
1436 175 1559 216 nobis

92 234 232 282 tutus,
261 255 319 261 —
363 233 410 271 ut
439 232 523 271 iam
552 232 732 283 placatis
763 233 932 271 utamur
969 230 1194 284 fluctibus,
1223 254 1281 261 —
1329 235 1557 284 antequam

92 289 145 329 ad
184 289 308 328 illum
347 289 612 328 venerimus?
673 290 765 337 Qua
805 290 941 328 autem
983 291 1056 327 aut
1098 301 1206 340 quo,
1243 288 1350 329 nihil
1380 291 1552 330 scimus.

91 346 149 387 At
188 345 223 385 si
259 346 454 386 restitero
491 347 535 385 et
567 346 700 386 fuerit
742 345 864 385 nobis
902 346 946 384 in
985 345 1067 385 hae
1096 348 1217 397 parte
1246 347 1415 395 loeus,
1442 347 1554 387 idem
1577 342 1605 381 6

93 404 257 454 secero,
286 403 397 455 quod
427 402 470 441 in
503 401 661 443 Cinnae
691 403 974 443 dominatione
1004 402 1052 441 L.
1079 402 1327 456 Philippus,
1364 404 1476 455 quod
1506 404 1555 446 L.

90 460 296 511 Flaccus,
340 460 451 510 quod
482 459 529 506 Q.
563 460 755 508 Mucius3
806 471 974 511 quoquo
1004 459 1127 510 modo
1155 472 1204 500 ea
1236 473 1303 500 res
1334 461 1434 501 huie
1465 463 1558 513 qui-

92 516 188 556 dem
209 516 365 556 cecidit
375 530 387 565 ;
420 517 491 567 qui
514 517 654 556 tamen
683 518 743 557 ita
772 517 916 557 dicere
945 517 1120 568 solebat,
1152 530 1196 557 se
1216 518 1260 557 id
1283 518 1374 557 fore
1396 518 1555 568 videre,

91 573 203 624 quod
243 574 401 614 factum
443 575 526 621 θεῖ,
556 574 654 613 'sed
700 575 827 614 malle
867 586 992 625 quam
1032 576 1238 615 armatum
1288 575 1340 614 ad
1391 576 1555 627 patriae

90 631 256 670 moenia
300 630 517 671 accedere.
574 631 713 670 Aliter
743 631 1055 683 Thrasybulus,
1107 634 1149 672 et
1184 633 1361 672 sortasse
1392 633 1554 673 melius.

91 687 175 727 Sed
206 688 267 727 est
297 689 413 728 certa
443 687 646 738 quaedam
677 688 751 728 illa
774 688 907 728 Mucii
938 689 1046 728 ratio
1077 690 1204 741 atque
1224 690 1458 730 sententia:
1490 692 1555 729 est.

90 744 169 785 illa
199 745 327 784 etiam
360 744 601 796 [Philippit]
638 747 679 784 et
709 758 836 797 quum
868 746 924 785 sit
952 758 1145 798 neeesse,
1183 747 1344 788 servire
1374 747 1555 798 tempori

91 803 133 840 et
160 813 245 840 non
275 801 467 841 amittere
496 803 675 853 tempus,
706 815 835 854 quum
866 803 920 843 sit
944 803 1100 844 datum.
1161 804 1244 844 Sed
1274 804 1319 843 in
1351 804 1433 844 hoe
1462 805 1554 856 ipso

90 856 249 898 habent
270 860 410 897 tamen
433 858 562 898 iidem
578 860 712 899 fasces
733 861 985 902 molestiam.
1036 860 1100 900 Sit
1119 861 1230 900 enim
1246 861 1367 900 nobis
1381 861 1556 913 amicus,

90 914 203 966 quod
232 915 441 955 incertum
476 918 557 955 est:
589 916 660 956 sed
690 916 769 966 sit;
801 916 961 957 deseret
989 917 1266 969 triumphum.
1325 918 1419 958 Non
1444 918 1557 959 acei-

89 984 246 1024 perene
277 973 559 1024 periculosum
583 974 660 1025 sit,
694 974 780 1026 [an]
806 975 1002 1025 accipere
1025 975 1277 1014 invidiosum
1308 975 1360 1014 ad
1393 975 1555 1015 bonos?

90 1029 123 1067 Ο
147 1041 259 1081 rem,
289 1030 462 1082 inquis,
492 1029 713 1070 difficilem
752 1032 794 1071 et
823 1030 1192 1082 inexplicabilem!
1251 1031 1384 1082 Atqui
1424 1032 1558 1084 expli-

7 1098 10 1116 *
89 1086 224 1126 canda
265 1088 338 1125 est.
400 1085 484 1134 Qui
513 1088 626 1126 enim
654 1086 749 1127 fieri
780 1088 952 1140 potest?
1010 1088 1073 1128 Ae
1110 1100 1164 1127 ne
1197 1100 1265 1127 me
1303 1089 1557 1129 existimaris

87 1212 126 1242 ut
148 1220 194 1241 Ξ
217 1213 381 1251 gesetzt,
408 1209 488 1287 facl
483 1211 532 1241 ut.
559 1224 602 1232 —-
653 1207 730 1242 Qua
753 1219 800 1240 z:
823 1206 889 1241 aus
909 1206 1090 1241 welchem
1113 1208 1246 1252 Wege.
1292 1208 1378 1251 Vgl.
1405 1219 1463 1252 ep.
1477 1209 1558 1251 319,

88 1256 120 1290 2.
158 1254 310 1288 Cornel.
342 1255 437 1299 Nep.
500 1255 569 1295 ‚3.
619 1253 771 1287 Ramsh.
808 1253 836 1295 §.
866 1254 956 1296 158,
981 1255 1014 1287 5.
1065 1254 1201 1298 Zumpt
1235 1255 1264 1296 ἕ.
1282 1254 1556 1289 288 Schu12„

89 1302 118 1344 §.
135 1302 214 1343 101,
239 1300 296 1334 32.
323 1319 368 1324 —
414 1256 540 1341 ΝίΙΙιὶΙ,
579 1305 618 1333 ut
644 1300 819 1334 οίδὲυ-
773 1325 819 1331 -.
844 1300 954 1344 plane
979 1309 1073 1343 non,
1108 1300 1203 1333 nihil
1216 1300 1420 1336 scimzw-
1375 1312 1421 1319 -·
1444 1301 1557 1346 plane

89 1346 285 1380 nescimus.
336 1345 374 1379 S
395 1345 544 1379 Ramsh.
572 1345 600 1388 §.
610 1345 697 1387 ’,132
723 1345 757 1386 5,
784 1355 814 1378 c.

181 1393 214 1426 6.
252 1392 439 1434 restam-‚0
480 1402 588 1425 wenn
628 1391 688 1424 ich
720 1392 811 1424 aber
849 1389 973 1424 bleibe
1007 1390 1081 1424 und
1113 1391 1175 1425 bei
1207 1391 1333 1426 dieser
1358 1392 1470 1427 Wahl
1497 1392 1556 1426 ein

90 1438 293 1472 Platzchen
326 1438 393 1471 der
427 1438 537 1471 Ruhe
568 1437 669 1471 finde
704 1437 737 1470 d.
771 1436 794 1470 i.
828 1436 865 1469 111
898 1437 1008 1471 Ruhe
1048 1438 1220 1489 gelassen
1258 1438 1399 1473 welde
1450 1442 1559 1482 parte

89 1481 238 1518 bezieht
263 1484 342 1517 sich
369 1484 433 1518 auf
453 1483 514 1517 die
539 1484 650 1518 Wahl
676 1483 801 1516 seiner
824 1483 1112 1535 Ὀθῦθ11θςι111ς,
1144 1483 1220 1517 wie
1245 1485 1273 1527 ξ.
1287 1487 1309 1519 3
1333 1484 1382 1518 1111
1401 1486 1488 1519 Ans.
1513 1503 1557 1511 --

90 1531 134 1565 L.
161 1530 326 1564 Marcius
351 1530 544 1574 Plzzlz'ppus
587 1529 667 1572 (Sic
692 1529 822 1563 Lamb.
867 1529 974 1562 omis.
1008 1540 1235 1573 praenomen
1263 1531 1396 1573 Ceth),
1425 1531 1557 1565 consul

90 1577 176 1611 anni
201 1578 290 1619 663,
323 1577 366 1610 L.
399 1577 416 1610 ἶ
423 1576 521 1611 malm.
547 1577 702 1610 Flaccus
726 1574 857 1608 consul
884 1576 1062 1609 suffectus
1088 1576 1175 1619 668,
1212 1576 1250 1611 Q.
1276 1577 1429 1611 Mucius
1452 1577 1560 1612 Scae-

89 1624 173 1657 vola
205 1623 333 1656 consul
365 1623 445 1657 659.
481 1642 520 1647 —
570 1621 678 1665 huic,
718 1621 845 1655 Mucio
872 1621 1078 1655 Scaevolae
1104 1623 1258 1665 cecidit,
1303 1623 1409 1666 quia,
1446 1635 1559 1667 quum

90 1670 129 1703 in
162 1670 254 1703 urbe
290 1668 553 1711 remansisset,
596 1679 685 1702 mox
716 1667 934 1701 interfectus
967 1674 1023 1702 est
1056 1667 1159 1702 iussu
1185 1670 1349 1703 consulis
1376 1671 1418 1704 C.
1446 1670 1559 1704 Marii

89 1715 260 1749 iunioris.
286 1714 494 1749 MANUT.
522 1733 568 1740 —-
607 1719 661 1748 πα
687 1713 821 1747 weiset
844 1714 910 1747 auf
931 1713 992 1748 die
1018 1714 1110 1758 solg.
1131 1725 1252 1748 accus.
1281 1726 1310 1749 c.
1328 1715 1391 1750 inf.
1420 1717 1496 1751 hin.
1514 1735 1559 1742 —

88 1762 197 1795 malle
221 1761 301 1795 scil.
331 1761 413 1794 hoc.
441 1780 484 1785 —
533 1760 658 1794 Aliter
682 1759 871 1803 cogitabat
899 1759 1162 1805 Thrasybulus,
1197 1761 1458 1805 Atheniensis,
1494 1761 1560 1805 qui

17 1806 24 1847 ¹,
88 1814 248 1841 armatus
282 1807 440 1841 accessit
471 1806 516 1839 ad
550 1807 698 1848 urbem,
740 1812 778 1839 ut
812 1817 890 1839 eam
925 1817 946 1839 a
977 1806 1131 1850 triginta
1164 1808 1332 1852 tyrannis
1366 1808 1558 1842 liberaret.

90 1854 295 1888 MANUT.
314 1873 354 1877 —
383 1853 599 1896 [Philippiq
630 1852 695 1887 Sic
719 1863 847 1886 omnes
867 1853 974 1895 Cdd.,
1003 1853 1112 1887 etiam
1140 1853 1301 1897 optimus
1320 1855 1561 1890 DecurtatuS.

95 1900 315 1944 Thrasybuli
349 1899 395 1932 de
420 1900 579 1943 Malasp.
606 1899 704 1932 coni.
737 1898 866 1932 Lamb.
893 1900 987 1933 Cett.
1020 1899 1115 1933 Mihi
1140 1899 1325 1944 Philippi,
1362 1900 1435 1935 nisi
1462 1902 1561 1935 sorte

90 1946 143 1980 ita
167 1938 362 1988 delendas,
394 1952 435 1979 ut
459 1945 561 1978 dicas
587 1946 755 1978 Mucium
780 1956 825 1978 eo
851 1945 1047 1979 s01tiorem
1072 1945 1207 1986 fuisse,
1244 1947 1343 1989 quod
1371 1947 1560 1981 interitum

90 2003 196 2026 suum
230 1992 437 2037 proxiderit
470 1991 677 2036 (oppositio
710 1997 830 2024 tamen
856 2002 984 2034 patum
1011 1994 1130 2036 apta),
1168 2003 1188 2025 e
1213 1993 1307 2026 falso
1335 1994 1561 2036 glossemate

90 2046 211 2071 ortum
237 2049 383 2082 semper
409 2048 462 2072 vis
468 2049 525 2071 um
552 2044 625 2071 est:
660 2048 732 2080 quo
760 2044 947 2081 expuncto
974 2038 1064 2071 haec
1091 2038 1255 2072 exstabit
1269 2040 1452 2073 sententia
1471 2051 1561 2073 con-

29 2097 33 2126 f
90 2084 390 2118 venientissima.
424 2084 520 2127 „sed
545 2085 709 2128 (praeter
719 2082 952 2134 Thrasybuli
978 2084 1213 2126 sementiam)
1239 2092 1295 2118 est
1320 2093 1422 2119 certa
1447 2097 1561 2129 quae-

30 2135 31 2144 *
90 2130 172 2164 dam
207 2131 273 2164 illa
296 2129 413 2164 Mucii
451 2130 570 2172 ratio,
616 2129 680 2173 qui
716 2128 905 2162 intentum
937 2130 1172 2174 prospiciens
1208 2137 1329 2164 tamen
1363 2132 1470 2174 quies
1455 2143 1561 2166 cere

31 2204 33 2214 ,
92 2177 219 2210 maluit
244 2187 351 2229 quam
378 2176 579 2219 quidquam
606 2175 731 2209 moliri
759 2175 794 2208 in
812 2175 951 2210 Cinnae
977 2176 1249 2210 dominatione:
1278 2184 1331 2211 est
1359 2178 1424 2211 illa
1450 2179 1560 2212 etiam

32 2219 33 2222 ’
90 2234 189 2265 mea;
225 2223 283 2256 cui
310 2223 544 2268 propositum
571 2229 627 2256 est
654 2230 714 2264 et,
747 2222 832 2254 dum
859 2233 1012 2256 necesse
1038 2223 1294 2264 est,servi1e
1321 2225 1493 2269 tempori,
1520 2231 1561 2257 ut

32 2274 33 2277 ’
91 2279 188 2301 nunc
214 2269 330 2311 facio,
370 2277 425 2312 et,
460 2280 571 2311 quum
598 2269 646 2302 sit
673 2269 821 2309 datum,
856 2278 927 2301 non
953 2268 1143 2311 amittere,
1189 2269 1253 2303 sed
1280 2270 1413 2304 ionem
1441 2270 1560 2305 virum

92 2326 150 2348 me
175 2317 402 2358 praestare-'²
415 2295 524 2348 'com
528 2315 625 2349 LLI.
652 2333 693 2340 —
733 2319 833 2347 cerea
858 2315 954 2347 r'alzo
980 2326 1026 2346 Ξ
1051 2314 1211 2358 richtige
1237 2316 1413 2350 Maxime.
1439 2335 1483 2341 -—
1522 2316 1562 2350 in

34 2356 38 2364 ⁴
92 2360 158 2393 koc
183 2361 282 2403 ipso,
309 2362 400 2394 auch
426 2362 520 2394 eben
547 2361 583 2394 111
610 2361 693 2394 dem
719 2360 841 2401 Faue,
868 2360 952 2393 dass
980 2360 1037 2393 ich
1058 2361 1338 2395 zuriickbliebe.
1366 2381 1409 2386 —-
1450 2362 1563 2395 zzdem

91 2408 229 2449 fasces,
272 2417 299 2439 s.
329 2408 395 2448 §.5
427 2418 546 2450 gegen
573 2407 692 2440 Ende.
727 2426 770 2431 --
819 2407 895 2449 Sit,
939 2407 1092 2439 Gesetzt
1128 2407 1254 2441 cesar·
1275 2409 1455 2441 benehmc
1482 2408 1562 2441 sich

93 2453 424 2486 t'reundscha'stlich
450 2465 570 2496 gegen
596 2453 703 2487 mich.
740 2452 778 2487 S.
808 2452 956 2486 Ramsh.
984 2453 1011 2496 §.
1030 2454 1110 2495 166,
1133 2454 1165 2487 4.
1198 2455 1228 2497 §.
1247 2456 1325 2497 191,
1351 2455 1381 2487 2.
1418 2454 1562 2488 Grotef.

42 2518 44 2522 ι
93 2500 123 2542 §.
150 2499 230 2532 424.
255 2500 335 2540 401,
367 2501 473 2532 Α11111.
499 2501 532 2533 3.
559 2518 602 2523 -
641 2501 874 2541 acciperene.
906 2499 990 2539 Ego
1017 2510 1063 2532 an
1089 2499 1144 2542 [];
1178 2511 1220 2532 ne
1245 2506 1389 2541 autem,
1416 2506 1455 2533 ut
1475 2510 1562 2533 sex-

44 2576 45 2581 ,
93 2545 253 2587 centies,
280 2545 424 2589 accipio
451 2555 519 2588 pro
546 2555 669 2578 nonne.
706 2545 901 2578 ORELLI.
952 2545 1026 2588 vg}
1066 2545 1110 2578 ad
1129 2545 1256 2578 Famil.
1284 2546 1350 2583 lv,
1376 2546 1415 2579 5:
1443 2546 1563 2581 Visne

95 2598 132 2624 tu
167 2598 223 2633 te,
250 2590 378 2633 Servi,
412 2590 590 2624 cohibere
619 2596 686 2624 cet.
732 2590 768 2625 S.
796 2591 944 2624 Ramsh.
973 2592 1003 2634 §.
1031 2593 1110 2632 174,
1148 2593 1182 2629 1,
1223 2591 1309 2624 Not.
1333 2593 1365 2625 2.
1416 2592 1562 2626 Grotet'.

94 2637 124 2679 ἓ.
149 2638 228 2671 342.
254 2655 298 2661 -
347 2636 589 2674 invidiosum,
629 2636 689 2669 ihn
725 2638 950 2679 anuehmen,
996 2637 1126 2670 wurde
1152 2637 1246 2669 mich
1273 2638 1338 2670 (las
1366 2637 1466 2672 nicht
1492 2638 1563 2672 deu

46 2681 48 2690 ⁴
93 2683 291 2716 Freunden
319 2683 386 2716 der
411 2682 604 2726 Republik
630 2682 847 2725 verdiichtig
873 2683 1046 2716 macheu?
1072 2702 1113 2706 —
1172 2684 1249 2724 diff.
1277 2688 1309 2715 et
1334 2684 1489 2728 z'nescpl„
1523 2687 1565 2719 0!

49 2750 50 2768 ³
96 2729 163 2762 des
188 2730 334 2763 schwer
359 2729 451 2762 odel·
475 2739 542 2772 gar
566 2729 669 2762 nicht
689 2729 926 2763 aut'losbaren
942 2730 1126 2762 Kuotens.
1153 2746 1196 2753 —
1233 2729 1304 2764 Qu?
1323 2731 1418 2764 enim
1437 2733 1463 2774 f.
1478 2735 1568 2775 pot„

158 2788 225 2816 Cic.
250 2789 361 2816 Bria-ce
384 2798 416 2817 v.
440 2788 582 2815 Billerb.
605 2790 647 2816 ΙΙ.
1207 2790 1264 2830 25
