1795 3043
250 95 351 145 224,
507 89 574 137 Μ.
611 89 667 135 Τ.
704 86 1045 135 CICERONIS
1079 87 1453 140 EPISTOLAE.

249 203 340 245 hoc·
362 202 600 244 invidorum
630 201 808 243 consilio
847 213 935 242 esse
969 200 1047 242 tibi
1086 204 1279 255 ereptum
1314 202 1522 247 videbam.
1591 204 1714 254 Quod

249 264 296 302 tu
336 261 372 301 si
407 260 514 300 tanti
551 261 706 310 facies,
756 259 905 311 quanti
941 272 1016 312 ego
1054 271 1218 312 semper
1252 260 1438 302 iudicavi
1475 261 1714 304 faciendum

250 331 362 359 esse:
400 318 532 358 facies
563 317 775 370 sapienter
805 318 847 356 et
876 328 971 370 ages
1001 317 1139 356 victor
1168 330 1219 358 ex
1256 318 1525 360 inimicorum
1564 320 1713 360 dolore

249 376 512 427 triumphum
541 374 828 415 iustissimum.
887 374 976 426 Ego
998 373 1109 413 enim
1129 375 1256 427 plane
1284 375 1406 416 video
1435 378 1525 417 fore
1554 377 1710 425 nervis,

250 432 420 484 opibus,
462 432 668 484 sapientia
697 433 790 478 tua,
822 431 1092 471 vehementer
1131 433 1179 471 ut
1206 432 1401 473 inimicos
1437 434 1531 474 tuos
1566 434 1712 486 poeni-

249 491 337 530 teat
364 490 715 541 intemperantiae
744 500 858 528 suae.
919 488 982 528 De
1012 500 1078 528 me
1107 489 1186 528 tibi
1215 489 1276 530 sie
1305 492 1545 530 contestans
1566 503 1710 531 omnes

248 545 349 586 deos
383 548 581 598 promitto
621 549 746 598 atque
777 544 1004 597 confirmo,
1047 557 1114 584 me
1144 558 1221 598 pro
1250 548 1322 587 tua
1353 548 1555 600 dignitate
1584 549 1621 569 *⁷*
1648 567 1708 579 --·

247 605 359 644 malo
397 605 507 644 enim
544 604 710 653 dicere,
753 614 876 653 quam
912 614 988 654 pro
1028 604 1164 643 salute
1190 625 1249 633 —
1284 605 1329 644 in
1359 605 1441 645 hac
1470 603 1708 656 provincia,

246 662 317 701 cui
346 663 391 701 tu
418 661 652 713 praefuisti,
675 660 860 711 rogando
883 660 1184 712 deprecatoris,
1212 660 1441 701 laborando
1464 662 1708 714 propinqui,

246 719 501 758 auctoritate
532 718 620 758 cari
650 716 844 764 hominis,
876 718 924 755 ut
953 728 1088 767 spero,
1121 718 1232 769 apud
1264 717 1470 771 civitates,
1501 720 1708 770 gravitate

244 775 511 828 imperatoris
540 776 831 826 suscepturum
871 772 1014 813 officia
1042 775 1166 824 atque
1194 778 1351 827 partes,
1421 776 1573 816 Omnia
1607 775 1706 815 volo

245 846 270 873 a
300 846 366 872 me
397 834 438 871 et
466 833 652 884 postules
683 832 724 870 et
754 832 998 881 exspectes;
1040 830 1207 871 vincam
1235 833 1338 873 meis
1366 832 1518 872 officiis
1548 832 1706 885 cogita-

191 889 221 928 2
245 891 380 930 tiones
406 891 511 929 tuas
574 889 622 936 Q.
653 887 858 928 Servilius
893 886 1120 938 perbreves
1160 889 1265 928 mihi
1302 903 1326 929 a
1366 890 1408 928 te
1436 890 1584 929 literas
1613 888 1705 928 red-

187 981 189 984 ,
244 947 375 994 didit,
416 959 525 997 quae
560 947 665 986 mihi
693 948 833 985 tamen
874 945 998 984 nimis
1027 945 1177 996 longae
1206 946 1320 986 visae
1347 948 1464 986 suntt
1502 946 1704 986 iniuriam

242 1005 356 1044 enim
384 1004 490 1043 mihi
519 1003 615 1044 fieri
643 1002 865 1054 putabam,
897 1013 1025 1052 quum
1064 1002 1255 1054 rogabar.
1322 1002 1490 1042 Nollem
1527 1002 1703 1043 accidis-

241 1063 305 1102 set
333 1063 510 1113 tempus,
544 1061 588 1099 in
619 1072 700 1111 quo
721 1059 964 1111 perspicere
984 1071 1139 1110 posses,
1163 1060 1309 1110 quanti
1327 1061 1382 1106 te,
1415 1060 1563 1110 quanti
1583 1060 1704 1099 Pom·
1762 1058 1765 1060 ’

240 1119 402 1170 peium,
439 1130 563 1169 quem
591 1129 721 1156 uuum
751 1127 802 1154 ex
832 1115 1024 1154 omnibus
1062 1115 1196 1163 facio,
1238 1117 1285 1155 ut
1316 1116 1468 1163 debeo,
1508 1116 1702 1169 plurimi,

239 1177 388 1226 quanti
416 1177 595 1216 Brutum
624 1175 829 1214 facerem:
870 1184 1123 1223 quamquam
1159 1172 1204 1211 in
1234 1173 1537 1212 consuetudine
1566 1173 1703 1225 quoti-

239 1233 364 1273 diana
393 1232 697 1284 perspexisses,
729 1229 854 1269 sicuti
882 1228 1130 1279 perspicies:
1173 1229 1268 1280 sed,
1300 1229 1499 1281 quoniam
1529 1226 1702 1282 accidit,

238 1290 275 1330 si
305 1290 407 1341 quid
437 1303 462 1328 a
490 1300 556 1328 me
586 1286 927 1340 praetermissum
956 1285 1051 1332 erit,
1083 1285 1351 1326 commissum
1377 1287 1542 1327 facinus
1565 1289 1607 1328 et
1630 1287 1702 1328 ad·

237 1447 514 1489 CCXL11‚1.—
541 1445 646 1488 tanti,
673 1456 743 1479 nur
769 1455 810 1478 so
836 1443 945 1478 hoch.
970 1442 1104 1477 Cicero
1138 1443 1301 1477 schiitzte
1331 1443 1422 1477 aber
1452 1443 1698 1488 dergleichen

234 1495 338 1528 bloss
364 1493 402 1527 in
426 1493 650 1538 politischer
675 1490 861 1525 Hinsicht.
885 1508 932 1515 —
969 1489 1094 1532 video,
1126 1490 1206 1531 fore
1230 1494 1280 1523 ut.
1321 1489 1358 1524 S.
1384 1490 1535 1524 Ramsh.
1567 1492 1597 1534 §.
1618 1492 1699 1532 168,

231 1540 280 1583 Β,
299 1542 334 1583 4,
359 1540 448 1575 Not.
465 1542 496 1573 l.
524 1539 670 1573 Grotef.
698 1538 725 1580 §.
744 1539 824 1575 310,
851 1537 958 1570 Anm.
978 1537 1010 1570 6.
1027 1555 1072 1561 —
1109 1536 1249 1574 nervis,
1276 1547 1352 1580 op.‚
1377 1547 1455 1580 sap.
1482 1540 1544 1570 tua
1568 1542 1612 1571 st.
1639 1549 1700 1572 sa-

230 1587 382 1632 pienter
407 1585 599 1627 adhibitis,
626 1583 687 1618 bei
706 1583 887 1625 kraftiger
912 1581 986 1615 und
1010 1581 1146 1623 kluger
1158 1582 1429 1626 Verwendung
1453 1582 1521 1616 der
1544 1583 1698 1618 reichen

231 1633 515 1676 Hulfsquellen,
543 1631 604 1665 die
630 1630 702 1664 Dir
727 1640 774 1663 zu
800 1628 946 1662 Gebote
971 1628 1111 1662 stehen.
1128 1647 1173 1652 —
1211 1629 1308 1661 malo
1334 1630 1440 1662 enim.
1468 1630 1698 1674 Mart-Lag⁶

232 1680 329 1713 coni.
359 1679 446 1713 Sch.
465 1679 561 1712 Liin.
585 1677 640 1710 sic
665 1676 760 1709 enim
783 1675 892 1707 malo.
926 1674 1012 1708 Fuit
1037 1675 1213 1707 tortasse:
1238 1685 1330 1717 „pro
1356 1678 1419 1707 tua
1443 1676 1625 1717 dignitate

224 1738 297 1770 pro
323 1726 506 1768 (lignitate
530 1724 628 1757 malo
653 1723 749 1755 enim
773 1721 930 1755 ἀίων-εἶ’
955 1720 1152 1753 ORELLI.
1169 1739 1210 1744 —
1248 1732 1317 1763 pro
1341 1721 1475 1763 salute,
1508 1721 1569 1755 fur
1592 1722 1696 1758 Dein

229 1772 495 1815 Burgerwohl,
522 1770 646 1804 Deine
664 1769 829 1810 Person,
855 1767 952 1800 denn
977 1767 1034 1799 fur
1060 1766 1163 1799 diese
1189 1767 1266 1799 seh'
1284 1766 1345 1800 ich
1358 1766 1470 1800 keine
1486 1767 1694 1802 Gefahr.-

229 1820 398 1860 <rogando
431 1819 554 1861 depr„
588 1815 789 1848 laborando
816 1825 946 1857 prop,
980 1812 1046 1845 mit
1077 1813 1172 1845 aller
1196 1813 1348 1846 VViirme
1381 1813 1483 1847 eines
1508 1813 1695 1859 Fiirspre-

230 1866 359 1910 chers,
386 1864 451 1898 mit
475 1865 570 1897 aller
594 1860 910 1895 Betriebsamkeit
935 1857 1038 1892 eines
1064 1858 1183 1891 nahen
1208 1859 1472 1894 Verwandten.
1510 1860 1589 1893 Das
1617 1861 1694 1895 Ge-

229 1912 336 1946 rund.
363 1908 662 1944 substantivisch.
699 1908 842 1951 Zumpt·
870 1907 897 1949 §.
916 1905 994 1939 655.
1033 1905 1183 1939 Ramsh.
1211 1906 1241 1948 §.
1259 1906 1347 1948 169,
1369 1906 1402 1944 4,
1425 1905 1458 1938 b.
1495 1905 1639 1941 Grotef.
1663 1907 1692 1950 ξ.

225 1960 306 1993 317.
329 1977 372 1982 -
403 1956 484 1990 cari
508 1955 650 1999 (Lamb.
669 1954 778 1994 clari)
805 1953 939 1996 gehort
965 1962 1010 1984 zu
1036 1952 1133 1995 apud
1157 1951 1225 1985 civ.
1252 1951 1289 1984 in
1315 1962 1397 1984 mea
1421 1952 1628 1995 provincia.
1646 1972 1693 1979 -—

227 2004 352 2047 officia
377 2007 447 2046 atq.
469 2006 590 2046 part„
617 2002 701 2034 dass
726 1999 788 2032 ich
814 1998 874 2032 die
892 1997 1003 2032 Rolle
1027 1997 1125 2030 mich
1148 1997 1207 2030 fur
1223 1996 1348 2030 Deiue
1367 1997 1471 2031 Ehre
1494 2009 1529 2031 u.
1547 1999 1693 2033 wurde

226 2060 273 2084 zu
298 2049 524 2083 verwenden
549 2046 797 2082 iibernehmen
823 2044 961 2078 werde.
1012 2043 1108 2077 Eine
1132 2042 1370 2088 Hendiadys!
1409 2043 1542 2077 Cicero
1567 2046 1692 2088 ahnte‚

226 2097 310 2130 dass
335 2096 483 2140 Appius
508 2095 609 2128 nicht
635 2103 704 2126 nur
735 2091 864 2125 wiirde
887 2090 959 2124 frei
984 2090 1240 2134 gesprochen‚
1273 2089 1435 2122 sondern
1467 2090 1562 2123 auch
1594 2091 1691 2124 noch

226 2153 309 2177 zum
335 2143 477 2175 Censor
502 2141 560 2174 fiir
585 2140 649 2173 das
676 2138 850 2181 folgende
874 2137 962 2170 Iahr
988 2135 1146 2169 erwahlt
1170 2135 1333 2168 werden.
1377 2135 1445 2168 Als
1463 2136 1606 2169 Censor
1631 2148 1693 2170 er-

224 2189 329 2223 warb
361 2198 402 2221 er
434 2187 513 2221 sich
543 2185 679 2220 iedoch
709 2184 780 2218 den
805 2183 944 2217 Beifall
976 2193 1129 2215 unseres
1155 2182 1304 2215 Marcus
1337 2191 1404 2223 gar
1429 2180 1542 2215 nicht.
1576 2181 1616 2217 S.
1643 2182 1692 2217 de

224 2235 391 2270 Divinat.
408 2235 446 2276 1,
466 2234 520 2267 16.
557 2232 704 2276 Appius
728 2231 835 2263 nahm
861 2229 940 2263 sich
965 2228 1090 2262 indess
1115 2228 1279 2260 nachher
1304 2226 1369 2260 des
1386 2226 1519 2260 Cicero
1544 2228 1692 2262 wieder
1756 2250 1758 2252 v

224 2292 296 2323 an,
335 2281 390 2314 als
428 2291 468 2313 er
505 2290 566 2312 um
606 2278 668 2311 die
706 2277 808 2310 Ehre
847 2276 952 2309 einer
990 2273 1217 2318 supplicatio
1257 2273 1495 2307 nachsuchte.
1551 2273 1591 2309 S.
1626 2285 1687 2320 ep.

223 2325 484 2363 CCLXXVH.
502 2344 547 2350 —
586 2324 700 2366 cogit.
726 2327 807 2356 tuas
830 2334 876 2355 Ξ
899 2320 1022 2355 Deine
1044 2320 1329 2362 Erwartungen.

313 2385 346 2418 2.
375 2384 416 2418 Q.
442 2381 622 2416 Servilius
646 2379 785 2424 Caepio
812 2379 872 2413 ein
897 2382 1106 2412 vertrauter
1129 2376 1282 2410 Freund
1308 2387 1340 2410 u.
1363 2376 1688 2421 Geschiiftstrfiger

222 2429 288 2464 des
320 2429 478 2474 Appius.
517 2427 555 2462 S.
584 2438 643 2471 ep.
665 2427 861 2467 CCLXV,
879 2427 911 2458 1.
929 2442 971 2448 —
1010 2434 1117 2467 quum
1148 2423 1331 2465 rogabar,
1365 2433 1474 2455 wann
1499 2424 1563 2457 Du
1587 2423 1686 2459 mich

221 2476 319 2511 noch
352 2476 471 2509 bitten
501 2473 657 2507 solltest.
682 2492 726 2497 —-
767 2476 904 2515 tempus
932 2469 1093 2514 periculi
1125 2468 1180 2502 tui
1212 2479 1261 2501 ex
1291 2469 1536 2503 accusatione.
1573 2470 1682 2503 SOH.
1748 2480 1750 2502 ψ

223 2522 314 2566 „ein
335 2522 503 2556 Anlass.’'
518 2538 561 2545 —
596 2519 731 2553 accidit
754 2518 827 2551 tale
854 2524 1009 2560 tempus.
1025 2534 1070 2540 —
1101 2516 1182 2548 erit.
1211 2514 1330 2549 Codd.
1347 2514 1432 2556 aliq.
1459 2515 1571 2557 fuerit
1594 2526 1684 2548 con-
1746 2540 1747 2552 ³

223 2574 281 2602 tra
305 2569 382 2603 Md.
410 2574 446 2601 et
469 2566 549 2601 Cic.
583 2576 687 2599 usum
719 2564 758 2597 in
790 2565 863 2597 hoc
893 2562 1018 2595 futuro
1052 2568 1183 2594 exacto
1215 2560 1378 2605 passivo.
1407 2561 1602 2594 ORELLI.
1639 2560 1680 2596 S.
1744 2581 1747 2588 ›

221 2615 371 2650 Ramsh.
397 2615 425 2656 §.
450 2613 530 2655 164,
549 2612 621 2654 ΙΙΙ,
644 2613 675 2644 1.
712 2610 884 2652 „wofern
910 2608 970 2641 ich
995 2608 1066 2640 mir
1092 2607 1153 2641 die
1178 2606 1370 2651 geriugste
1394 2606 1682 2642 Vernachliissi-

220 2672 322 2705 gung
344 2659 471 2695 werde
503 2669 548 2692 zu
574 2656 764 2692 Schulden
794 2655 966 2689 kommen
997 2654 1129 2705 lasseln.
1156 2672 1201 2704 —7
1237 2651 1465 2686 commissum
1489 2677 1519 2685 ..
1536 2677 1549 2703 ·.
1571 2653 1681 2704 confi-
1742 2662 1752 2670 *-

220 2708 333 2749 rebor,
360 2706 476 2740 werd'
503 2705 562 2737 ich
587 2705 665 2737 laut
679 2702 888 2744 bekennen,
913 2700 997 2735 eine
1021 2698 1263 2735 schandliche
1287 2698 1360 2732 und
1378 2698 1682 2732 unverzeihhche
1740 2711 1742 2713 ¹

219 2753 317 2788 That
341 2763 387 2787 an
411 2751 485 2786 Dir
508 2750 642 2785 vei-iibt
667 2759 714 2785 zu
738 2747 869 2782 haben.
