1795 3043
214 77 317 126 260
484 71 551 119 Μ.
585 71 641 117 Τ.
679 70 1022 119 CICERONIS
1058 70 1435 120 EPISTOLAE.

166 195 194 235 4
217 197 332 236 esse,
376 184 488 236 quod
526 185 569 224 et
606 183 741 225 bonus
779 184 884 226 civis
924 185 967 225 et
1006 184 1140 225 bonus
1179 185 1340 225 amicus
1380 197 1437 225 οε.
1502 183 1592 239 Ego
1624 184 1678 226 de

212 242 438 296 provincia
476 241 683 281 decedens
720 244 984 293 quaestorem
1015 241 1202 282 Caelium
1246 241 1470 294 praeposui
1508 243 1678 294 provin-

215 301 324 342 ciac.
373 298 661 347 „Puerumt”
702 299 882 350 inquies.
958 299 1014 339 At
1054 301 1343 350 quaestorem3
1396 300 1440 339 at
1488 298 1676 339 nobilem

215 357 548 404 adolescentem3
591 356 634 395 at
669 350 853 396 ninnium
894 358 982 396 fere
1018 357 1228 409 exemplo:
1270 368 1407 406 neque
1438 357 1529 397 erat
1556 368 1678 408 supe-

214 414 331 454 riore
371 413 532 452 honore
569 425 693 460 usus,
741 425 863 464 quem
900 412 1189 465 praeficerem.
1258 413 1503 465 Pomptinus
1542 414 1677 453 multo

214 472 315 511 ante
331 469 603 519 discesserat,
633 483 658 510 a
675 471 828 517 Quinto
849 471 979 510 fratre
999 470 1215 521 impetrari
1236 482 1319 510 non
1339 471 1527 521 poteram
1551 481 1678 522 quem

215 529 358 568 tamen
388 527 423 567 si
459 526 746 578 reliquissem,
784 528 978 567 dicerent
1016 527 1151 579 iniqui
1191 540 1273 567 non
1313 539 1380 567 me
1417 528 1543 579 plane
1581 527 1678 579 post
1743 542 1745 545 ’

215 597 397 632 annum,
428 585 474 623 ut
502 585 671 623 senatus
699 584 914 635 voluisset,
943 585 993 624 de
1023 585 1244 635 provincia
1273 585 1514 631 decessisse,
1546 596 1677 635 quon-

215 642 301 682 iam
340 642 521 682 alterum
556 653 622 680 me
651 640 931 691 reliquissem.
1006 641 1201 682 Fortasse
1241 642 1369 681 etiam
1406 641 1513 681 illud
1555 640 1679 681 adde-

216 700 335 747 rent,
378 699 568 739 senatum
607 709 678 736 eos
715 698 898 737 voluisse
936 698 1164 750 provinciis
1192 711 1408 751 praeesse,
1448 697 1524 749 qui
1554 699 1679 738 antea

216 768 301 796 non
331 754 633 808 praefuissent3
663 755 838 794 fratrem
867 766 1004 794 mcum
1035 756 1261 796 triennium
1278 756 1404 796 Asiae
1432 755 1679 807 praefuisse.

216 812 410 863 Denique
439 823 553 851 nunc
591 811 799 851 sollicitus
834 823 917 851 non
956 824 1068 853 sum:
1109 814 1147 852 si·
1183 815 1356 853 fratrem
1396 812 1678 864 reliquissem,

216 870 358 910 omnia
386 868 592 909 timerem.
639 868 858 908 Postremo
890 881 973 908 uon
1004 871 1088 909 tam
1120 883 1212 909 mea
1242 872 1410 921 sponte,
1451 881 1576 921 quam
1603 880 1679 921 po-

214 925 544 967 tentissimorum
582 924 760 966 duorum
798 927 1012 978 exemplo,
1056 928 1131 977 qui
1168 939 1313 966 omnes
1354 927 1520 966 Cassios
1547 924 1679 966 Anto-

215 984 394 1035 niosque
415 982 626 1034 complexi
646 985 757 1030 sunt,
788 983 998 1023 homiuem
1024 983 1331 1024 adolescentem
1360 995 1444 1023 non
1473 984 1560 1023 tam
1587 982 1679 1023 alli-

217 1053 315 1082 cere
344 1040 474 1089 volui‚
505 1052 631 1091 quam
660 1040 845 1080 alienare
876 1040 1006 1080 nolui.
1055 1041 1147 1082 Hoc
1190 1043 1236 1082 tu
1273 1053 1413 1081 meum
1453 1039 1678 1081 consilium

165 1097 194 1139 5
215 1097 362 1139 laudes
390 1109 563 1138 necesse
591 1098 672 1137 est:
704 1097 859 1137 mutari
886 1098 996 1138 enim
1023 1110 1107 1138 non
1138 1099 1289 1150 potest.
1348 1098 1412 1137 De
1436 1098 1585 1138 Ocella
1607 1110 1678 1149 pa·

212 1167 309 1195 rum
339 1154 391 1195 ad
422 1167 488 1194 me
517 1155 642 1206 plane
672 1156 901 1207 scripseras
933 1157 974 1193 et
1003 1154 1046 1194 in
1076 1156 1183 1195 actis
1202 1167 1285 1195 non
1310 1156 1415 1196 erat.
1472 1155 1589 1194 Tuae
1609 1166 1677 1194 res

213 1213 356 1265 gestae
386 1212 446 1252 ita
475 1213 599 1251 notae
629 1213 749 1259 sunt,
792 1214 839 1251 ut
877 1213 993 1251 trans
1031 1214 1211 1252 montem
1241 1213 1426 1253 Taurum
1467 1211 1594 1251 etiam
1624 1210 1676 1250 de

213 1268 417 1311 Matrinio
445 1269 500 1307 sit
530 1268 731 1309 auditum.
790 1268 893 1321 Ego,
926 1268 1009 1307 nisi
1037 1269 1138 1318 quid
1166 1281 1232 1309 me
1257 1269 1425 1308 Etesiae
1453 1268 1676 1309 morabun-

213 1328 305 1377 tur,
342 1325 561 1373 celeriter,
594 1326 641 1364 ut
668 1337 816 1377 spero,
858 1336 933 1366 vos
960 1324 1125 1365 videbo.

302 1449 336 1482 4.
365 1449 530 1482 Caelium
555 1449 722 1484 Caldum.
750 1448 788 1483 S.
810 1459 868 1492 ep.
891 1448 1072 1483 CCLXII.
1098 1447 1306 1492 CCLXIV,
1323 1448 1355 1482 2.
1383 1447 1630 1491 CCLXVHI,
1644 1449 1674 1483 1.
1724 1480 1731 1487 ,

212 1494 430 1538 CCLXIX,
451 1497 484 1530 3.
521 1495 772 1538 CCLXXVI,
792 1496 825 1529 3.
846 1514 891 1519 —
932 1499 970 1527 at
1000 1505 1093 1528 omn.
1125 1496 1202 1536 fere
1232 1495 1392 1539 exemplo
1417 1506 1464 1528 =
1487 1495 1547 1529 ich
1573 1495 1675 1537 thue,

211 1541 304 1574 Was
328 1541 481 1575 Andere
505 1542 600 1575 auch
625 1542 758 1585 gethan
786 1541 916 1574 haben.
938 1559 982 1564 —
1022 1551 1126 1583 usus,
1166 1541 1233 1574 der
1265 1540 1340 1575 ihm
1372 1552 1418 1574 an
1449 1541 1557 1586 Rang
1588 1551 1674 1574 vor-

211 1586 313 1630 ging.
346 1587 442 1620 ullus
467 1587 505 1621 in
531 1587 608 1622 Md.
633 1598 820 1632 superscr.
846 1597 880 1619 v.
907 1597 1003 1620 usu-9.
1036 1588 1168 1630 Margo
1189 1588 1285 1621 1584.
1313 1588 1539 1631 Marc-Lag.
1570 1598 1674 1631 supe-

211 1633 294 1666 rior
318 1632 452 1667 honore
476 1633 585 1671 ullus,
612 1640 651 1667 ut
669 1634 747 1667 fere
771 1634 839 1676 Ep.
857 1634 912 1673 18,
938 1634 967 1676 §.
984 1633 1023 1666 2:
1051 1632 1158 1666 habes
1182 1634 1359 1666 neminem
1379 1633 1528 1667 honoris
1549 1635 1674 1676 gradu

208 1679 1160 1770 {¹53ss‘'r-‘³²⁷²'123fflf133‘a130fi'1'm532m511ff-eggssffi'
1181 1678 1672 1760 ῗι·ιρῑρ·3ῗιὲ“ξςῗιῖἠῗωὲἒ

208 1772 401 1816 auslegen.
429 1791 469 1798 --
518 1773 673 1816 alterum
703 1783 777 1814 me,
822 1772 919 1805 mein
951 1771 1110 1805 anderes
1142 1772 1221 1805 lch.
1248 1790 1290 1795 —
1336 1776 1473 1815 potent.
1504 1774 1670 1805 duorum.

208 1818 271 1851 Ex
297 1829 355 1862 ep.
373 1819 441 1852 276
475 1817 699 1862 intelligitur
736 1816 938 1862 significari
971 1817 1211 1862 Pompeium,
1250 1817 1312 1861 qui
1345 1818 1389 1853 Q.
1416 1818 1599 1861 Cassium,
1633 1825 1670 1852 et

209 1864 427 1905 Caesarem,
460 1864 524 1908 qui
550 1865 753 1898 Antonium
785 1864 865 1897 sine
896 1869 999 1897 sorte
1033 1863 1237 1907 delegerat.
1270 1863 1377 1898 SCH.
1404 1883 1449 1889 ——
1491 1864 1674 1910 complexi

207 1914 309 1952 sunt,
335 1910 371 1943 in
398 1910 481 1944 ihr-e
504 1912 620 1944 Arme
644 1911 885 1955 geschlossen
911 1910 1050 1953 haben,
1076 1911 1187 1943 ihnen
1212 1910 1419 1945 liebkosen.
1466 1911 1669 1956 Pompeius

207 1955 309 1989 h'atte
339 1955 419 1989 sich
450 1956 681 2000 wenigstens
714 1968 771 1991 um
806 1957 867 1990 die
901 1955 1039 2000 inngen
1064 1955 1276 1999 Wiistlinge
1302 1956 1405 1990 nicht
1430 1958 1669 1991 bekiimmern

208 2002 349 2036 sollen!
369 2021 412 2026 —
438 2001 618 2037 hominem
634 2004 731 2037 adol.
757 2014 825 2048 pro
853 2014 925 2046 quo
952 2002 1108 2036 nobilem
1127 2003 1222 2036 adol.
1242 2003 1346 2046 quasi
1367 2014 1387 2036 e
1402 2003 1555 2038 Graevii
1575 2003 1665 2038 Var.

207 2047 341 2091 Lectt.,
371 2047 436 2082 ubi
467 2059 542 2082 non
574 2055 651 2092 est,
689 2049 754 2083 sed
779 2049 972 2094 probabili
997 2050 1154 2083 coniect.
1179 2049 1268 2083 Ern.
1295 2048 1381 2083 Sch.
1406 2050 1502 2083 Liin.
1530 2050 1603 2083 OR.
1621 2050 1679 2075 —'

207 2093 388 2135 alienare,
422 2105 495 2128 von
521 2095 591 2129 mir
614 2096 828 2141 abspiinstig
853 2097 1014 2130 macheu.

296 2141 332 2174 5.
363 2141 419 2174 De
445 2142 578 2175 Ocella.
613 2141 651 2176 S.
680 2153 739 2186 ep.
759 2142 1023 2177 CCXLIII.—-
1058 2144 1140 2174 acta
1162 2151 1208 2173 =
1234 2139 1516 2174 commentarius
1541 2152 1665 2175 rerum

206 2185 446 2229 urbanarum,
476 2188 576 2221 Dein
602 2188 833 2231 Denkbuch‚
860 2200 917 2233 ep.
937 2187 1165 2225 CCLXVH,
1187 2187 1220 2220 4.
1245 2193 1349 2220 sonst
1374 2186 1663 2231 Staatszeitung.

205 2232 238 2267 I.
263 2233 367 2278 Lips.
395 2233 489 2267 Exc.
517 2234 564 2267 ad
591 2234 710 2270 Tacit.
735 2235 931 2277 Annal.V‚
949 2235 981 2268 4.
998 2252 1042 2258 -
1076 2233 1173 2266 Tuae
1198 2243 1256 2265 res
1279 2236 1403 2275 gestae
1429 2233 1593 2267 erinnert
1617 2244 1664 2267 an

204 2278 398 2313 Horazens
427 2280 513 2323 (III,
529 2280 586 2323 26,
603 2281 652 2322 2.)
686 2281 780 2316 Vixi
810 2281 949 2325 puellis
980 2290 1099 2324 nuper
1132 2278 1289 2313 idoneus
1314 2290 1378 2313 nec
1401 2280 1562 2313 militavi
1585 2280 1663 2313 sine

202 2325 345 2366 gloria.
395 2325 575 2361 Quoniam
600 2326 691 2360 haec
716 2328 888 2371 proxime
912 2337 992 2360 cum
1012 2326 1070 2359 his
1088 2324 1377 2368 coniunguntur,
1403 2337 1498 2369 quae
1514 2326 1664 2361 Caelius

203 2371 252 2405 de
278 2371 408 2406 Ocella
432 2373 652 2416 scripserat,
686 2373 819 2407 Cicero
845 2373 972 2407 iocose
997 2371 1116 2406 Caelii
1148 2382 1293 2405 amores
1317 2371 1466 2406 videtur
1489 2378 1661 2416 tangere:

203 2423 242 2450 et
265 2417 424 2452 sortasse
449 2419 498 2453 M.
514 2418 676 2452 Atratini
701 2430 854 2453 uxorem
881 2419 928 2453 ad
952 2428 1113 2452 amorem
1137 2418 1359 2462 pellexerat.
1397 2419 1440 2451 de
1463 2418 1660 2453 Matrinio.

204 2462 270 2498 Sic
301 2464 378 2498 Md.
414 2464 515 2501 Vict.
534 2466 566 2498 l.
582 2465 614 2498 2.
646 2464 773 2500 Lamb.
805 2466 938 2500 Graev.
972 2464 1064 2498 Ern.
1089 2464 1227 2497 Bened.
1264 2465 1306 2497 de
1330 2465 1385 2499 M.
1411 2465 1586 2498 Atratino
1613 2476 1662 2498 ex

202 2509 399 2554 Rutgersii
434 2509 532 2544 coni.
564 2511 788 2554 Mart.-Lag.
823 2511 909 2546 Sch.
942 2511 1052 2544 Liin.2
1075 2510 1117 2542 de
1149 2511 1386 2544 matrimonio
1411 2511 1507 2544 Cdd.
1533 2511 1658 2553 Regii.

203 2556 321 2600 Neap.
346 2558 432 2591 Asc.
453 2558 484 2591 1.
514 2556 600 2591 Ald.
625 2557 720 2591 Lall.
759 2557 953 2591 ORELLI.
995 2556 1201 2591 Matrinius
1231 2557 1355 2591 scriba
1386 2556 1573 2591 aedilitios
1606 2559 1658 2592 M.

205 2602 346 2645 Caelii,
380 2602 549 2639 diversus
574 2613 595 2637 a
618 2603 664 2638 D.
689 2604 897 2646 Matrinio,
922 2602 1046 2637 scriba
1070 2601 1239 2636 aedilitio
1266 2603 1429 2636 eiusdem
1456 2602 1594 2648 Caelii,
1621 2611 1660 2638 ut

205 2648 302 2684 ratio
328 2649 504 2695 temporis
527 2649 639 2685 facile
664 2649 786 2685 docet.
822 2649 911 2686 Vid.
937 2655 1032 2684 orat.
1059 2649 1204 2683 Cluent.
1230 2660 1261 2683 c.
1280 2650 1334 2683 45.
1362 2646 1476 2683 ERN.
