1795 3043
226 83 327 132 326
477 76 546 126 M.
585 77 642 125 T.
678 75 1023 124 CICERONIS
1055 73 1433 123 EPISTOLAE.

227 203 313 233 non
341 189 469 244 legis,
506 189 579 231 sed
606 187 799 230 libidinis
833 191 955 232 tuae·
987 190 1056 231 fac
1083 189 1248 239 tamen,
1286 186 1406 241 legis.
1464 185 1524 228 Ut
1551 196 1696 228 succe-

228 248 367 295 datur,
393 246 661 289 decernitur:
690 246 868 299 impedis
890 249 934 289 et
948 247 1025 295 ais,
1056 245 1180 286 Habe
1197 257 1280 286 mei
1294 244 1515 286 rationem
1572 242 1698 284 Habe

228 307 274 346 tu
303 308 507 347 nostrum.
575 304 823 346 Exercitum
858 308 905 346 tu
945 304 1101 345 habeas
1129 302 1310 351 diutius,
1359 313 1486 353 quam
1513 301 1698 353 populus

227 361 372 415 iussit,
416 361 550 403 invito
599 362 776 405 senatu?
845 362 1070 414 Depugnes
1115 361 1304 413 oportet,
1352 358 1436 399 nisi
1484 357 1697 400 concedis.

230 419 336 460 Cum
364 418 476 460 bona
506 418 676 471 quidem
706 431 803 472 spe,
844 421 892 460 ut
932 419 992 459 ait
1028 418 1162 467 idem,
1199 417 1268 458 vel
1308 415 1508 457 vincendi
1543 416 1614 457 vel
1651 413 1698 454 in

228 475 427 517 libertate
468 475 690 518 moriendi.
756 477 847 517 Iam
886 476 922 517 si
960 475 1230 529 pugnandum
1259 473 1342 514 est:
1385 485 1470 525 quo
1495 474 1699 525 tempore,

232 533 278 574 in
309 546 432 584 casu,
462 546 544 587 quo
576 533 778 581 consilio,
808 534 853 574 in
884 532 1144 586 temporibus
1174 532 1303 573 situm
1333 530 1627 580 est.1taque
1655 529 1701 568 te

231 590 277 631 in
307 603 359 631 ea
388 593 634 643 quaestione
662 603 747 631 non
778 602 972 632 exerceo.
1029 588 1097 630 Ad
1126 602 1201 638 ea,
1233 600 1343 641 quae
1374 587 1485 637 dixi,
1515 584 1635 636 affer,
1663 583 1701 626 si

232 646 334 699 quid
361 648 516 698 habes3
555 648 748 700 equidem
777 647 868 688 dies
893 648 1125 700 noctesque
1151 648 1369 699 torqueor.

231 767 301 802 bus
328 767 500 802 Caesaris
523 766 620 802 ratio
644 767 810 802 absentis
846 775 886 803 et
916 767 1123 803 exercitum
1156 768 1353 804 retinentis
1389 774 1489 803 esset
1518 766 1703 811 habenda,

233 813 386 849 illorum
411 813 646 848 comitiorum
670 820 860 859 tempore,
892 825 987 859 quae
1017 814 1151 851 Cicero
1186 815 1247 850 hic
1278 814 1508 868 cogitatione
1531 819 1704 859 occupat,

234 859 365 904 utique
389 860 541 895 Caesari
566 859 704 904 aliquis
729 860 856 896 dicere
880 869 1044 906 poterat·
1070 861 1218 896 tenuisti
1243 867 1337 899 cet.
1363 860 1509 895 etiamsi
1538 860 1705 895 decimus

235 917 352 941 annus
377 906 539 940 nondum
564 912 664 941 esset
683 906 822 942 finitus,
871 908 976 944 Quae
1000 908 1033 943 si
1067 913 1304 953 reputemus,
1340 906 1435 941 nihil
1466 918 1619 942 necesse
1649 911 1706 941 est

235 953 331 987 hanc
356 953 568 998 epistolam,
595 964 691 1006 quae
714 953 852 999 scripta
877 960 934 988 est
957 964 1054 988 anno
1080 955 1147 989 704
1170 958 1344 996 exeunte,
1368 964 1450 987 cum
1474 953 1642 988 Manutio
1666 952 1706 987 in

237 999 325 1034 anni
349 1000 540 1042 sequentis
566 1000 645 1034 705.
672 999 818 1034 initium
843 1001 1023 1044 reiicere3
1060 1011 1128 1035 nec
1152 1011 1196 1035 ea
1220 1011 1262 1034 re
1287 998 1485 1043 quicquam
1510 1000 1709 1054 proficitur

237 1045 285 1080 ad
309 1046 626 1090 computationem
651 1046 803 1080 illorum
828 1047 956 1081 decem
980 1058 1181 1091 annorum,
1215 1057 1286 1091 per
1311 1056 1405 1090 quos
1430 1045 1629 1090 imperium
1653 1052 1710 1080 te-

239 1092 367 1127 nuisse
393 1093 531 1127 Caesar
555 1092 704 1126 dicitur.
753 1093 862 1128 SCH.
882 1113 927 1119 —-
979 1094 1082 1128 libid.
1114 1098 1217 1136 tuae,
1253 1093 1384 1126 deines
1414 1092 1630 1127 Beliebens.
1664 1111 1709 1118 —

240 1139 312 1182 fac.
340 1142 480 1181 tamen,
506 1139 615 1182 Iegis,
637 1139 748 1178 doch,
775 1140 850 1174 lass
875 1150 916 1174 es
940 1139 1135 1174 immerhin
1161 1139 1223 1173 ein
1249 1139 1386 1173 Gesetz
1408 1138 1571 1182 heissen,
1599 1138 1712 1174 deine

241 1184 365 1220 Sache
388 1184 482 1218 wird
509 1185 674 1218 dadurch
698 1185 801 1219 nicht
835 1186 975 1220 besser.
1034 1187 1120 1221 Man
1153 1185 1330 1220 bemerke
1360 1184 1445 1218 hier
1477 1185 1539 1219 die
1569 1185 1712 1230 Figura

241 1230 482 1277 Apostrophe.
532 1231 572 1266 S.
601 1231 778 1266 Quinctil.
796 1232 869 1275 IX,
895 1232 927 1266 2.
943 1234 976 1267 3.
1001 1251 1046 1257 —
1091 1231 1140 1267 Ut
1161 1232 1376 1265 succedatur
1393 1230 1476 1274 tibi,
1503 1232 1713 1266 decernitur

241 1288 264 1312 a
283 1283 426 1317 senatu,
447 1277 517 1310 der
534 1276 649 1311 Senat
672 1277 905 1317 beschliesst‚
930 1277 1004 1312 Dir
1025 1281 1132 1312 einen
1147 1277 1379 1321 Nachfolger
1400 1287 1479 1311 zus
1464 1256 1653 1312 ἑεὶιὶεΙςειι.
1667 1297 1713 1304 -

243 1323 407 1357 nostram
432 1322 513 1357 scil.
538 1323 742 1366 rationem,
777 1323 889 1357 nimm
915 1323 963 1357 du
988 1323 1195 1358 Riicksicht
1226 1323 1291 1356 auf
1318 1333 1401 1357 uns.
1428 1341 1470 1348 —
1517 1324 1714 1368 Depugnes

244 1373 403 1415 oportet,
428 1369 600 1414 Pompei,
623 1369 762 1404 Caesar
786 1369 850 1404 ait.
874 1389 920 1395 —
966 1381 1028 1414 spe
1051 1369 1131 1405 scil.
1157 1369 1374 1415 depugnare
1397 1369 1582 1405 volumus.
1599 1389 1642 1395 —
1673 1374 1715 1405 ut

245 1418 300 1452 ait
322 1416 438 1459 idem,
474 1415 693 1461 Pompeius.
717 1427 763 1452 =
786 1417 887 1459 Iam,
910 1427 985 1450 nun
1011 1417 1113 1451 aber.
1142 1435 1182 1442 -
1231 1426 1300 1461 quo
1313 1415 1481 1455 consilio,
1506 1417 1600 1450 nach
1623 1417 1715 1452 wel-

245 1464 350 1498 chem
383 1463 510 1498 Plane.
536 1482 582 1488 —
627 1473 775 1496 exerceo
799 1474 846 1496 =
869 1462 929 1496 ich
962 1463 1166 1507 behellige.
1198 1462 1286 1498 Asc.
1304 1464 1335 1497 1.
1370 1462 1578 1505 elegantius
1611 1474 1716 1497 exer-

246 1520 366 1545 cuero.
382 1528 426 1534 -—
474 1510 578 1552 affer,
603 1519 645 1543 so
662 1509 775 1554 bring
797 1519 838 1543 es
853 1509 927 1552 bei,
951 1509 1026 1543 lass
1044 1520 1084 1544 es
1101 1510 1232 1543 horen.
1248 1527 1290 1533 —
1331 1512 1511 1553 torqueor.
1538 1509 1662 1544 Oxon.
1680 1511 1712 1545 2.

246 1555 471 1590 vehementer
495 1560 677 1600 torqueor.
736 1557 826 1592 Von
859 1555 957 1589 allen
995 1556 1066 1590 den
1090 1554 1370 1598 Alternativen,
1407 1554 1470 1589 die
1503 1554 1639 1589 Cicero
1674 1556 1714 1590 in

247 1602 391 1637 diesem
413 1601 542 1636 Briefe
567 1601 749 1645 aufziihlt‚
790 1612 871 1636 war
901 1601 1005 1636 nicht
1035 1602 1140 1636 mehr
1170 1601 1233 1635 die
1256 1601 1377 1635 Rede.
1434 1601 1550 1636 casar
1581 1602 1715 1637 wollte

247 1649 390 1693 vollige
415 1648 718 1693 Gleichstellung
740 1647 808 1682 mit
830 1648 1054 1693 Pompeius;
1079 1647 1205 1682 dieser
1219 1647 1350 1681 wollte
1365 1657 1431 1681 aus
1448 1647 1629 1690 Klugheit
1649 1647 1716 1683 das
1740 1667 1746 1672 ι

248 1695 362 1732 nicht.
420 1696 512 1731 Was
536 1695 640 1729 blieb
663 1704 710 1729 zu
735 1695 850 1730 thun't
895 1694 977 1729 Der
1002 1694 1117 1729 Senat
1140 1698 1279 1730 musste
1302 1693 1414 1727 beide
1438 1703 1507 1727 zur
1530 1693 1717 1739 Legalitiit

248 1741 436 1825 avringen.
495 1742 605 1778 Dazu
630 1741 721 1778 aber
744 1751 823 1778 war
847 1751 888 1777 er
911 1750 958 1776 zu
982 1740 1168 1776 schwach.
1224 1740 1316 1777 Was
1342 1739 1444 1775 blieb
1478 1750 1553 1775 nun
1583 1740 1717 1785 ubrig‘t

289 1799 383 1834 neg.
