<?xml version="1.0" encoding="UTF-8"?>
<!DOCTYPE html PUBLIC "-//W3C//DTD XHTML 1.0 Transitional//EN"
    "http://www.w3.org/TR/xhtml1/DTD/xhtml1-transitional.dtd">
<html xmlns="http://www.w3.org/1999/xhtml" xml:lang="en" lang="en">
 <head>
  <title>
</title>
<meta http-equiv="Content-Type" content="text/html;charset=utf-8" />
  <meta name='ocr-system' content='tesseract 3.04.00' />
  <meta name='ocr-capabilities' content='ocr_page ocr_carea ocr_par ocr_line ocrx_word'/>
</head>
<body>
  <div class='ocr_page' id='page_1' title='image "./epistolaeadattic02ciceuoft_0337.png"; bbox 0 0 1795 3043; ppageno 0'>
   <div class='ocr_carea' id='block_1_1' title="bbox 0 135 5 795">
    <p class='ocr_par' dir='ltr' id='par_1_1' title="bbox 0 135 5 795">
     <span class='ocr_line' id='line_1_1' title="bbox 0 135 5 795; baseline 0 0"><span class='ocrx_word' id='word_1_1' title='bbox 0 135 5 795; x_wconf 95' lang='lat' dir='ltr'> </span> 
     </span>
    </p>
   </div>
   <div class='ocr_carea' id='block_1_2' title="bbox 0 135 6 964">
    <p class='ocr_par' dir='ltr' id='par_1_2' title="bbox 0 135 6 964">
     <span class='ocr_line' id='line_1_2' title="bbox 0 135 6 964; baseline 0 0"><span class='ocrx_word' id='word_1_2' title='bbox 0 135 6 964; x_wconf 95' lang='lat' dir='ltr'> </span> 
     </span>
    </p>
   </div>
   <div class='ocr_carea' id='block_1_3' title="bbox 345 101 1359 162">
    <p class='ocr_par' dir='ltr' id='par_1_3' title="bbox 345 101 1359 162">
     <span class='ocr_line' id='line_1_3' title="bbox 345 101 1359 162; baseline 0.002 -2"><span class='ocrx_word' id='word_1_3' title='bbox 345 104 418 160; x_wconf 87' lang='lat' dir='ltr'>M.</span> <span class='ocrx_word' id='word_1_4' title='bbox 498 104 561 160; x_wconf 85' lang='lat' dir='ltr'><strong>T.</strong></span> <span class='ocrx_word' id='word_1_5' title='bbox 643 101 1359 162; x_wconf 87' lang='lat' dir='ltr'>CICERONIS</span> 
     </span>
    </p>
   </div>
   <div class='ocr_carea' id='block_1_4' title="bbox 119 204 1584 297">
    <p class='ocr_par' dir='ltr' id='par_1_4' title="bbox 119 204 1584 297">
     <span class='ocr_line' id='line_1_4' title="bbox 119 204 1584 297; baseline 0.002 -6"><span class='ocrx_word' id='word_1_6' title='bbox 119 204 1584 297; x_wconf 77' lang='lat' dir='ltr'><strong>EPISTOLAE</strong></span> 
     </span>
    </p>
   </div>
   <div class='ocr_carea' id='block_1_5' title="bbox 118 342 1584 460">
    <p class='ocr_par' dir='ltr' id='par_1_5' title="bbox 118 342 1584 460">
     <span class='ocr_line' id='line_1_5' title="bbox 118 342 1584 399; baseline 0.003 -10"><span class='ocrx_word' id='word_1_7' title='bbox 118 343 200 389; x_wconf 86' lang='lat' dir='ltr'>AB</span> <span class='ocrx_word' id='word_1_8' title='bbox 234 344 433 391; x_wconf 89' lang='grc' dir='ltr'><strong>ΙΝΙΤΙΟ</strong></span> <span class='ocrx_word' id='word_1_9' title='bbox 468 343 657 389; x_wconf 88' lang='lat' dir='ltr'>BELLI</span> <span class='ocrx_word' id='word_1_10' title='bbox 679 342 907 389; x_wconf 89' lang='lat' dir='ltr'>CIVILIS</span> <span class='ocrx_word' id='word_1_11' title='bbox 930 343 1143 399; x_wconf 80' lang='lat' dir='ltr'><strong>USQUE</strong></span> <span class='ocrx_word' id='word_1_12' title='bbox 1178 347 1262 391; x_wconf 86' lang='lat' dir='ltr'>AD</span> <span class='ocrx_word' id='word_1_13' title='bbox 1289 346 1584 394; x_wconf 82' lang='lat' dir='ltr'><strong>REDITUM</strong></span> 
     </span>
     <span class='ocr_line' id='line_1_6' title="bbox 359 412 1338 460; baseline 0.002 -2"><span class='ocrx_word' id='word_1_14' title='bbox 359 412 524 458; x_wconf 89' lang='lat' dir='ltr'>POST</span> <span class='ocrx_word' id='word_1_15' title='bbox 567 412 838 458; x_wconf 88' lang='lat' dir='ltr'><strong>PUGNAM</strong></span> <span class='ocrx_word' id='word_1_16' title='bbox 885 413 1338 460; x_wconf 85' lang='lat' dir='ltr'><strong>PHARSALICAM</strong></span> 
     </span>
    </p>
   </div>
   <div class='ocr_carea' id='block_1_6' title="bbox 492 499 1206 615">
    <p class='ocr_par' dir='ltr' id='par_1_6' title="bbox 492 499 1206 615">
     <span class='ocr_line' id='line_1_7' title="bbox 492 499 1206 545; baseline 0.004 -4"><span class='ocrx_word' id='word_1_17' title='bbox 492 499 542 541; x_wconf 86' lang='lat' dir='ltr'><strong>A.</strong></span> <span class='ocrx_word' id='word_1_18' title='bbox 572 500 627 543; x_wconf 87' lang='lat' dir='ltr'>U.</span> <span class='ocrx_word' id='word_1_19' title='bbox 659 500 703 541; x_wconf 89' lang='lat' dir='ltr'>C.</span> <span class='ocrx_word' id='word_1_20' title='bbox 732 500 891 543; x_wconf 91' lang='lat' dir='ltr'>DCCV.</span> <span class='ocrx_word' id='word_1_21' title='bbox 922 501 996 543; x_wconf 88' lang='lat' dir='ltr'>ET</span> <span class='ocrx_word' id='word_1_22' title='bbox 1026 501 1206 545; x_wconf 87' lang='lat' dir='ltr'>DCCVI.</span> 
     </span>
     <span class='ocr_line' id='line_1_8' title="bbox 638 576 1073 615; baseline 0 -2"><span class='ocrx_word' id='word_1_23' title='bbox 638 576 666 613; x_wconf 92' lang='lat' dir='ltr'>S</span> <span class='ocrx_word' id='word_1_24' title='bbox 692 578 722 613; x_wconf 86' lang='lat' dir='ltr'>C</span> <span class='ocrx_word' id='word_1_25' title='bbox 746 578 783 614; x_wconf 90' lang='lat' dir='ltr'><strong>R</strong></span> <span class='ocrx_word' id='word_1_26' title='bbox 806 578 825 613; x_wconf 94' lang='lat'>1</span> <span class='ocrx_word' id='word_1_27' title='bbox 849 579 883 614; x_wconf 94' lang='lat' dir='ltr'><strong>P</strong></span> <span class='ocrx_word' id='word_1_28' title='bbox 911 579 944 614; x_wconf 92' lang='lat' dir='ltr'>T</span> <span class='ocrx_word' id='word_1_29' title='bbox 971 580 1004 615; x_wconf 89' lang='lat' dir='ltr'><strong>A</strong></span> <span class='ocrx_word' id='word_1_30' title='bbox 1028 579 1073 613; x_wconf 87' lang='grc' dir='ltr'>Ε.</span> 
     </span>
    </p>
   </div>
   <div class='ocr_carea' id='block_1_7' title="bbox 250 752 1445 874">
    <p class='ocr_par' dir='ltr' id='par_1_7' title="bbox 250 752 1445 874">
     <span class='ocr_line' id='line_1_9' title="bbox 300 752 1392 814; baseline 0.003 -16"><span class='ocrx_word' id='word_1_31' title='bbox 300 752 613 799; x_wconf 86' lang='lat' dir='ltr'><strong>EPISTOLA</strong></span> <span class='ocrx_word' id='word_1_32' title='bbox 649 753 808 799; x_wconf 88' lang='lat' dir='ltr'>CCCI.</span> <span class='ocrx_word' id='word_1_33' title='bbox 855 752 937 812; x_wconf 82' lang='lat' dir='ltr'>(ad</span> <span class='ocrx_word' id='word_1_34' title='bbox 971 752 1090 814; x_wconf 55' lang='lat' dir='ltr'>{Dim</span> <span class='ocrx_word' id='word_1_35' title='bbox 1127 754 1245 800; x_wconf 91' lang='lat' dir='ltr'><strong>XVI.</strong></span> <span class='ocrx_word' id='word_1_36' title='bbox 1283 755 1392 813; x_wconf 90' lang='lat'><strong>11.)</strong></span> 
     </span>
     <span class='ocr_line' id='line_1_10' title="bbox 250 828 1445 874; baseline 0.003 -11"><span class='ocrx_word' id='word_1_37' title='bbox 250 828 331 864; x_wconf 85' lang='lat' dir='ltr'>Ser.</span> <span class='ocrx_word' id='word_1_38' title='bbox 358 828 404 863; x_wconf 88' lang='lat' dir='ltr'>ad</span> <span class='ocrx_word' id='word_1_39' title='bbox 429 829 559 863; x_wconf 81' lang='lat' dir='ltr'>urbem</span> <span class='ocrx_word' id='word_1_40' title='bbox 583 828 682 874; x_wconf 87' lang='lat' dir='ltr'>prid.</span> <span class='ocrx_word' id='word_1_41' title='bbox 708 830 764 864; x_wconf 87' lang='lat' dir='ltr'>ld.</span> <span class='ocrx_word' id='word_1_42' title='bbox 792 829 869 864; x_wconf 83' lang='lat' dir='ltr'>Ian.</span> <span class='ocrx_word' id='word_1_43' title='bbox 903 830 948 864; x_wconf 82' lang='grc' dir='ltr'>Α.</span> <span class='ocrx_word' id='word_1_44' title='bbox 975 830 1020 865; x_wconf 86' lang='lat' dir='ltr'><strong>U.</strong></span> <span class='ocrx_word' id='word_1_45' title='bbox 1048 831 1089 865; x_wconf 88' lang='lat' dir='ltr'>c.</span> <span class='ocrx_word' id='word_1_46' title='bbox 1115 831 1192 866; x_wconf 86' lang='lat'><strong>705.</strong></span> <span class='ocrx_word' id='word_1_47' title='bbox 1227 833 1277 874; x_wconf 85' lang='lat' dir='ltr'>(a.</span> <span class='ocrx_word' id='word_1_48' title='bbox 1303 831 1344 866; x_wconf 87' lang='lat' dir='ltr'>o.</span> <span class='ocrx_word' id='word_1_49' title='bbox 1370 831 1445 873; x_wconf 80' lang='grc'><strong>49.)</strong></span> 
     </span>
    </p>
   </div>
   <div class='ocr_carea' id='block_1_8' title="bbox 112 897 1579 1036">
    <p class='ocr_par' dir='ltr' id='par_1_8' title="bbox 112 897 1579 1036">
     <span class='ocr_line' id='line_1_11' title="bbox 113 897 1579 942; baseline 0.001 -10"><span class='ocrx_word' id='word_1_50' title='bbox 113 898 250 942; x_wconf 84' lang='lat' dir='ltr'>Rogat,</span> <span class='ocrx_word' id='word_1_51' title='bbox 274 903 315 932; x_wconf 90' lang='lat' dir='ltr'>ut</span> <span class='ocrx_word' id='word_1_52' title='bbox 339 903 492 942; x_wconf 87' lang='lat' dir='ltr'>praeter</span> <span class='ocrx_word' id='word_1_53' title='bbox 515 897 766 932; x_wconf 80' lang='lat' dir='ltr'>valetudinem</span> <span class='ocrx_word' id='word_1_54' title='bbox 792 897 885 932; x_wconf 86' lang='lat' dir='ltr'>nihil</span> <span class='ocrx_word' id='word_1_55' title='bbox 912 904 1027 932; x_wconf 84' lang='lat' dir='ltr'>curet.</span> <span class='ocrx_word' id='word_1_56' title='bbox 1044 900 1076 932; x_wconf 90' lang='lat'><strong>1.</strong></span> <span class='ocrx_word' id='word_1_57' title='bbox 1103 899 1206 932; x_wconf 82' lang='lat' dir='ltr'>addit</span> <span class='ocrx_word' id='word_1_58' title='bbox 1231 899 1277 933; x_wconf 91' lang='lat' dir='ltr'>de</span> <span class='ocrx_word' id='word_1_59' title='bbox 1296 910 1363 933; x_wconf 86' lang='lat' dir='ltr'>suo</span> <span class='ocrx_word' id='word_1_60' title='bbox 1389 899 1434 933; x_wconf 87' lang='lat' dir='ltr'>ad</span> <span class='ocrx_word' id='word_1_61' title='bbox 1451 899 1579 933; x_wconf 88' lang='lat' dir='ltr'>urbem</span> 
     </span>
     <span class='ocr_line' id='line_1_12' title="bbox 112 943 1579 990; baseline 0 -11"><span class='ocrx_word' id='word_1_62' title='bbox 112 944 274 979; x_wconf 84' lang='lat' dir='ltr'>adventu</span> <span class='ocrx_word' id='word_1_63' title='bbox 299 950 337 978; x_wconf 90' lang='lat' dir='ltr'>et</span> <span class='ocrx_word' id='word_1_64' title='bbox 361 943 408 977; x_wconf 87' lang='lat' dir='ltr'>de</span> <span class='ocrx_word' id='word_1_65' title='bbox 433 950 531 978; x_wconf 84' lang='lat' dir='ltr'>statu</span> <span class='ocrx_word' id='word_1_66' title='bbox 555 944 610 978; x_wconf 90' lang='lat' dir='ltr'>rei</span> <span class='ocrx_word' id='word_1_67' title='bbox 635 944 809 989; x_wconf 84' lang='lat' dir='ltr'>publicae</span> <span class='ocrx_word' id='word_1_68' title='bbox 835 944 1010 979; x_wconf 84' lang='lat' dir='ltr'>civilibus</span> <span class='ocrx_word' id='word_1_69' title='bbox 1036 944 1237 979; x_wconf 79' lang='lat' dir='ltr'>discordiis</span> <span class='ocrx_word' id='word_1_70' title='bbox 1264 945 1506 990; x_wconf 84' lang='lat' dir='ltr'>perturbato,</span> <span class='ocrx_word' id='word_1_71' title='bbox 1533 945 1579 978; x_wconf 91' lang='lat' dir='ltr'>de</span> 
     </span>
     <span class='ocr_line' id='line_1_13' title="bbox 338 991 1354 1036; baseline 0.003 -13"><span class='ocrx_word' id='word_1_72' title='bbox 338 991 529 1035; x_wconf 81' lang='lat' dir='ltr'>triumpho</span> <span class='ocrx_word' id='word_1_73' title='bbox 555 1001 642 1034; x_wconf 88' lang='lat' dir='ltr'>suo,</span> <span class='ocrx_word' id='word_1_74' title='bbox 667 991 714 1025; x_wconf 92' lang='lat' dir='ltr'>de</span> <span class='ocrx_word' id='word_1_75' title='bbox 739 991 974 1036; x_wconf 82' lang='lat' dir='ltr'>praefectura</span> <span class='ocrx_word' id='word_1_76' title='bbox 999 991 1196 1035; x_wconf 87' lang='lat' dir='ltr'>Campana.</span> <span class='ocrx_word' id='word_1_77' title='bbox 1235 992 1354 1026; x_wconf 83' lang='lat'><strong>2—3.</strong></span> 
     </span>
    </p>
   </div>
   <div class='ocr_carea' id='block_1_9' title="bbox 113 1057 1580 1140">
    <p class='ocr_par' dir='ltr' id='par_1_9' title="bbox 113 1057 1580 1140">
     <span class='ocr_line' id='line_1_14' title="bbox 113 1057 1580 1140; baseline 0 -46"><span class='ocrx_word' id='word_1_78' title='bbox 113 1057 332 1094; x_wconf 90' lang='lat' dir='ltr'>TULLIUS</span> <span class='ocrx_word' id='word_1_79' title='bbox 357 1059 427 1093; x_wconf 87' lang='lat' dir='ltr'>ET</span> <span class='ocrx_word' id='word_1_80' title='bbox 453 1059 641 1094; x_wconf 87' lang='lat' dir='ltr'>CICERO</span> <span class='ocrx_word' id='word_1_81' title='bbox 655 1058 983 1140; x_wconf 47' lang='grc' dir='ltr'><strong>,ΞΤΕΡΙῖΕΙΙΙΡΙΙῖΤΙῗ,</strong></span> <span class='ocrx_word' id='word_1_82' title='bbox 1009 1058 1222 1102; x_wconf 87' lang='lat' dir='ltr'><strong>TULLIA,</strong></span> <span class='ocrx_word' id='word_1_83' title='bbox 1251 1059 1295 1095; x_wconf 82' lang='lat' dir='ltr'><strong>Q.</strong></span> <span class='ocrx_word' id='word_1_84' title='bbox 1323 1059 1368 1095; x_wconf 85' lang='lat' dir='ltr'><strong>Q.</strong></span> <span class='ocrx_word' id='word_1_85' title='bbox 1395 1059 1580 1094; x_wconf 84' lang='lat' dir='ltr'>TIRONl</span> 
     </span>
    </p>
   </div>
   <div class='ocr_carea' id='block_1_10' title="bbox 6 1156 1578 1235">
    <p class='ocr_par' dir='ltr' id='par_1_10' title="bbox 5 1146 1578 1235">
     <span class='ocr_line' id='line_1_15' title="bbox 6 1156 1578 1235; baseline 0.002 -19.998"><span class='ocrx_word' id='word_1_86' title='bbox 6 1174 9 1215; x_wconf 63' lang='grc' dir='ltr'>ἰ,</span> <span class='ocrx_word' id='word_1_87' title='bbox 84 1156 224 1235; x_wconf 40' lang='grc' dir='ltr'>χΕῐεί</span> <span class='ocrx_word' id='word_1_88' title='bbox 265 1176 623 1229; x_wconf 81' lang='lat' dir='ltr'>opportunitatem</span> <span class='ocrx_word' id='word_1_89' title='bbox 664 1187 819 1228; x_wconf 86' lang='lat' dir='ltr'>operae</span> <span class='ocrx_word' id='word_1_90' title='bbox 858 1177 957 1216; x_wconf 85' lang='lat' dir='ltr'>tuae</span> <span class='ocrx_word' id='word_1_91' title='bbox 995 1175 1189 1216; x_wconf 91' lang='lat' dir='ltr'>omnibus</span> <span class='ocrx_word' id='word_1_92' title='bbox 1228 1175 1335 1217; x_wconf 90' lang='lat' dir='ltr'>locis</span> <span class='ocrx_word' id='word_1_93' title='bbox 1370 1174 1578 1225; x_wconf 88' lang='lat' dir='ltr'>desidero,</span> 
     </span>
    </p>
   </div>
   <div class='ocr_carea' id='block_1_11' title="bbox 108 1244 1629 2094">
    <p class='ocr_par' dir='ltr' id='par_1_11' title="bbox 108 1244 1629 2094">
     <span class='ocr_line' id='line_1_16' title="bbox 110 1244 1580 1294; baseline -0.001 -9"><span class='ocrx_word' id='word_1_94' title='bbox 110 1246 251 1285; x_wconf 89' lang='lat' dir='ltr'>tamen</span> <span class='ocrx_word' id='word_1_95' title='bbox 282 1256 365 1284; x_wconf 91' lang='lat' dir='ltr'>non</span> <span class='ocrx_word' id='word_1_96' title='bbox 395 1245 481 1284; x_wconf 87' lang='lat' dir='ltr'>tam</span> <span class='ocrx_word' id='word_1_97' title='bbox 511 1256 616 1291; x_wconf 89' lang='lat' dir='ltr'>mea,</span> <span class='ocrx_word' id='word_1_98' title='bbox 648 1256 776 1294; x_wconf 89' lang='lat' dir='ltr'>quam</span> <span class='ocrx_word' id='word_1_99' title='bbox 806 1245 878 1284; x_wconf 87' lang='lat' dir='ltr'>tua</span> <span class='ocrx_word' id='word_1_100' title='bbox 907 1256 1035 1284; x_wconf 88' lang='lat' dir='ltr'>causa</span> <span class='ocrx_word' id='word_1_101' title='bbox 1064 1244 1210 1293; x_wconf 80' lang='lat' dir='ltr'>doleo,</span> <span class='ocrx_word' id='word_1_102' title='bbox 1239 1245 1282 1284; x_wconf 89' lang='lat' dir='ltr'>te</span> <span class='ocrx_word' id='word_1_103' title='bbox 1310 1256 1395 1284; x_wconf 85' lang='lat' dir='ltr'>non</span> <span class='ocrx_word' id='word_1_104' title='bbox 1423 1245 1580 1285; x_wconf 88' lang='lat' dir='ltr'>valere.</span> 
     </span>
     <span class='ocr_line' id='line_1_17' title="bbox 112 1300 1580 1352; baseline 0 -10"><span class='ocrx_word' id='word_1_105' title='bbox 112 1302 195 1342; x_wconf 85' lang='lat' dir='ltr'>Sed</span> <span class='ocrx_word' id='word_1_106' title='bbox 226 1301 426 1352; x_wconf 79' lang='lat' dir='ltr'>quoniam</span> <span class='ocrx_word' id='word_1_107' title='bbox 457 1300 501 1340; x_wconf 92' lang='lat' dir='ltr'>in</span> <span class='ocrx_word' id='word_1_108' title='bbox 533 1306 781 1351; x_wconf 80' lang='lat' dir='ltr'>quartanam</span> <span class='ocrx_word' id='word_1_109' title='bbox 813 1313 1017 1341; x_wconf 88' lang='lat' dir='ltr'>conversa</span> <span class='ocrx_word' id='word_1_110' title='bbox 1047 1301 1111 1343; x_wconf 86' lang='lat' dir='ltr'>vis</span> <span class='ocrx_word' id='word_1_111' title='bbox 1141 1302 1204 1341; x_wconf 90' lang='lat' dir='ltr'>est</span> <span class='ocrx_word' id='word_1_112' title='bbox 1231 1301 1392 1349; x_wconf 86' lang='lat' dir='ltr'>morbi,</span> <span class='ocrx_word' id='word_1_113' title='bbox 1431 1323 1489 1330; x_wconf 96' lang='lat'><strong>—</strong></span> <span class='ocrx_word' id='word_1_114' title='bbox 1517 1301 1580 1342; x_wconf 89' lang='lat' dir='ltr'>sic</span> 
     </span>
     <span class='ocr_line' id='line_1_18' title="bbox 111 1357 1580 1411; baseline 0 -13"><span class='ocrx_word' id='word_1_115' title='bbox 111 1359 224 1398; x_wconf 90' lang='lat' dir='ltr'>enim</span> <span class='ocrx_word' id='word_1_116' title='bbox 256 1357 404 1398; x_wconf 86' lang='lat' dir='ltr'>scribit</span> <span class='ocrx_word' id='word_1_117' title='bbox 433 1357 582 1397; x_wconf 84' lang='lat' dir='ltr'>Curius</span> <span class='ocrx_word' id='word_1_118' title='bbox 611 1379 668 1386; x_wconf 86' lang='grc'>--</span> <span class='ocrx_word' id='word_1_119' title='bbox 698 1370 819 1409; x_wconf 88' lang='lat' dir='ltr'>spero</span> <span class='ocrx_word' id='word_1_120' title='bbox 849 1359 915 1409; x_wconf 86' lang='lat' dir='ltr'>te,</span> <span class='ocrx_word' id='word_1_121' title='bbox 945 1357 1166 1411; x_wconf 85' lang='lat' dir='ltr'>diligentia</span> <span class='ocrx_word' id='word_1_122' title='bbox 1195 1357 1408 1410; x_wconf 85' lang='lat' dir='ltr'>adhibita,</span> <span class='ocrx_word' id='word_1_123' title='bbox 1453 1357 1580 1399; x_wconf 89' lang='lat' dir='ltr'>etiam</span> 
     </span>
     <span class='ocr_line' id='line_1_19' title="bbox 111 1414 1578 1466; baseline -0.001 -10"><span class='ocrx_word' id='word_1_124' title='bbox 111 1414 336 1456; x_wconf 87' lang='lat' dir='ltr'>firmiorem</span> <span class='ocrx_word' id='word_1_125' title='bbox 368 1415 471 1454; x_wconf 83' lang='lat' dir='ltr'>fore.</span> <span class='ocrx_word' id='word_1_126' title='bbox 544 1414 669 1453; x_wconf 79' lang='lat' dir='ltr'>Modo</span> <span class='ocrx_word' id='word_1_127' title='bbox 700 1415 791 1461; x_wconf 83' lang='lat' dir='ltr'>fac,</span> <span class='ocrx_word' id='word_1_128' title='bbox 832 1414 877 1454; x_wconf 92' lang='lat' dir='ltr'>id</span> <span class='ocrx_word' id='word_1_129' title='bbox 913 1414 1024 1466; x_wconf 88' lang='lat' dir='ltr'>quod</span> <span class='ocrx_word' id='word_1_130' title='bbox 1064 1416 1128 1455; x_wconf 87' lang='lat' dir='ltr'>est</span> <span class='ocrx_word' id='word_1_131' title='bbox 1161 1415 1435 1455; x_wconf 87' lang='lat' dir='ltr'>humanitatis</span> <span class='ocrx_word' id='word_1_132' title='bbox 1462 1417 1578 1463; x_wconf 91' lang='lat' dir='ltr'>tuae,</span> 
     </span>
     <span class='ocr_line' id='line_1_20' title="bbox 112 1470 1581 1523; baseline 0 -11"><span class='ocrx_word' id='word_1_133' title='bbox 112 1485 166 1512; x_wconf 88' lang='lat' dir='ltr'>ne</span> <span class='ocrx_word' id='word_1_134' title='bbox 196 1471 297 1523; x_wconf 91' lang='lat' dir='ltr'>quid</span> <span class='ocrx_word' id='word_1_135' title='bbox 326 1470 443 1511; x_wconf 85' lang='lat' dir='ltr'>aliud</span> <span class='ocrx_word' id='word_1_136' title='bbox 472 1483 595 1511; x_wconf 86' lang='lat' dir='ltr'>cures</span> <span class='ocrx_word' id='word_1_137' title='bbox 628 1472 709 1512; x_wconf 89' lang='lat' dir='ltr'>hoc</span> <span class='ocrx_word' id='word_1_138' title='bbox 739 1473 952 1523; x_wconf 87' lang='lat' dir='ltr'>tempore,</span> <span class='ocrx_word' id='word_1_139' title='bbox 994 1470 1077 1511; x_wconf 90' lang='lat' dir='ltr'>nisi</span> <span class='ocrx_word' id='word_1_140' title='bbox 1106 1473 1153 1511; x_wconf 88' lang='lat' dir='ltr'>ut</span> <span class='ocrx_word' id='word_1_141' title='bbox 1180 1484 1306 1523; x_wconf 87' lang='lat' dir='ltr'>quam</span> <span class='ocrx_word' id='word_1_142' title='bbox 1335 1472 1581 1512; x_wconf 89' lang='lat' dir='ltr'>commodis-</span> 
     </span>
     <span class='ocr_line' id='line_1_21' title="bbox 111 1526 1582 1579; baseline 0 -10"><span class='ocrx_word' id='word_1_143' title='bbox 111 1530 216 1569; x_wconf 87' lang='lat' dir='ltr'>sime</span> <span class='ocrx_word' id='word_1_144' title='bbox 246 1529 526 1568; x_wconf 84' lang='lat' dir='ltr'>convalescas.</span> <span class='ocrx_word' id='word_1_145' title='bbox 582 1526 676 1568; x_wconf 85' lang='lat' dir='ltr'>Non</span> <span class='ocrx_word' id='word_1_146' title='bbox 708 1527 877 1579; x_wconf 80' lang='lat' dir='ltr'>ignoro,</span> <span class='ocrx_word' id='word_1_147' title='bbox 907 1529 1111 1579; x_wconf 88' lang='lat' dir='ltr'>quantum</span> <span class='ocrx_word' id='word_1_148' title='bbox 1141 1540 1194 1569; x_wconf 81' lang='lat' dir='ltr'>ex</span> <span class='ocrx_word' id='word_1_149' title='bbox 1223 1527 1434 1568; x_wconf 90' lang='lat' dir='ltr'>desiderio</span> <span class='ocrx_word' id='word_1_150' title='bbox 1463 1529 1582 1570; x_wconf 86' lang='lat' dir='ltr'>labo-</span> 
     </span>
     <span class='ocr_line' id='line_1_22' title="bbox 111 1583 1579 1638; baseline 0 -12"><span class='ocrx_word' id='word_1_151' title='bbox 111 1598 203 1638; x_wconf 81' lang='lat' dir='ltr'>res,</span> <span class='ocrx_word' id='word_1_152' title='bbox 234 1585 305 1624; x_wconf 87' lang='lat' dir='ltr'>sed</span> <span class='ocrx_word' id='word_1_153' title='bbox 336 1587 460 1624; x_wconf 92' lang='lat' dir='ltr'>erunt</span> <span class='ocrx_word' id='word_1_154' title='bbox 489 1584 630 1624; x_wconf 86' lang='lat' dir='ltr'>omnia</span> <span class='ocrx_word' id='word_1_155' title='bbox 658 1585 817 1635; x_wconf 82' lang='lat' dir='ltr'>facilia,</span> <span class='ocrx_word' id='word_1_156' title='bbox 847 1584 881 1623; x_wconf 89' lang='lat' dir='ltr'>si</span> <span class='ocrx_word' id='word_1_157' title='bbox 910 1583 1086 1628; x_wconf 85' lang='lat' dir='ltr'>valebis.</span> <span class='ocrx_word' id='word_1_158' title='bbox 1143 1585 1367 1626; x_wconf 87' lang='lat' dir='ltr'>Festinare</span> <span class='ocrx_word' id='word_1_159' title='bbox 1393 1587 1436 1626; x_wconf 87' lang='lat' dir='ltr'>te</span> <span class='ocrx_word' id='word_1_160' title='bbox 1465 1587 1579 1638; x_wconf 86' lang='lat' dir='ltr'>nolo,</span> 
     </span>
     <span class='ocr_line' id='line_1_23' title="bbox 111 1641 1578 1695; baseline -0.001 -12"><span class='ocrx_word' id='word_1_161' title='bbox 111 1656 165 1684; x_wconf 88' lang='lat' dir='ltr'>ne</span> <span class='ocrx_word' id='word_1_162' title='bbox 196 1653 377 1682; x_wconf 87' lang='lat' dir='ltr'>nauseae</span> <span class='ocrx_word' id='word_1_163' title='bbox 405 1642 639 1681; x_wconf 87' lang='lat' dir='ltr'>molestiam</span> <span class='ocrx_word' id='word_1_164' title='bbox 669 1641 875 1693; x_wconf 83' lang='lat' dir='ltr'>suscipias</span> <span class='ocrx_word' id='word_1_165' title='bbox 915 1653 1041 1694; x_wconf 84' lang='lat' dir='ltr'>aeger</span> <span class='ocrx_word' id='word_1_166' title='bbox 1080 1643 1122 1682; x_wconf 90' lang='lat' dir='ltr'>et</span> <span class='ocrx_word' id='word_1_167' title='bbox 1160 1643 1400 1695; x_wconf 86' lang='lat' dir='ltr'>periculose</span> <span class='ocrx_word' id='word_1_168' title='bbox 1439 1643 1578 1682; x_wconf 89' lang='lat' dir='ltr'>hieme</span> 
     </span>
     <span class='ocr_line' id='line_1_24' title="bbox 109 1697 1629 1752; baseline -0.001 -12"><span class='ocrx_word' id='word_1_169' title='bbox 109 1700 291 1752; x_wconf 84' lang='lat' dir='ltr'>naviges.</span> <span class='ocrx_word' id='word_1_170' title='bbox 351 1699 441 1750; x_wconf 89' lang='lat' dir='ltr'>Ego</span> <span class='ocrx_word' id='word_1_171' title='bbox 472 1698 524 1738; x_wconf 86' lang='lat' dir='ltr'>ad</span> <span class='ocrx_word' id='word_1_172' title='bbox 554 1698 701 1738; x_wconf 88' lang='lat' dir='ltr'>urbem</span> <span class='ocrx_word' id='word_1_173' title='bbox 731 1699 890 1739; x_wconf 85' lang='lat' dir='ltr'>accessi</span> <span class='ocrx_word' id='word_1_174' title='bbox 919 1699 1057 1750; x_wconf 85' lang='lat' dir='ltr'>pridie</span> <span class='ocrx_word' id='word_1_175' title='bbox 1085 1697 1228 1739; x_wconf 87' lang='lat' dir='ltr'>Nonas</span> <span class='ocrx_word' id='word_1_176' title='bbox 1256 1700 1426 1740; x_wconf 83' lang='lat' dir='ltr'>Ianuar.</span> <span class='ocrx_word' id='word_1_177' title='bbox 1498 1699 1580 1739; x_wconf 73' lang='lat' dir='ltr'>ob-</span> <span class='ocrx_word' id='word_1_178' title='bbox 1601 1705 1629 1744; x_wconf 81' lang='lat'><strong>2</strong></span> 
     </span>
     <span class='ocr_line' id='line_1_25' title="bbox 108 1755 1576 1808; baseline -0.003 -11"><span class='ocrx_word' id='word_1_179' title='bbox 108 1757 219 1798; x_wconf 86' lang='lat' dir='ltr'>viam</span> <span class='ocrx_word' id='word_1_180' title='bbox 250 1755 353 1795; x_wconf 88' lang='lat' dir='ltr'>mihi</span> <span class='ocrx_word' id='word_1_181' title='bbox 381 1755 442 1795; x_wconf 89' lang='lat' dir='ltr'>sic</span> <span class='ocrx_word' id='word_1_182' title='bbox 473 1756 535 1794; x_wconf 88' lang='lat' dir='ltr'>est</span> <span class='ocrx_word' id='word_1_183' title='bbox 572 1756 809 1807; x_wconf 86' lang='lat' dir='ltr'>proditum,</span> <span class='ocrx_word' id='word_1_184' title='bbox 848 1759 895 1795; x_wconf 89' lang='lat' dir='ltr'>ut</span> <span class='ocrx_word' id='word_1_185' title='bbox 931 1756 1042 1796; x_wconf 91' lang='lat' dir='ltr'>nihil</span> <span class='ocrx_word' id='word_1_186' title='bbox 1081 1756 1213 1808; x_wconf 88' lang='lat' dir='ltr'>possit</span> <span class='ocrx_word' id='word_1_187' title='bbox 1251 1755 1345 1796; x_wconf 82' lang='lat' dir='ltr'>fieri</span> <span class='ocrx_word' id='word_1_188' title='bbox 1374 1757 1576 1796; x_wconf 87' lang='lat' dir='ltr'>ornatius.</span> 
     </span>
     <span class='ocr_line' id='line_1_26' title="bbox 109 1812 1579 1864; baseline -0.001 -10"><span class='ocrx_word' id='word_1_189' title='bbox 109 1814 192 1854; x_wconf 88' lang='lat' dir='ltr'>Sed</span> <span class='ocrx_word' id='word_1_190' title='bbox 221 1812 353 1852; x_wconf 89' lang='lat' dir='ltr'>incidi</span> <span class='ocrx_word' id='word_1_191' title='bbox 383 1813 427 1852; x_wconf 91' lang='lat' dir='ltr'>in</span> <span class='ocrx_word' id='word_1_192' title='bbox 457 1812 590 1863; x_wconf 85' lang='lat' dir='ltr'>ipsam</span> <span class='ocrx_word' id='word_1_193' title='bbox 630 1812 836 1853; x_wconf 83' lang='lat' dir='ltr'>flammam</span> <span class='ocrx_word' id='word_1_194' title='bbox 875 1813 1015 1853; x_wconf 88' lang='lat' dir='ltr'>civilis</span> <span class='ocrx_word' id='word_1_195' title='bbox 1052 1813 1288 1854; x_wconf 85' lang='lat' dir='ltr'>discordiae</span> <span class='ocrx_word' id='word_1_196' title='bbox 1330 1814 1399 1854; x_wconf 88' lang='lat' dir='ltr'>vel</span> <span class='ocrx_word' id='word_1_197' title='bbox 1436 1813 1579 1864; x_wconf 87' lang='lat' dir='ltr'>potius</span> 
     </span>
     <span class='ocr_line' id='line_1_27' title="bbox 109 1869 1580 1922; baseline -0.001 -12"><span class='ocrx_word' id='word_1_198' title='bbox 109 1870 236 1918; x_wconf 82' lang='lat' dir='ltr'>belli,</span> <span class='ocrx_word' id='word_1_199' title='bbox 276 1869 348 1909; x_wconf 90' lang='lat' dir='ltr'>cui</span> <span class='ocrx_word' id='word_1_200' title='bbox 377 1881 507 1920; x_wconf 90' lang='lat' dir='ltr'>quum</span> <span class='ocrx_word' id='word_1_201' title='bbox 547 1881 747 1920; x_wconf 90' lang='lat' dir='ltr'>cuperem</span> <span class='ocrx_word' id='word_1_202' title='bbox 783 1869 943 1910; x_wconf 86' lang='lat' dir='ltr'>mederi</span> <span class='ocrx_word' id='word_1_203' title='bbox 973 1871 1034 1922; x_wconf 85' lang='lat' dir='ltr'>et,</span> <span class='ocrx_word' id='word_1_204' title='bbox 1075 1872 1124 1911; x_wconf 91' lang='lat' dir='ltr'>ut</span> <span class='ocrx_word' id='word_1_205' title='bbox 1153 1870 1358 1922; x_wconf 86' lang='lat' dir='ltr'>arbitror,</span> <span class='ocrx_word' id='word_1_206' title='bbox 1400 1882 1580 1922; x_wconf 87' lang='lat' dir='ltr'>possem,</span> 
     </span>
     <span class='ocr_line' id='line_1_28' title="bbox 109 1926 1580 1980; baseline -0.001 -13"><span class='ocrx_word' id='word_1_207' title='bbox 109 1926 365 1979; x_wconf 84' lang='lat' dir='ltr'>cupiditates</span> <span class='ocrx_word' id='word_1_208' title='bbox 404 1927 615 1966; x_wconf 87' lang='lat' dir='ltr'>certorum</span> <span class='ocrx_word' id='word_1_209' title='bbox 656 1926 872 1966; x_wconf 89' lang='lat' dir='ltr'>hominum</span> <span class='ocrx_word' id='word_1_210' title='bbox 911 1948 969 1955; x_wconf 95' lang='lat'>—-</span> <span class='ocrx_word' id='word_1_211' title='bbox 1008 1939 1106 1968; x_wconf 86' lang='lat' dir='ltr'>nam</span> <span class='ocrx_word' id='word_1_212' title='bbox 1148 1939 1201 1967; x_wconf 83' lang='lat' dir='ltr'>ex</span> <span class='ocrx_word' id='word_1_213' title='bbox 1236 1929 1418 1978; x_wconf 85' lang='lat' dir='ltr'>utraque</span> <span class='ocrx_word' id='word_1_214' title='bbox 1457 1928 1580 1980; x_wconf 86' lang='lat' dir='ltr'>parte</span> 
     </span>
     <span class='ocr_line' id='line_1_29' title="bbox 108 1983 1580 2037; baseline -0.001 -13"><span class='ocrx_word' id='word_1_215' title='bbox 108 1985 229 2031; x_wconf 87' lang='lat' dir='ltr'>sunt,</span> <span class='ocrx_word' id='word_1_216' title='bbox 278 1983 350 2034; x_wconf 90' lang='lat' dir='ltr'>qui</span> <span class='ocrx_word' id='word_1_217' title='bbox 389 1995 577 2036; x_wconf 85' lang='lat' dir='ltr'>pugnare</span> <span class='ocrx_word' id='word_1_218' title='bbox 607 1983 781 2036; x_wconf 89' lang='lat' dir='ltr'>cupiant</span> <span class='ocrx_word' id='word_1_219' title='bbox 808 2006 866 2013; x_wconf 91' lang='lat'>--</span> <span class='ocrx_word' id='word_1_220' title='bbox 904 1984 1209 2037; x_wconf 84' lang='lat' dir='ltr'>impedimento</span> <span class='ocrx_word' id='word_1_221' title='bbox 1248 1985 1356 2025; x_wconf 89' lang='lat' dir='ltr'>mihi</span> <span class='ocrx_word' id='word_1_222' title='bbox 1393 1985 1580 2024; x_wconf 83' lang='lat' dir='ltr'>fuerunt.</span> 
     </span>
     <span class='ocr_line' id='line_1_30' title="bbox 109 2039 1581 2094; baseline -0.001 -13"><span class='ocrx_word' id='word_1_223' title='bbox 109 2041 288 2081; x_wconf 89' lang='lat' dir='ltr'>Omnino</span> <span class='ocrx_word' id='word_1_224' title='bbox 319 2040 361 2079; x_wconf 89' lang='lat' dir='ltr'>et</span> <span class='ocrx_word' id='word_1_225' title='bbox 389 2040 481 2091; x_wconf 86' lang='lat' dir='ltr'>ipse</span> <span class='ocrx_word' id='word_1_226' title='bbox 512 2039 680 2088; x_wconf 84' lang='lat' dir='ltr'>Caesar,</span> <span class='ocrx_word' id='word_1_227' title='bbox 713 2041 873 2081; x_wconf 88' lang='lat' dir='ltr'>amicus</span> <span class='ocrx_word' id='word_1_228' title='bbox 904 2044 1061 2094; x_wconf 87' lang='lat' dir='ltr'>noster,</span> <span class='ocrx_word' id='word_1_229' title='bbox 1091 2043 1276 2082; x_wconf 86' lang='lat' dir='ltr'>minaces</span> <span class='ocrx_word' id='word_1_230' title='bbox 1308 2040 1360 2081; x_wconf 88' lang='lat' dir='ltr'>ad</span> <span class='ocrx_word' id='word_1_231' title='bbox 1389 2043 1581 2081; x_wconf 86' lang='lat' dir='ltr'>senatum</span> 
     </span>
    </p>
   </div>
   <div class='ocr_carea' id='block_1_12' title="bbox 415 2129 1279 2173">
    <p class='ocr_par' dir='ltr' id='par_1_12' title="bbox 415 2129 1279 2173">
     <span class='ocr_line' id='line_1_31' title="bbox 415 2129 1279 2173; baseline 0.002 -10"><span class='ocrx_word' id='word_1_232' title='bbox 415 2129 604 2164; x_wconf 88' lang='lat' dir='ltr'><em>TIRONI.</em></span> <span class='ocrx_word' id='word_1_233' title='bbox 653 2129 691 2164; x_wconf 89' lang='lat' dir='ltr'>S.</span> <span class='ocrx_word' id='word_1_234' title='bbox 720 2141 765 2164; x_wconf 84' lang='lat' dir='ltr'>zu</span> <span class='ocrx_word' id='word_1_235' title='bbox 791 2142 848 2173; x_wconf 86' lang='lat' dir='ltr'>ep.</span> <span class='ocrx_word' id='word_1_236' title='bbox 868 2131 1117 2168; x_wconf 84' lang='lat' dir='ltr'>CCLXXXV</span> <span class='ocrx_word' id='word_1_237' title='bbox 1143 2131 1216 2165; x_wconf 83' lang='lat' dir='ltr'>und</span> <span class='ocrx_word' id='word_1_238' title='bbox 1241 2132 1279 2166; x_wconf 81' lang='lat' dir='ltr'><strong>ff.</strong></span> 
     </span>
    </p>
   </div>
   <div class='ocr_carea' id='block_1_13' title="bbox 109 2176 1581 2315">
    <p class='ocr_par' dir='ltr' id='par_1_13' title="bbox 109 2176 1581 2315">
     <span class='ocr_line' id='line_1_32' title="bbox 201 2176 1579 2222; baseline -0.001 -12"><span class='ocrx_word' id='word_1_239' title='bbox 201 2179 232 2210; x_wconf 91' lang='lat'><strong>1.</strong></span> <span class='ocrx_word' id='word_1_240' title='bbox 264 2176 435 2219; x_wconf 78' lang='lat' dir='ltr'>quoniam</span> <span class='ocrx_word' id='word_1_241' title='bbox 460 2186 488 2209; x_wconf 85' lang='lat' dir='ltr'>s.</span> <span class='ocrx_word' id='word_1_242' title='bbox 515 2188 575 2220; x_wconf 89' lang='lat' dir='ltr'>cp.</span> <span class='ocrx_word' id='word_1_243' title='bbox 597 2177 783 2217; x_wconf 85' lang='lat' dir='ltr'>CCXCH,</span> <span class='ocrx_word' id='word_1_244' title='bbox 799 2179 832 2212; x_wconf 86' lang='lat'><strong>3.</strong></span> <span class='ocrx_word' id='word_1_245' title='bbox 860 2196 904 2201; x_wconf 96' lang='lat'><strong>—</strong></span> <span class='ocrx_word' id='word_1_246' title='bbox 951 2178 1081 2212; x_wconf 76' lang='lat' dir='ltr'>scribit</span> <span class='ocrx_word' id='word_1_247' title='bbox 1107 2178 1218 2221; x_wconf 88' lang='lat' dir='ltr'>(Crat.</span> <span class='ocrx_word' id='word_1_248' title='bbox 1234 2177 1403 2222; x_wconf 74' lang='lat' dir='ltr'>scripsit)</span> <span class='ocrx_word' id='word_1_249' title='bbox 1432 2177 1579 2213; x_wconf 77' lang='lat' dir='ltr'>Curius,</span> 
     </span>
     <span class='ocr_line' id='line_1_33' title="bbox 110 2222 1581 2267; baseline -0.001 -10"><span class='ocrx_word' id='word_1_250' title='bbox 110 2223 150 2258; x_wconf 85' lang='lat' dir='ltr'><strong>S.</strong></span> <span class='ocrx_word' id='word_1_251' title='bbox 176 2233 234 2267; x_wconf 84' lang='lat' dir='ltr'>ep.</span> <span class='ocrx_word' id='word_1_252' title='bbox 252 2223 331 2257; x_wconf 78' lang='grc'><strong>288.</strong></span> <span class='ocrx_word' id='word_1_253' title='bbox 359 2223 393 2256; x_wconf 91' lang='grc'>2.</span> <span class='ocrx_word' id='word_1_254' title='bbox 420 2241 464 2246; x_wconf 95' lang='grc'>-</span> <span class='ocrx_word' id='word_1_255' title='bbox 511 2234 554 2256; x_wconf 72' lang='lat' dir='ltr'>ez</span> <span class='ocrx_word' id='word_1_256' title='bbox 579 2223 692 2256; x_wconf 80' lang='lat' dir='ltr'>desid.</span> <span class='ocrx_word' id='word_1_257' title='bbox 720 2223 813 2264; x_wconf 59' lang='lat' dir='ltr'>lab„</span> <span class='ocrx_word' id='word_1_258' title='bbox 840 2233 884 2256; x_wconf 88' lang='lat' dir='ltr'>an</span> <span class='ocrx_word' id='word_1_259' title='bbox 910 2222 1122 2258; x_wconf 79' lang='lat' dir='ltr'>Selmsucht</span> <span class='ocrx_word' id='word_1_260' title='bbox 1146 2224 1239 2258; x_wconf 83' lang='lat' dir='ltr'>nach</span> <span class='ocrx_word' id='word_1_261' title='bbox 1257 2235 1411 2258; x_wconf 86' lang='lat' dir='ltr'>unserer</span> <span class='ocrx_word' id='word_1_262' title='bbox 1432 2224 1581 2267; x_wconf 82' lang='lat' dir='ltr'>Gegen-</span> 
     </span>
     <span class='ocr_line' id='line_1_34' title="bbox 109 2268 1577 2315; baseline 0.001 -14"><span class='ocrx_word' id='word_1_263' title='bbox 109 2276 206 2302; x_wconf 78' lang='lat' dir='ltr'>wart</span> <span class='ocrx_word' id='word_1_264' title='bbox 230 2269 302 2301; x_wconf 86' lang='lat' dir='ltr'>und</span> <span class='ocrx_word' id='word_1_265' title='bbox 328 2269 421 2302; x_wconf 84' lang='lat' dir='ltr'>nach</span> <span class='ocrx_word' id='word_1_266' title='bbox 445 2268 740 2313; x_wconf 68' lang='lat' dir='ltr'>Beschiiftigung</span> <span class='ocrx_word' id='word_1_267' title='bbox 763 2269 909 2303; x_wconf 81' lang='lat' dir='ltr'>leidest.</span> <span class='ocrx_word' id='word_1_268' title='bbox 947 2270 987 2304; x_wconf 88' lang='lat' dir='ltr'>S.</span> <span class='ocrx_word' id='word_1_269' title='bbox 1014 2282 1074 2315; x_wconf 85' lang='lat' dir='ltr'>ep.</span> <span class='ocrx_word' id='word_1_270' title='bbox 1091 2270 1172 2313; x_wconf 78' lang='lat'><strong>288,</strong></span> <span class='ocrx_word' id='word_1_271' title='bbox 1190 2272 1225 2305; x_wconf 82' lang='lat'><strong>4.</strong></span> <span class='ocrx_word' id='word_1_272' title='bbox 1244 2289 1289 2295; x_wconf 91' lang='lat'>-—</span> <span class='ocrx_word' id='word_1_273' title='bbox 1322 2280 1475 2303; x_wconf 80' lang='lat' dir='ltr'>nauseae</span> <span class='ocrx_word' id='word_1_274' title='bbox 1491 2269 1577 2302; x_wconf 82' lang='lat' dir='ltr'>mol.</span> 
     </span>
    </p>
   </div>
   <div class='ocr_carea' id='block_1_14' title="bbox 111 2314 1587 2730">
    <p class='ocr_par' dir='ltr' id='par_1_14' title="bbox 112 2314 1487 2360">
     <span class='ocr_line' id='line_1_35' title="bbox 112 2314 1487 2360; baseline 0 -11"><span class='ocrx_word' id='word_1_275' title='bbox 112 2314 150 2350; x_wconf 91' lang='lat' dir='ltr'>S.</span> <span class='ocrx_word' id='word_1_276' title='bbox 178 2315 328 2348; x_wconf 68' lang='lat' dir='ltr'>Ramsh.</span> <span class='ocrx_word' id='word_1_277' title='bbox 356 2314 385 2356; x_wconf 87' lang='lat'><strong>§.</strong></span> <span class='ocrx_word' id='word_1_278' title='bbox 404 2315 494 2358; x_wconf 84' lang='lat'>203,</span> <span class='ocrx_word' id='word_1_279' title='bbox 520 2318 561 2358; x_wconf 88' lang='lat'>7,</span> <span class='ocrx_word' id='word_1_280' title='bbox 588 2316 631 2355; x_wconf 88' lang='lat' dir='ltr'>b,</span> <span class='ocrx_word' id='word_1_281' title='bbox 654 2317 688 2350; x_wconf 78' lang='lat'><strong>3.</strong></span> <span class='ocrx_word' id='word_1_282' title='bbox 735 2316 824 2360; x_wconf 79' lang='lat' dir='ltr'>Vgl.</span> <span class='ocrx_word' id='word_1_283' title='bbox 851 2318 1006 2360; x_wconf 82' lang='lat' dir='ltr'>ep.301.</span> <span class='ocrx_word' id='word_1_284' title='bbox 1056 2316 1280 2351; x_wconf 82' lang='lat' dir='ltr'><strong><em>ABEKEN</em></strong></span> <span class='ocrx_word' id='word_1_285' title='bbox 1301 2315 1339 2351; x_wconf 86' lang='lat' dir='ltr'><strong>S.</strong></span> <span class='ocrx_word' id='word_1_286' title='bbox 1357 2317 1424 2350; x_wconf 88' lang='grc'>227</span> <span class='ocrx_word' id='word_1_287' title='bbox 1448 2316 1487 2349; x_wconf 81' lang='lat' dir='ltr'><strong>ff.</strong></span> 
     </span>
    </p>

    <p class='ocr_par' dir='ltr' id='par_1_15' title="bbox 111 2360 1580 2730">
     <span class='ocr_line' id='line_1_36' title="bbox 201 2360 1579 2405; baseline -0.001 -11"><span class='ocrx_word' id='word_1_288' title='bbox 201 2361 236 2394; x_wconf 93' lang='grc'>2.</span> <span class='ocrx_word' id='word_1_289' title='bbox 271 2360 318 2392; x_wconf 81' lang='lat' dir='ltr'>ad</span> <span class='ocrx_word' id='word_1_290' title='bbox 349 2361 473 2393; x_wconf 80' lang='lat' dir='ltr'>urbem</span> <span class='ocrx_word' id='word_1_291' title='bbox 506 2362 660 2404; x_wconf 81' lang='lat' dir='ltr'>accessi,</span> <span class='ocrx_word' id='word_1_292' title='bbox 707 2360 767 2395; x_wconf 91' lang='lat' dir='ltr'>ich</span> <span class='ocrx_word' id='word_1_293' title='bbox 802 2361 864 2395; x_wconf 87' lang='lat' dir='ltr'>bin</span> <span class='ocrx_word' id='word_1_294' title='bbox 902 2373 972 2396; x_wconf 76' lang='lat' dir='ltr'>vor</span> <span class='ocrx_word' id='word_1_295' title='bbox 1003 2362 1071 2396; x_wconf 86' lang='lat' dir='ltr'>der</span> <span class='ocrx_word' id='word_1_296' title='bbox 1093 2362 1201 2397; x_wconf 86' lang='lat' dir='ltr'>Stadt</span> <span class='ocrx_word' id='word_1_297' title='bbox 1225 2363 1438 2405; x_wconf 80' lang='lat' dir='ltr'>angelangt.</span> <span class='ocrx_word' id='word_1_298' title='bbox 1494 2360 1579 2394; x_wconf 90' lang='lat' dir='ltr'>Non</span> 
     </span>
     <span class='ocr_line' id='line_1_37' title="bbox 112 2405 1580 2450; baseline -0.001 -10"><span class='ocrx_word' id='word_1_299' title='bbox 112 2405 210 2440; x_wconf 80' lang='lat' dir='ltr'>enim</span> <span class='ocrx_word' id='word_1_300' title='bbox 237 2405 308 2438; x_wconf 67' lang='lat' dir='ltr'>nisi</span> <span class='ocrx_word' id='word_1_301' title='bbox 334 2405 563 2450; x_wconf 78' lang='lat' dir='ltr'>triumphans</span> <span class='ocrx_word' id='word_1_302' title='bbox 589 2409 719 2441; x_wconf 84' lang='lat' dir='ltr'>urbem</span> <span class='ocrx_word' id='word_1_303' title='bbox 755 2407 902 2449; x_wconf 62' lang='lat' dir='ltr'>ingredi</span> <span class='ocrx_word' id='word_1_304' title='bbox 928 2409 1087 2442; x_wconf 84' lang='lat' dir='ltr'>volebat.</span> <span class='ocrx_word' id='word_1_305' title='bbox 1135 2409 1341 2443; x_wconf 81' lang='lat' dir='ltr'><strong>MANUT.</strong></span> <span class='ocrx_word' id='word_1_306' title='bbox 1367 2427 1411 2433; x_wconf 89' lang='lat'>—</span> <span class='ocrx_word' id='word_1_307' title='bbox 1455 2407 1580 2450; x_wconf 83' lang='lat' dir='ltr'>pridie</span> 
     </span>
     <span class='ocr_line' id='line_1_38' title="bbox 111 2452 1579 2498; baseline 0.001 -12"><span class='ocrx_word' id='word_1_308' title='bbox 111 2453 208 2486; x_wconf 85' lang='lat' dir='ltr'>Non.</span> <span class='ocrx_word' id='word_1_309' title='bbox 235 2453 336 2492; x_wconf 63' lang='lat' dir='ltr'>Iam,</span> <span class='ocrx_word' id='word_1_310' title='bbox 361 2461 418 2485; x_wconf 81' lang='lat' dir='ltr'>am</span> <span class='ocrx_word' id='word_1_311' title='bbox 443 2454 477 2486; x_wconf 80' lang='lat'><strong>4.</strong></span> <span class='ocrx_word' id='word_1_312' title='bbox 503 2454 582 2488; x_wconf 88' lang='lat' dir='ltr'>Ian.</span> <span class='ocrx_word' id='word_1_313' title='bbox 608 2473 651 2479; x_wconf 89' lang='lat'>—</span> <span class='ocrx_word' id='word_1_314' title='bbox 700 2457 738 2486; x_wconf 83' lang='lat' dir='ltr'>ut</span> <span class='ocrx_word' id='word_1_315' title='bbox 762 2454 858 2488; x_wconf 79' lang='lat' dir='ltr'>m&#39;hz&#39;l</span> <span class='ocrx_word' id='word_1_316' title='bbox 876 2455 993 2498; x_wconf 80' lang='lat' dir='ltr'>possit</span> <span class='ocrx_word' id='word_1_317' title='bbox 1016 2454 1109 2498; x_wconf 82' lang='lat' dir='ltr'>fieri.</span> <span class='ocrx_word' id='word_1_318' title='bbox 1165 2454 1230 2490; x_wconf 91' lang='lat' dir='ltr'>Sic</span> <span class='ocrx_word' id='word_1_319' title='bbox 1266 2454 1344 2489; x_wconf 84' lang='lat' dir='ltr'>Md.</span> <span class='ocrx_word' id='word_1_320' title='bbox 1381 2452 1482 2489; x_wconf 74' lang='lat' dir='ltr'>Vict.</span> <span class='ocrx_word' id='word_1_321' title='bbox 1502 2452 1579 2486; x_wconf 82' lang='lat'><strong>1.2.</strong></span> 
     </span>
     <span class='ocr_line' id='line_1_39' title="bbox 113 2498 1579 2545; baseline -0.001 -13"><span class='ocrx_word' id='word_1_322' title='bbox 113 2499 248 2532; x_wconf 58' lang='lat' dir='ltr'>Gruaex</span> <span class='ocrx_word' id='word_1_323' title='bbox 288 2498 376 2531; x_wconf 80' lang='lat' dir='ltr'>Bos.</span> <span class='ocrx_word' id='word_1_324' title='bbox 408 2498 490 2540; x_wconf 84' lang='lat' dir='ltr'>fieri</span> <span class='ocrx_word' id='word_1_325' title='bbox 517 2500 676 2543; x_wconf 74' lang='lat' dir='ltr'>potuerit</span> <span class='ocrx_word' id='word_1_326' title='bbox 709 2510 729 2532; x_wconf 87' lang='lat' dir='ltr'>e</span> <span class='ocrx_word' id='word_1_327' title='bbox 764 2501 859 2534; x_wconf 85' lang='lat' dir='ltr'>mala</span> <span class='ocrx_word' id='word_1_328' title='bbox 892 2501 1127 2534; x_wconf 65' lang='lat' dir='ltr'>cone-ctione</span> <span class='ocrx_word' id='word_1_329' title='bbox 1159 2501 1276 2545; x_wconf 83' lang='lat' dir='ltr'>Neap.</span> <span class='ocrx_word' id='word_1_330' title='bbox 1314 2501 1399 2533; x_wconf 75' lang='lat' dir='ltr'>Asc.</span> <span class='ocrx_word' id='word_1_331' title='bbox 1420 2501 1453 2533; x_wconf 94' lang='grc'>1.</span> <span class='ocrx_word' id='word_1_332' title='bbox 1480 2499 1579 2533; x_wconf 86' lang='lat' dir='ltr'>c1at.</span> 
     </span>
     <span class='ocr_line' id='line_1_40' title="bbox 115 2544 1585 2590; baseline -0.001 -12"><span class='ocrx_word' id='word_1_333' title='bbox 115 2545 243 2578; x_wconf 86' lang='lat' dir='ltr'>Lamb.</span> <span class='ocrx_word' id='word_1_334' title='bbox 269 2545 428 2588; x_wconf 81' lang='lat' dir='ltr'>potuerit</span> <span class='ocrx_word' id='word_1_335' title='bbox 453 2546 534 2588; x_wconf 82' lang='lat' dir='ltr'>fieri</span> <span class='ocrx_word' id='word_1_336' title='bbox 558 2545 878 2580; x_wconf 73' lang='lat' dir='ltr'>E111.Sch.Ls1n.</span> <span class='ocrx_word' id='word_1_337' title='bbox 928 2548 1072 2582; x_wconf 73' lang='lat' dir='ltr'>01e.-</span> <span class='ocrx_word' id='word_1_338' title='bbox 1118 2547 1278 2590; x_wconf 60' lang='lat' dir='ltr'>mederi,</span> <span class='ocrx_word' id='word_1_339' title='bbox 1309 2544 1497 2588; x_wconf 77' lang='lat' dir='ltr'>abhelten,</span> <span class='ocrx_word' id='word_1_340' title='bbox 1524 2555 1585 2578; x_wconf 88' lang='lat' dir='ltr'>er-</span> 
     </span>
     <span class='ocr_line' id='line_1_41' title="bbox 118 2590 1584 2636; baseline -0.001 -11.986"><span class='ocrx_word' id='word_1_341' title='bbox 118 2591 282 2631; x_wconf 60' lang='grc'><strong>511011111,</strong></span> <span class='ocrx_word' id='word_1_342' title='bbox 316 2601 383 2623; x_wconf 59' lang='lat' dir='ltr'>es&lt;</span> <span class='ocrx_word' id='word_1_343' title='bbox 387 2590 568 2633; x_wconf 74' lang='lat' dir='ltr'>unguem</span> <span class='ocrx_word' id='word_1_344' title='bbox 595 2611 639 2616; x_wconf 90' lang='lat'><strong>—</strong></span> <span class='ocrx_word' id='word_1_345' title='bbox 687 2593 826 2636; x_wconf 55' lang='lat' dir='ltr'>cupid„</span> <span class='ocrx_word' id='word_1_346' title='bbox 857 2592 1293 2627; x_wconf 77' lang='lat' dir='ltr'>dieleidenschaffliche</span> <span class='ocrx_word' id='word_1_347' title='bbox 1316 2591 1437 2624; x_wconf 83' lang='lat' dir='ltr'>Hitze.</span> <span class='ocrx_word' id='word_1_348' title='bbox 1490 2590 1584 2634; x_wconf 81' lang='lat' dir='ltr'>Vgl.</span> 
     </span>
     <span class='ocr_line' id='line_1_42' title="bbox 116 2618 1587 2683; baseline -0.001 -13"><span class='ocrx_word' id='word_1_349' title='bbox 116 2637 164 2672; x_wconf 86' lang='lat' dir='ltr'>ad</span> <span class='ocrx_word' id='word_1_350' title='bbox 187 2637 319 2671; x_wconf 82' lang='lat' dir='ltr'>Faznil.</span> <span class='ocrx_word' id='word_1_351' title='bbox 340 2637 416 2679; x_wconf 90' lang='lat' dir='ltr'>VI,</span> <span class='ocrx_word' id='word_1_352' title='bbox 443 2637 778 2683; x_wconf 85' lang='lat' dir='ltr'>6.‚(CCCCLXX</span> <span class='ocrx_word' id='word_1_353' title='bbox 801 2618 835 2673; x_wconf 82' lang='lat'>5&#39;.</span> <span class='ocrx_word' id='word_1_354' title='bbox 868 2649 924 2673; x_wconf 89' lang='lat' dir='ltr'>am</span> <span class='ocrx_word' id='word_1_355' title='bbox 955 2639 1097 2681; x_wconf 88' lang='lat' dir='ltr'>Ende).</span> <span class='ocrx_word' id='word_1_356' title='bbox 1139 2649 1274 2682; x_wconf 80' lang='lat' dir='ltr'>„quum</span> <span class='ocrx_word' id='word_1_357' title='bbox 1306 2637 1364 2670; x_wconf 87' lang='lat' dir='ltr'>vel</span> <span class='ocrx_word' id='word_1_358' title='bbox 1395 2636 1587 2679; x_wconf 80' lang='lat' dir='ltr'>iniquissi-</span> 
     </span>
     <span class='ocr_line' id='line_1_43' title="bbox 119 2665 1587 2730; baseline 0.001 -15"><span class='ocrx_word' id='word_1_359' title='bbox 119 2694 215 2717; x_wconf 82' lang='lat' dir='ltr'>mam</span> <span class='ocrx_word' id='word_1_360' title='bbox 236 2693 363 2727; x_wconf 75' lang='lat' dir='ltr'>pacem</span> <span class='ocrx_word' id='word_1_361' title='bbox 388 2688 458 2718; x_wconf 85' lang='lat' dir='ltr'>cet.</span> <span class='ocrx_word' id='word_1_362' title='bbox 475 2701 518 2708; x_wconf 86' lang='lat'><em>-</em></span> <span class='ocrx_word' id='word_1_363' title='bbox 569 2683 731 2718; x_wconf 74' lang='lat' dir='ltr'>Omnino.</span> <span class='ocrx_word' id='word_1_364' title='bbox 767 2665 846 2720; x_wconf 88' lang='lat' dir='ltr'>Sic</span> <span class='ocrx_word' id='word_1_365' title='bbox 862 2685 1002 2721; x_wconf 80' lang='lat' dir='ltr'>rectius</span> <span class='ocrx_word' id='word_1_366' title='bbox 1022 2684 1254 2730; x_wconf 74' lang='lat' dir='ltr'>distinguunt</span> <span class='ocrx_word' id='word_1_367' title='bbox 1279 2683 1380 2726; x_wconf 89' lang='lat' dir='ltr'>Vict.</span> <span class='ocrx_word' id='word_1_368' title='bbox 1398 2683 1433 2718; x_wconf 89' lang='grc'>2.</span> <span class='ocrx_word' id='word_1_369' title='bbox 1458 2682 1587 2718; x_wconf 89' lang='lat' dir='ltr'>Lamb</span> 
     </span>
    </p>
   </div>
  </div>
 </body>
</html>
