<?xml version="1.0" encoding="UTF-8"?>
<!DOCTYPE html PUBLIC "-//W3C//DTD XHTML 1.0 Transitional//EN"
    "http://www.w3.org/TR/xhtml1/DTD/xhtml1-transitional.dtd">
<html xmlns="http://www.w3.org/1999/xhtml" xml:lang="en" lang="en">
 <head>
  <title>
</title>
<meta http-equiv="Content-Type" content="text/html;charset=utf-8" />
  <meta name='ocr-system' content='tesseract 3.04.00' />
  <meta name='ocr-capabilities' content='ocr_page ocr_carea ocr_par ocr_line ocrx_word'/>
</head>
<body>
  <div class='ocr_page' id='page_1' title='image "./epistolaeadattic02ciceuoft_0170.png"; bbox 0 0 1795 3043; ppageno 0'>
   <div class='ocr_carea' id='block_1_1' title="bbox 230 87 1436 140">
    <p class='ocr_par' dir='ltr' id='par_1_1' title="bbox 230 87 1436 140">
     <span class='ocr_line' id='line_1_1' title="bbox 230 87 1436 140; baseline 0 0"><span class='ocrx_word' id='word_1_1' title='bbox 230 93 331 140; x_wconf 81' lang='lat'><strong>160</strong></span> <span class='ocrx_word' id='word_1_2' title='bbox 493 88 560 135; x_wconf 89' lang='grc' dir='ltr'><strong>Μ.</strong></span> <span class='ocrx_word' id='word_1_3' title='bbox 595 89 652 135; x_wconf 91' lang='grc' dir='ltr'><strong>Τ.</strong></span> <span class='ocrx_word' id='word_1_4' title='bbox 689 87 1024 137; x_wconf 82' lang='lat' dir='ltr'>CICERONIS</span> <span class='ocrx_word' id='word_1_5' title='bbox 1060 88 1436 140; x_wconf 79' lang='lat' dir='ltr'><strong>EPISTOLAE.</strong></span> 
     </span>
    </p>
   </div>
   <div class='ocr_carea' id='block_1_2' title="bbox 174 200 1699 1056">
    <p class='ocr_par' dir='ltr' id='par_1_2' title="bbox 174 200 1699 1056">
     <span class='ocr_line' id='line_1_2' title="bbox 227 200 1699 255; baseline 0.003 -13"><span class='ocrx_word' id='word_1_6' title='bbox 227 201 338 242; x_wconf 88' lang='lat' dir='ltr'>nihil</span> <span class='ocrx_word' id='word_1_7' title='bbox 366 200 612 255; x_wconf 82' lang='lat' dir='ltr'><strong>gloriosius:</strong></span> <span class='ocrx_word' id='word_1_8' title='bbox 655 200 722 240; x_wconf 88' lang='lat' dir='ltr'><strong>sin</strong></span> <span class='ocrx_word' id='word_1_9' title='bbox 751 201 933 253; x_wconf 84' lang='lat' dir='ltr'><strong>maiora,</strong></span> <span class='ocrx_word' id='word_1_10' title='bbox 962 202 1206 252; x_wconf 87' lang='lat' dir='ltr'><strong>considera,</strong></span> <span class='ocrx_word' id='word_1_11' title='bbox 1238 215 1291 245; x_wconf 83' lang='lat' dir='ltr'><strong>ne</strong></span> <span class='ocrx_word' id='word_1_12' title='bbox 1319 204 1364 244; x_wconf 92' lang='lat' dir='ltr'><strong>in</strong></span> <span class='ocrx_word' id='word_1_13' title='bbox 1395 203 1699 247; x_wconf 89' lang='lat' dir='ltr'><strong>alienissimum</strong></span> 
     </span>
     <span class='ocr_line' id='line_1_3' title="bbox 228 257 1699 316; baseline 0.003 -17"><span class='ocrx_word' id='word_1_14' title='bbox 228 262 391 311; x_wconf 81' lang='lat' dir='ltr'><strong>tempus</strong></span> <span class='ocrx_word' id='word_1_15' title='bbox 431 258 555 299; x_wconf 85' lang='lat' dir='ltr'><strong>cadat</strong></span> <span class='ocrx_word' id='word_1_16' title='bbox 593 257 797 299; x_wconf 83' lang='lat' dir='ltr'><strong>adventus</strong></span> <span class='ocrx_word' id='word_1_17' title='bbox 834 261 950 316; x_wconf 48' lang='lat' dir='ltr'><strong>tuus²</strong></span> <span class='ocrx_word' id='word_1_18' title='bbox 1016 261 1156 301; x_wconf 92' lang='lat' dir='ltr'><strong>Huius</strong></span> <span class='ocrx_word' id='word_1_19' title='bbox 1193 262 1258 302; x_wconf 87' lang='lat' dir='ltr'><strong>rei</strong></span> <span class='ocrx_word' id='word_1_20' title='bbox 1295 263 1432 302; x_wconf 89' lang='lat' dir='ltr'><strong>totum</strong></span> <span class='ocrx_word' id='word_1_21' title='bbox 1470 263 1699 303; x_wconf 89' lang='lat' dir='ltr'><strong>consilium</strong></span> 
     </span>
     <span class='ocr_line' id='line_1_4' title="bbox 226 315 1697 372; baseline 0.001 -15"><span class='ocrx_word' id='word_1_22' title='bbox 226 318 349 357; x_wconf 87' lang='lat' dir='ltr'><strong>tuum</strong></span> <span class='ocrx_word' id='word_1_23' title='bbox 379 317 455 355; x_wconf 86' lang='lat' dir='ltr'><strong>est.</strong></span> <span class='ocrx_word' id='word_1_24' title='bbox 515 316 579 355; x_wconf 90' lang='lat' dir='ltr'><strong>Tu</strong></span> <span class='ocrx_word' id='word_1_25' title='bbox 609 315 722 355; x_wconf 86' lang='lat' dir='ltr'><strong>enim</strong></span> <span class='ocrx_word' id='word_1_26' title='bbox 751 317 856 365; x_wconf 88' lang='lat' dir='ltr'><strong>scis,</strong></span> <span class='ocrx_word' id='word_1_27' title='bbox 898 316 1000 369; x_wconf 88' lang='lat' dir='ltr'><strong>quid</strong></span> <span class='ocrx_word' id='word_1_28' title='bbox 1029 318 1238 358; x_wconf 85' lang='lat' dir='ltr'><strong>sustinere</strong></span> <span class='ocrx_word' id='word_1_29' title='bbox 1266 318 1417 371; x_wconf 85' lang='lat' dir='ltr'><strong>possis.</strong></span> <span class='ocrx_word' id='word_1_30' title='bbox 1485 318 1531 359; x_wconf 92' lang='lat' dir='ltr'><strong>Si</strong></span> <span class='ocrx_word' id='word_1_31' title='bbox 1559 321 1697 372; x_wconf 88' lang='lat' dir='ltr'><strong>potes,</strong></span> 
     </span>
     <span class='ocr_line' id='line_1_5' title="bbox 229 373 1697 428; baseline 0.003 -16"><span class='ocrx_word' id='word_1_32' title='bbox 229 373 445 413; x_wconf 81' lang='lat' dir='ltr'>laudabile</span> <span class='ocrx_word' id='word_1_33' title='bbox 474 374 600 424; x_wconf 80' lang='lat' dir='ltr'><strong>atque</strong></span> <span class='ocrx_word' id='word_1_34' title='bbox 629 374 836 426; x_wconf 88' lang='lat' dir='ltr'><strong>populare</strong></span> <span class='ocrx_word' id='word_1_35' title='bbox 867 376 947 414; x_wconf 89' lang='lat' dir='ltr'><strong>est:</strong></span> <span class='ocrx_word' id='word_1_36' title='bbox 987 374 1053 415; x_wconf 90' lang='lat' dir='ltr'><strong>sin</strong></span> <span class='ocrx_word' id='word_1_37' title='bbox 1084 376 1211 427; x_wconf 87' lang='lat' dir='ltr'><strong>plane</strong></span> <span class='ocrx_word' id='word_1_38' title='bbox 1249 388 1332 415; x_wconf 92' lang='lat' dir='ltr'><strong>non</strong></span> <span class='ocrx_word' id='word_1_39' title='bbox 1362 376 1506 428; x_wconf 84' lang='lat' dir='ltr'><strong>potes,</strong></span> <span class='ocrx_word' id='word_1_40' title='bbox 1545 376 1697 416; x_wconf 85' lang='lat' dir='ltr'>absens</span> 
     </span>
     <span class='ocr_line' id='line_1_6' title="bbox 176 430 1698 475; baseline 0.002 -5"><span class='ocrx_word' id='word_1_41' title='bbox 176 433 206 475; x_wconf 87' lang='lat'>5</span> <span class='ocrx_word' id='word_1_42' title='bbox 229 430 447 470; x_wconf 88' lang='lat' dir='ltr'><strong>hominum</strong></span> <span class='ocrx_word' id='word_1_43' title='bbox 477 442 691 470; x_wconf 84' lang='lat' dir='ltr'><strong>sermones</strong></span> <span class='ocrx_word' id='word_1_44' title='bbox 718 430 890 471; x_wconf 84' lang='lat' dir='ltr'><strong>facilius</strong></span> <span class='ocrx_word' id='word_1_45' title='bbox 918 432 1158 472; x_wconf 79' lang='lat' dir='ltr'><strong>sustinebis.</strong></span> <span class='ocrx_word' id='word_1_46' title='bbox 1226 433 1289 473; x_wconf 85' lang='lat' dir='ltr'><strong>De</strong></span> <span class='ocrx_word' id='word_1_47' title='bbox 1318 445 1385 472; x_wconf 89' lang='lat' dir='ltr'><strong>me</strong></span> <span class='ocrx_word' id='word_1_48' title='bbox 1415 434 1557 473; x_wconf 84' lang='lat' dir='ltr'><strong>autem</strong></span> <span class='ocrx_word' id='word_1_49' title='bbox 1585 433 1698 474; x_wconf 85' lang='lat' dir='ltr'><strong>idem</strong></span> 
     </span>
     <span class='ocr_line' id='line_1_7' title="bbox 228 486 1696 543; baseline 0.001 -15"><span class='ocrx_word' id='word_1_50' title='bbox 228 490 372 528; x_wconf 88' lang='lat' dir='ltr'><strong>tecum</strong></span> <span class='ocrx_word' id='word_1_51' title='bbox 401 486 469 527; x_wconf 89' lang='lat' dir='ltr'><strong>his</strong></span> <span class='ocrx_word' id='word_1_52' title='bbox 498 499 577 541; x_wconf 82' lang='lat' dir='ltr'><strong>ago</strong></span> <span class='ocrx_word' id='word_1_53' title='bbox 606 488 756 537; x_wconf 83' lang='lat' dir='ltr'><strong>literis,</strong></span> <span class='ocrx_word' id='word_1_54' title='bbox 787 488 898 539; x_wconf 86' lang='lat' dir='ltr'><strong>quod</strong></span> <span class='ocrx_word' id='word_1_55' title='bbox 928 489 1218 541; x_wconf 89' lang='lat' dir='ltr'><strong>superioribus</strong></span> <span class='ocrx_word' id='word_1_56' title='bbox 1247 489 1328 543; x_wconf 78' lang='lat' dir='ltr'><strong>egi,</strong></span> <span class='ocrx_word' id='word_1_57' title='bbox 1357 491 1406 530; x_wconf 89' lang='lat' dir='ltr'><strong>ut</strong></span> <span class='ocrx_word' id='word_1_58' title='bbox 1427 502 1570 530; x_wconf 89' lang='lat' dir='ltr'><strong>omnes</strong></span> <span class='ocrx_word' id='word_1_59' title='bbox 1598 491 1696 530; x_wconf 87' lang='lat' dir='ltr'><strong>tuos</strong></span> 
     </span>
     <span class='ocr_line' id='line_1_8' title="bbox 225 544 1694 599; baseline 0.002 -15"><span class='ocrx_word' id='word_1_60' title='bbox 225 557 379 585; x_wconf 89' lang='lat' dir='ltr'><strong>nervos</strong></span> <span class='ocrx_word' id='word_1_61' title='bbox 409 544 455 584; x_wconf 89' lang='lat' dir='ltr'><strong>in</strong></span> <span class='ocrx_word' id='word_1_62' title='bbox 486 556 536 584; x_wconf 88' lang='lat' dir='ltr'><strong>eo</strong></span> <span class='ocrx_word' id='word_1_63' title='bbox 567 545 813 592; x_wconf 82' lang='lat' dir='ltr'><strong>contendas,</strong></span> <span class='ocrx_word' id='word_1_64' title='bbox 844 557 899 585; x_wconf 87' lang='lat' dir='ltr'><strong>ne</strong></span> <span class='ocrx_word' id='word_1_65' title='bbox 929 546 1030 597; x_wconf 90' lang='lat' dir='ltr'><strong>quid</strong></span> <span class='ocrx_word' id='word_1_66' title='bbox 1058 546 1163 587; x_wconf 91' lang='lat' dir='ltr'><strong>mihi</strong></span> <span class='ocrx_word' id='word_1_67' title='bbox 1192 546 1243 586; x_wconf 86' lang='lat' dir='ltr'><strong>ad</strong></span> <span class='ocrx_word' id='word_1_68' title='bbox 1273 548 1384 587; x_wconf 86' lang='lat' dir='ltr'><strong>hanc</strong></span> <span class='ocrx_word' id='word_1_69' title='bbox 1414 546 1694 599; x_wconf 83' lang='lat' dir='ltr'><strong>provinciam,</strong></span> 
     </span>
     <span class='ocr_line' id='line_1_9' title="bbox 227 603 1695 656; baseline 0.001 -14"><span class='ocrx_word' id='word_1_70' title='bbox 227 614 356 654; x_wconf 86' lang='lat' dir='ltr'><strong>quam</strong></span> <span class='ocrx_word' id='word_1_71' title='bbox 386 603 428 642; x_wconf 86' lang='lat' dir='ltr'><strong>et</strong></span> <span class='ocrx_word' id='word_1_72' title='bbox 456 604 625 642; x_wconf 86' lang='lat' dir='ltr'><strong>senatus</strong></span> <span class='ocrx_word' id='word_1_73' title='bbox 655 603 697 642; x_wconf 87' lang='lat' dir='ltr'><strong>et</strong></span> <span class='ocrx_word' id='word_1_74' title='bbox 733 603 914 653; x_wconf 90' lang='lat' dir='ltr'><strong>populus</strong></span> <span class='ocrx_word' id='word_1_75' title='bbox 955 616 1136 644; x_wconf 82' lang='lat' dir='ltr'><strong>annuam</strong></span> <span class='ocrx_word' id='word_1_76' title='bbox 1175 615 1265 644; x_wconf 86' lang='lat' dir='ltr'><strong>esse</strong></span> <span class='ocrx_word' id='word_1_77' title='bbox 1293 604 1451 652; x_wconf 85' lang='lat' dir='ltr'><strong>voluit,</strong></span> <span class='ocrx_word' id='word_1_78' title='bbox 1491 604 1695 656; x_wconf 84' lang='lat' dir='ltr'><strong>temporis</strong></span> 
     </span>
     <span class='ocr_line' id='line_1_10' title="bbox 226 659 1695 713; baseline 0.001 -14"><span class='ocrx_word' id='word_1_79' title='bbox 226 661 492 713; x_wconf 82' lang='lat' dir='ltr'><strong>prorogetur.</strong></span> <span class='ocrx_word' id='word_1_80' title='bbox 547 660 642 700; x_wconf 90' lang='lat' dir='ltr'><strong>Hoc</strong></span> <span class='ocrx_word' id='word_1_81' title='bbox 665 673 690 698; x_wconf 88' lang='lat' dir='ltr'><strong>a</strong></span> <span class='ocrx_word' id='word_1_82' title='bbox 718 661 761 699; x_wconf 89' lang='lat' dir='ltr'><strong>te</strong></span> <span class='ocrx_word' id='word_1_83' title='bbox 790 659 852 699; x_wconf 87' lang='lat' dir='ltr'><strong>ita</strong></span> <span class='ocrx_word' id='word_1_84' title='bbox 881 661 1104 713; x_wconf 82' lang='lat' dir='ltr'><strong>contendo,</strong></span> <span class='ocrx_word' id='word_1_85' title='bbox 1132 662 1181 701; x_wconf 87' lang='lat' dir='ltr'><strong>ut</strong></span> <span class='ocrx_word' id='word_1_86' title='bbox 1207 661 1252 701; x_wconf 89' lang='lat' dir='ltr'><strong>in</strong></span> <span class='ocrx_word' id='word_1_87' title='bbox 1283 672 1332 700; x_wconf 92' lang='lat' dir='ltr'><strong>eo</strong></span> <span class='ocrx_word' id='word_1_88' title='bbox 1363 662 1550 701; x_wconf 84' lang='lat' dir='ltr'><strong>fortunas</strong></span> <span class='ocrx_word' id='word_1_89' title='bbox 1578 673 1695 701; x_wconf 84' lang='lat' dir='ltr'><strong>meas</strong></span> 
     </span>
     <span class='ocr_line' id='line_1_11' title="bbox 225 715 1692 769; baseline 0 -12"><span class='ocrx_word' id='word_1_90' title='bbox 225 717 386 769; x_wconf 88' lang='lat' dir='ltr'><strong>positas</strong></span> <span class='ocrx_word' id='word_1_91' title='bbox 403 718 562 768; x_wconf 88' lang='lat' dir='ltr'><strong>putem.</strong></span> <span class='ocrx_word' id='word_1_92' title='bbox 607 715 751 756; x_wconf 85' lang='lat' dir='ltr'><strong>Habes</strong></span> <span class='ocrx_word' id='word_1_93' title='bbox 771 716 968 757; x_wconf 84' lang='lat' dir='ltr'><strong>Paullum</strong></span> <span class='ocrx_word' id='word_1_94' title='bbox 992 719 1182 758; x_wconf 88' lang='lat' dir='ltr'><strong>nostrum</strong></span> <span class='ocrx_word' id='word_1_95' title='bbox 1201 718 1335 758; x_wconf 88' lang='lat' dir='ltr'><strong>nostri</strong></span> <span class='ocrx_word' id='word_1_96' title='bbox 1353 718 1692 769; x_wconf 67' lang='lat' dir='ltr'><strong>cupidissimumz</strong></span> 
     </span>
     <span class='ocr_line' id='line_1_12' title="bbox 228 772 1694 827; baseline 0 -13"><span class='ocrx_word' id='word_1_97' title='bbox 228 776 291 814; x_wconf 86' lang='lat' dir='ltr'><strong>est</strong></span> <span class='ocrx_word' id='word_1_98' title='bbox 322 774 471 822; x_wconf 88' lang='lat' dir='ltr'><strong>Curio,</strong></span> <span class='ocrx_word' id='word_1_99' title='bbox 514 773 576 813; x_wconf 87' lang='lat' dir='ltr'><strong>est</strong></span> <span class='ocrx_word' id='word_1_100' title='bbox 606 772 805 814; x_wconf 77' lang='lat' dir='ltr'><strong>Furnius,</strong></span> <span class='ocrx_word' id='word_1_101' title='bbox 865 773 939 814; x_wconf 89' lang='lat' dir='ltr'><strong>Sic</strong></span> <span class='ocrx_word' id='word_1_102' title='bbox 968 775 1096 815; x_wconf 86' lang='lat' dir='ltr'><strong>velim</strong></span> <span class='ocrx_word' id='word_1_103' title='bbox 1126 775 1301 827; x_wconf 83' lang='lat' dir='ltr'><strong>enitare,</strong></span> <span class='ocrx_word' id='word_1_104' title='bbox 1332 776 1452 826; x_wconf 84' lang='lat' dir='ltr'><strong>quasi</strong></span> <span class='ocrx_word' id='word_1_105' title='bbox 1474 776 1518 815; x_wconf 93' lang='lat' dir='ltr'><strong>in</strong></span> <span class='ocrx_word' id='word_1_106' title='bbox 1540 788 1589 816; x_wconf 89' lang='lat' dir='ltr'><strong>eo</strong></span> <span class='ocrx_word' id='word_1_107' title='bbox 1609 775 1694 815; x_wconf 87' lang='lat' dir='ltr'><strong>sint</strong></span> 
     </span>
     <span class='ocr_line' id='line_1_13' title="bbox 174 829 1692 885; baseline 0.001 -14"><span class='ocrx_word' id='word_1_108' title='bbox 174 839 202 880; x_wconf 79' lang='grc'>6</span> <span class='ocrx_word' id='word_1_109' title='bbox 227 832 335 871; x_wconf 87' lang='grc'><strong>1111111</strong></span> <span class='ocrx_word' id='word_1_110' title='bbox 366 830 520 873; x_wconf 87' lang='lat' dir='ltr'><strong>omnia.</strong></span> <span class='ocrx_word' id='word_1_111' title='bbox 574 829 822 870; x_wconf 83' lang='lat' dir='ltr'><strong>Extremum</strong></span> <span class='ocrx_word' id='word_1_112' title='bbox 850 829 958 871; x_wconf 88' lang='lat' dir='ltr'><strong>illud</strong></span> <span class='ocrx_word' id='word_1_113' title='bbox 988 833 1051 871; x_wconf 91' lang='lat' dir='ltr'><strong>est</strong></span> <span class='ocrx_word' id='word_1_114' title='bbox 1078 832 1129 871; x_wconf 91' lang='lat' dir='ltr'><strong>de</strong></span> <span class='ocrx_word' id='word_1_115' title='bbox 1148 833 1217 880; x_wconf 88' lang='lat' dir='ltr'><strong>iis,</strong></span> <span class='ocrx_word' id='word_1_116' title='bbox 1248 844 1356 884; x_wconf 87' lang='lat' dir='ltr'><strong>quae</strong></span> <span class='ocrx_word' id='word_1_117' title='bbox 1371 844 1692 885; x_wconf 86' lang='lat' dir='ltr'><strong>proposueram,</strong></span> 
     </span>
     <span class='ocr_line' id='line_1_14' title="bbox 226 887 1693 941; baseline -0.001 -12"><span class='ocrx_word' id='word_1_118' title='bbox 226 887 493 929; x_wconf 84' lang='lat' dir='ltr'><strong>confirmatio</strong></span> <span class='ocrx_word' id='word_1_119' title='bbox 523 888 692 927; x_wconf 87' lang='lat' dir='ltr'><strong>nostrae</strong></span> <span class='ocrx_word' id='word_1_120' title='bbox 720 887 954 928; x_wconf 71' lang='lat' dir='ltr'><strong>amicitiaez</strong></span> <span class='ocrx_word' id='word_1_121' title='bbox 994 888 1046 928; x_wconf 89' lang='lat' dir='ltr'><strong>de</strong></span> <span class='ocrx_word' id='word_1_122' title='bbox 1077 901 1159 940; x_wconf 86' lang='lat' dir='ltr'><strong>qua</strong></span> <span class='ocrx_word' id='word_1_123' title='bbox 1187 889 1382 941; x_wconf 89' lang='lat' dir='ltr'><strong>pluribus</strong></span> <span class='ocrx_word' id='word_1_124' title='bbox 1411 889 1552 930; x_wconf 84' lang='lat' dir='ltr'><strong>verbis</strong></span> <span class='ocrx_word' id='word_1_125' title='bbox 1580 888 1693 929; x_wconf 90' lang='lat' dir='ltr'><strong>nihil</strong></span> 
     </span>
     <span class='ocr_line' id='line_1_15' title="bbox 225 945 1693 999; baseline 0.001 -14"><span class='ocrx_word' id='word_1_126' title='bbox 225 958 331 999; x_wconf 88' lang='lat' dir='ltr'><strong>opus</strong></span> <span class='ocrx_word' id='word_1_127' title='bbox 363 947 439 986; x_wconf 86' lang='lat' dir='ltr'><strong>est.</strong></span> <span class='ocrx_word' id='word_1_128' title='bbox 497 945 561 985; x_wconf 93' lang='lat' dir='ltr'><strong>Tu</strong></span> <span class='ocrx_word' id='word_1_129' title='bbox 599 956 707 997; x_wconf 88' lang='lat' dir='ltr'><strong>puer</strong></span> <span class='ocrx_word' id='word_1_130' title='bbox 735 956 802 984; x_wconf 89' lang='lat' dir='ltr'><strong>me</strong></span> <span class='ocrx_word' id='word_1_131' title='bbox 831 945 1050 998; x_wconf 83' lang='lat' dir='ltr'><strong>appetisti:</strong></span> <span class='ocrx_word' id='word_1_132' title='bbox 1097 958 1172 999; x_wconf 84' lang='lat' dir='ltr'><strong>ego</strong></span> <span class='ocrx_word' id='word_1_133' title='bbox 1204 948 1347 986; x_wconf 87' lang='lat' dir='ltr'><strong>autem</strong></span> <span class='ocrx_word' id='word_1_134' title='bbox 1375 958 1541 998; x_wconf 87' lang='lat' dir='ltr'><strong>semper</strong></span> <span class='ocrx_word' id='word_1_135' title='bbox 1571 959 1693 986; x_wconf 79' lang='lat' dir='ltr'><strong>orna-</strong></span> 
     </span>
     <span class='ocr_line' id='line_1_16' title="bbox 222 1001 1692 1056; baseline 0 -12"><span class='ocrx_word' id='word_1_136' title='bbox 222 1004 364 1044; x_wconf 89' lang='lat' dir='ltr'><strong>mento</strong></span> <span class='ocrx_word' id='word_1_137' title='bbox 395 1005 437 1043; x_wconf 92' lang='lat' dir='ltr'><strong>te</strong></span> <span class='ocrx_word' id='word_1_138' title='bbox 465 1002 570 1042; x_wconf 85' lang='lat' dir='ltr'><strong>mihi</strong></span> <span class='ocrx_word' id='word_1_139' title='bbox 596 1003 689 1042; x_wconf 85' lang='lat' dir='ltr'><strong>fore</strong></span> <span class='ocrx_word' id='word_1_140' title='bbox 719 1001 833 1045; x_wconf 77' lang='lat' dir='ltr'><strong>duxi.</strong></span> <span class='ocrx_word' id='word_1_141' title='bbox 887 1003 1028 1043; x_wconf 86' lang='lat' dir='ltr'><strong>Fuisti</strong></span> <span class='ocrx_word' id='word_1_142' title='bbox 1056 1003 1182 1044; x_wconf 84' lang='lat' dir='ltr'><strong>etiam</strong></span> <span class='ocrx_word' id='word_1_143' title='bbox 1201 1002 1415 1056; x_wconf 90' lang='lat' dir='ltr'><strong>praesidio</strong></span> <span class='ocrx_word' id='word_1_144' title='bbox 1440 1003 1692 1044; x_wconf 84' lang='lat' dir='ltr'><strong>tristissimis</strong></span> 
     </span>
    </p>
   </div>
   <div class='ocr_carea' id='block_1_3' title="bbox 213 1133 1729 2706">
    <p class='ocr_par' dir='ltr' id='par_1_3' title="bbox 213 1133 1729 2522">
     <span class='ocr_line' id='line_1_17' title="bbox 221 1133 1691 1179; baseline -0.001 -9"><span class='ocrx_word' id='word_1_145' title='bbox 221 1135 291 1170; x_wconf 88' lang='lat' dir='ltr'><strong>der</strong></span> <span class='ocrx_word' id='word_1_146' title='bbox 315 1135 488 1169; x_wconf 85' lang='lat' dir='ltr'><strong>vollends</strong></span> <span class='ocrx_word' id='word_1_147' title='bbox 514 1145 596 1168; x_wconf 88' lang='lat' dir='ltr'><strong>zum</strong></span> <span class='ocrx_word' id='word_1_148' title='bbox 622 1133 846 1178; x_wconf 79' lang='lat' dir='ltr'><strong>Schweigen</strong></span> <span class='ocrx_word' id='word_1_149' title='bbox 871 1133 1031 1178; x_wconf 78' lang='lat' dir='ltr'><strong>bringen</strong></span> <span class='ocrx_word' id='word_1_150' title='bbox 1055 1135 1231 1179; x_wconf 64' lang='lat' dir='ltr'><strong>xviirden,</strong></span> <span class='ocrx_word' id='word_1_151' title='bbox 1263 1135 1417 1169; x_wconf 86' lang='lat' dir='ltr'><strong>obwohl</strong></span> <span class='ocrx_word' id='word_1_152' title='bbox 1450 1146 1493 1169; x_wconf 89' lang='lat' dir='ltr'><strong>er</strong></span> <span class='ocrx_word' id='word_1_153' title='bbox 1525 1136 1619 1169; x_wconf 87' lang='lat' dir='ltr'><strong>auch</strong></span> <span class='ocrx_word' id='word_1_154' title='bbox 1652 1134 1691 1169; x_wconf 86' lang='lat' dir='ltr'><strong>in</strong></span> 
     </span>
     <span class='ocr_line' id='line_1_18' title="bbox 220 1181 1691 1224; baseline -0.001 -7"><span class='ocrx_word' id='word_1_155' title='bbox 220 1183 347 1217; x_wconf 80' lang='lat' dir='ltr'><strong>dieser</strong></span> <span class='ocrx_word' id='word_1_156' title='bbox 362 1181 535 1215; x_wconf 79' lang='lat' dir='ltr'><strong>Hinsicht</strong></span> <span class='ocrx_word' id='word_1_157' title='bbox 550 1191 595 1214; x_wconf 87' lang='lat' dir='ltr'><strong>zu</strong></span> <span class='ocrx_word' id='word_1_158' title='bbox 616 1181 721 1214; x_wconf 84' lang='lat' dir='ltr'><strong>einer</strong></span> <span class='ocrx_word' id='word_1_159' title='bbox 736 1182 824 1215; x_wconf 88' lang='lat' dir='ltr'><strong>sehr</strong></span> <span class='ocrx_word' id='word_1_160' title='bbox 840 1182 1048 1224; x_wconf 80' lang='lat' dir='ltr'><strong>gelegenen</strong></span> <span class='ocrx_word' id='word_1_161' title='bbox 1064 1181 1148 1215; x_wconf 85' lang='lat' dir='ltr'><strong>Zeit</strong></span> <span class='ocrx_word' id='word_1_162' title='bbox 1169 1182 1365 1216; x_wconf 87' lang='lat' dir='ltr'><strong>eintreffen</strong></span> <span class='ocrx_word' id='word_1_163' title='bbox 1389 1182 1524 1215; x_wconf 70' lang='lat' dir='ltr'><strong>din-ste.</strong></span> <span class='ocrx_word' id='word_1_164' title='bbox 1552 1181 1691 1215; x_wconf 88' lang='lat' dir='ltr'><strong>Uebri-</strong></span> 
     </span>
     <span class='ocr_line' id='line_1_19' title="bbox 217 1227 1692 1273; baseline -0.001 -10"><span class='ocrx_word' id='word_1_165' title='bbox 217 1240 313 1273; x_wconf 78' lang='lat' dir='ltr'><strong>gens</strong></span> <span class='ocrx_word' id='word_1_166' title='bbox 338 1230 478 1262; x_wconf 81' lang='lat' dir='ltr'><strong>miisste</strong></span> <span class='ocrx_word' id='word_1_167' title='bbox 504 1227 584 1261; x_wconf 89' lang='lat' dir='ltr'><strong>sein</strong></span> <span class='ocrx_word' id='word_1_168' title='bbox 597 1227 720 1260; x_wconf 86' lang='lat' dir='ltr'><strong>Ruhm</strong></span> <span class='ocrx_word' id='word_1_169' title='bbox 743 1227 956 1270; x_wconf 79' lang='lat' dir='ltr'><strong>gleichfalls</strong></span> <span class='ocrx_word' id='word_1_170' title='bbox 982 1228 1048 1262; x_wconf 90' lang='lat' dir='ltr'><strong>auf</strong></span> <span class='ocrx_word' id='word_1_171' title='bbox 1067 1228 1133 1261; x_wconf 86' lang='lat' dir='ltr'><strong>das</strong></span> <span class='ocrx_word' id='word_1_172' title='bbox 1152 1227 1348 1262; x_wconf 86' lang='lat' dir='ltr'><strong>Schicksal</strong></span> <span class='ocrx_word' id='word_1_173' title='bbox 1372 1228 1499 1262; x_wconf 87' lang='lat' dir='ltr'><strong>seiner</strong></span> <span class='ocrx_word' id='word_1_174' title='bbox 1515 1228 1692 1262; x_wconf 85' lang='lat' dir='ltr'><strong>Freunde</strong></span> 
     </span>
     <span class='ocr_line' id='line_1_20' title="bbox 218 1273 1692 1319; baseline -0.001 -10"><span class='ocrx_word' id='word_1_175' title='bbox 218 1276 293 1309; x_wconf 88' lang='lat' dir='ltr'><strong>den</strong></span> <span class='ocrx_word' id='word_1_176' title='bbox 319 1274 626 1317; x_wconf 76' lang='lat' dir='ltr'><strong>wohlth&#39;atigsten</strong></span> <span class='ocrx_word' id='word_1_177' title='bbox 650 1274 818 1307; x_wconf 85' lang='lat' dir='ltr'><strong>Einfiuss</strong></span> <span class='ocrx_word' id='word_1_178' title='bbox 850 1273 992 1316; x_wconf 77' lang='lat' dir='ltr'><strong>haben3</strong></span> <span class='ocrx_word' id='word_1_179' title='bbox 1028 1275 1217 1308; x_wconf 78' lang='lat' dir='ltr'><strong>wesshalb</strong></span> <span class='ocrx_word' id='word_1_180' title='bbox 1247 1286 1289 1308; x_wconf 89' lang='lat' dir='ltr'><strong>er</strong></span> <span class='ocrx_word' id='word_1_181' title='bbox 1314 1274 1389 1307; x_wconf 91' lang='lat' dir='ltr'><strong>ihm</strong></span> <span class='ocrx_word' id='word_1_182' title='bbox 1414 1285 1484 1318; x_wconf 87' lang='lat' dir='ltr'><strong>pro</strong></span> <span class='ocrx_word' id='word_1_183' title='bbox 1510 1281 1692 1319; x_wconf 72' lang='lat' dir='ltr'><strong>opponu-</strong></span> 
     </span>
     <span class='ocr_line' id='line_1_21' title="bbox 218 1319 1692 1365; baseline -0.001 -10"><span class='ocrx_word' id='word_1_184' title='bbox 218 1322 336 1355; x_wconf 86' lang='lat' dir='ltr'><strong>nitate</strong></span> <span class='ocrx_word' id='word_1_185' title='bbox 362 1320 542 1365; x_wconf 82' lang='lat' dir='ltr'><strong>temporis</strong></span> <span class='ocrx_word' id='word_1_186' title='bbox 568 1320 603 1353; x_wconf 88' lang='lat' dir='ltr'><strong>d.</strong></span> <span class='ocrx_word' id='word_1_187' title='bbox 628 1319 651 1352; x_wconf 89' lang='lat' dir='ltr'><strong>i.</strong></span> <span class='ocrx_word' id='word_1_188' title='bbox 679 1330 814 1362; x_wconf 78' lang='lat' dir='ltr'><strong>wegen</strong></span> <span class='ocrx_word' id='word_1_189' title='bbox 839 1319 1183 1353; x_wconf 78' lang='lat' dir='ltr'><strong>seinerRiickkchr</strong></span> <span class='ocrx_word' id='word_1_190' title='bbox 1208 1330 1255 1354; x_wconf 90' lang='lat' dir='ltr'><strong>zu</strong></span> <span class='ocrx_word' id='word_1_191' title='bbox 1279 1320 1347 1353; x_wconf 87' lang='lat' dir='ltr'><strong>der</strong></span> <span class='ocrx_word' id='word_1_192' title='bbox 1368 1321 1692 1354; x_wconf 83' lang='lat' dir='ltr'><strong>erwiinschtesten</strong></span> 
     </span>
     <span class='ocr_line' id='line_1_22' title="bbox 220 1365 1692 1402; baseline 0 -1"><span class='ocrx_word' id='word_1_193' title='bbox 220 1368 305 1402; x_wconf 88' lang='lat' dir='ltr'><strong>Zeit</strong></span> <span class='ocrx_word' id='word_1_194' title='bbox 331 1378 390 1401; x_wconf 87' lang='lat' dir='ltr'><strong>um</strong></span> <span class='ocrx_word' id='word_1_195' title='bbox 416 1378 457 1401; x_wconf 91' lang='lat' dir='ltr'><strong>so</strong></span> <span class='ocrx_word' id='word_1_196' title='bbox 483 1366 588 1399; x_wconf 84' lang='lat' dir='ltr'><strong>mehr</strong></span> <span class='ocrx_word' id='word_1_197' title='bbox 613 1365 736 1399; x_wconf 82' lang='lat' dir='ltr'><strong>Gliick</strong></span> <span class='ocrx_word' id='word_1_198' title='bbox 760 1365 951 1400; x_wconf 76' lang='lat' dir='ltr'><strong>wunsche.</strong></span> <span class='ocrx_word' id='word_1_199' title='bbox 979 1366 1085 1399; x_wconf 89' lang='lat' dir='ltr'><strong>Ohne</strong></span> <span class='ocrx_word' id='word_1_200' title='bbox 1100 1366 1201 1401; x_wconf 89' lang='lat' dir='ltr'><strong>Noth</strong></span> <span class='ocrx_word' id='word_1_201' title='bbox 1227 1377 1262 1401; x_wconf 93' lang='lat' dir='ltr'><strong>u.</strong></span> <span class='ocrx_word' id='word_1_202' title='bbox 1287 1366 1354 1399; x_wconf 86' lang='lat' dir='ltr'><strong>mit</strong></span> <span class='ocrx_word' id='word_1_203' title='bbox 1369 1366 1535 1400; x_wconf 87' lang='lat' dir='ltr'><strong>Unrecht</strong></span> <span class='ocrx_word' id='word_1_204' title='bbox 1559 1367 1692 1401; x_wconf 79' lang='lat' dir='ltr'><strong>wollte</strong></span> 
     </span>
     <span class='ocr_line' id='line_1_23' title="bbox 217 1411 1691 1457; baseline -0.001 -9"><span class='ocrx_word' id='word_1_205' title='bbox 217 1414 357 1449; x_wconf 76' lang='lat' dir='ltr'><strong>Schutz</strong></span> <span class='ocrx_word' id='word_1_206' title='bbox 384 1413 446 1446; x_wconf 85' lang='lat' dir='ltr'><strong>ein</strong></span> <span class='ocrx_word' id='word_1_207' title='bbox 471 1423 543 1445; x_wconf 76' lang='lat' dir='ltr'><strong>non</strong></span> <span class='ocrx_word' id='word_1_208' title='bbox 567 1423 638 1445; x_wconf 88' lang='lat' dir='ltr'><strong>vor</strong></span> <span class='ocrx_word' id='word_1_209' title='bbox 662 1422 785 1445; x_wconf 83' lang='lat' dir='ltr'><strong>censeo</strong></span> <span class='ocrx_word' id='word_1_210' title='bbox 812 1411 1079 1456; x_wconf 71' lang='lat' dir='ltr'><strong>einsehieben,</strong></span> <span class='ocrx_word' id='word_1_211' title='bbox 1104 1413 1194 1446; x_wconf 84' lang='lat' dir='ltr'><strong>weil</strong></span> <span class='ocrx_word' id='word_1_212' title='bbox 1219 1419 1322 1446; x_wconf 90' lang='lat' dir='ltr'><strong>sonst</strong></span> <span class='ocrx_word' id='word_1_213' title='bbox 1345 1412 1536 1446; x_wconf 85' lang='lat' dir='ltr'><strong>zwischen</strong></span> <span class='ocrx_word' id='word_1_214' title='bbox 1555 1423 1691 1457; x_wconf 82' lang='lat' dir='ltr'><strong>prope-</strong></span> 
     </span>
     <span class='ocr_line' id='line_1_24' title="bbox 217 1457 1690 1503; baseline -0.001 -9"><span class='ocrx_word' id='word_1_215' title='bbox 217 1461 375 1495; x_wconf 71' lang='lat' dir='ltr'><strong>randum</strong></span> <span class='ocrx_word' id='word_1_216' title='bbox 399 1469 622 1502; x_wconf 78' lang='lat' dir='ltr'><strong>magnopere</strong></span> <span class='ocrx_word' id='word_1_217' title='bbox 646 1469 771 1492; x_wconf 77' lang='lat' dir='ltr'><strong>censeo</strong></span> <span class='ocrx_word' id='word_1_218' title='bbox 797 1469 829 1494; x_wconf 87' lang='lat' dir='ltr'><strong>u.</strong></span> <span class='ocrx_word' id='word_1_219' title='bbox 855 1459 920 1492; x_wconf 79' lang='lat' dir='ltr'><strong>sed</strong></span> <span class='ocrx_word' id='word_1_220' title='bbox 946 1484 976 1492; x_wconf 86' lang='lat'><strong>..</strong></span> <span class='ocrx_word' id='word_1_221' title='bbox 991 1484 999 1492; x_wconf 89' lang='lat'><strong>.</strong></span> <span class='ocrx_word' id='word_1_222' title='bbox 1023 1469 1185 1503; x_wconf 79' lang='lat' dir='ltr'><strong>propera</strong></span> <span class='ocrx_word' id='word_1_223' title='bbox 1208 1458 1298 1493; x_wconf 85' lang='lat' dir='ltr'><strong>kein</strong></span> <span class='ocrx_word' id='word_1_224' title='bbox 1322 1457 1534 1503; x_wconf 81' lang='lat' dir='ltr'><strong>Gegensatz</strong></span> <span class='ocrx_word' id='word_1_225' title='bbox 1558 1459 1628 1503; x_wconf 85' lang='lat' dir='ltr'><strong>sei,</strong></span> <span class='ocrx_word' id='word_1_226' title='bbox 1654 1470 1690 1493; x_wconf 87' lang='lat' dir='ltr'><strong>u.</strong></span> 
     </span>
     <span class='ocr_line' id='line_1_25' title="bbox 217 1505 1692 1549; baseline -0.002 -8"><span class='ocrx_word' id='word_1_227' title='bbox 217 1508 352 1542; x_wconf 82' lang='lat' dir='ltr'><strong>Cicero</strong></span> <span class='ocrx_word' id='word_1_228' title='bbox 388 1506 505 1539; x_wconf 87' lang='lat' dir='ltr'><strong>durch</strong></span> <span class='ocrx_word' id='word_1_229' title='bbox 540 1505 751 1549; x_wconf 78' lang='lat' dir='ltr'><strong>considera,</strong></span> <span class='ocrx_word' id='word_1_230' title='bbox 790 1515 833 1538; x_wconf 74' lang='lat' dir='ltr'><strong>ne</strong></span> <span class='ocrx_word' id='word_1_231' title='bbox 857 1505 897 1537; x_wconf 78' lang='lat' dir='ltr'><strong>in</strong></span> <span class='ocrx_word' id='word_1_232' title='bbox 921 1505 1032 1539; x_wconf 78' lang='lat' dir='ltr'><strong>alien.</strong></span> <span class='ocrx_word' id='word_1_233' title='bbox 1060 1509 1165 1549; x_wconf 81' lang='lat' dir='ltr'><strong>temp.</strong></span> <span class='ocrx_word' id='word_1_234' title='bbox 1193 1507 1275 1539; x_wconf 82' lang='lat' dir='ltr'><strong>cad.</strong></span> <span class='ocrx_word' id='word_1_235' title='bbox 1302 1506 1383 1539; x_wconf 82' lang='lat' dir='ltr'><strong>adv.</strong></span> <span class='ocrx_word' id='word_1_236' title='bbox 1410 1509 1492 1539; x_wconf 63' lang='grc' dir='ltr'><strong>ταας</strong></span> <span class='ocrx_word' id='word_1_237' title='bbox 1522 1506 1586 1539; x_wconf 89' lang='lat' dir='ltr'><strong>ihn</strong></span> <span class='ocrx_word' id='word_1_238' title='bbox 1622 1516 1692 1539; x_wconf 86' lang='lat' dir='ltr'><strong>vor</strong></span> 
     </span>
     <span class='ocr_line' id='line_1_26' title="bbox 217 1550 1691 1597; baseline -0.001 -10"><span class='ocrx_word' id='word_1_239' title='bbox 217 1564 265 1587; x_wconf 90' lang='lat' dir='ltr'><strong>zu</strong></span> <span class='ocrx_word' id='word_1_240' title='bbox 298 1563 450 1597; x_wconf 79' lang='lat' dir='ltr'><strong>grosser</strong></span> <span class='ocrx_word' id='word_1_241' title='bbox 479 1551 567 1585; x_wconf 89' lang='lat' dir='ltr'><strong>Eile</strong></span> <span class='ocrx_word' id='word_1_242' title='bbox 598 1562 739 1585; x_wconf 83' lang='lat' dir='ltr'><strong>warne.</strong></span> <span class='ocrx_word' id='word_1_243' title='bbox 795 1551 924 1584; x_wconf 75' lang='lat' dir='ltr'><strong>Allein</strong></span> <span class='ocrx_word' id='word_1_244' title='bbox 955 1552 1136 1585; x_wconf 88' lang='lat' dir='ltr'><strong>letzterer</strong></span> <span class='ocrx_word' id='word_1_245' title='bbox 1170 1550 1258 1585; x_wconf 84' lang='lat' dir='ltr'><strong>Satz</strong></span> <span class='ocrx_word' id='word_1_246' title='bbox 1298 1551 1347 1585; x_wconf 88' lang='lat' dir='ltr'><strong>ist</strong></span> <span class='ocrx_word' id='word_1_247' title='bbox 1381 1561 1453 1585; x_wconf 90' lang='lat' dir='ltr'><strong>nur</strong></span> <span class='ocrx_word' id='word_1_248' title='bbox 1484 1551 1546 1585; x_wconf 90' lang='lat' dir='ltr'><strong>ein</strong></span> <span class='ocrx_word' id='word_1_249' title='bbox 1577 1562 1691 1596; x_wconf 82' lang='lat' dir='ltr'><strong>ange—</strong></span> 
     </span>
     <span class='ocr_line' id='line_1_27' title="bbox 216 1596 1687 1644; baseline -0.002 -10"><span class='ocrx_word' id='word_1_250' title='bbox 216 1600 345 1644; x_wconf 82' lang='lat' dir='ltr'><strong>fiigter</strong></span> <span class='ocrx_word' id='word_1_251' title='bbox 370 1599 584 1642; x_wconf 82' lang='lat' dir='ltr'><strong>Gegensatz</strong></span> <span class='ocrx_word' id='word_1_252' title='bbox 608 1608 682 1631; x_wconf 85' lang='lat' dir='ltr'><strong>von</strong></span> <span class='ocrx_word' id='word_1_253' title='bbox 705 1596 769 1631; x_wconf 76' lang='lat' dir='ltr'><strong>sed</strong></span> <span class='ocrx_word' id='word_1_254' title='bbox 795 1623 803 1631; x_wconf 89' lang='lat'><strong><em>.</em></strong></span> <span class='ocrx_word' id='word_1_255' title='bbox 820 1623 828 1631; x_wconf 89' lang='lat'><em>.</em></span> <span class='ocrx_word' id='word_1_256' title='bbox 851 1608 1013 1641; x_wconf 79' lang='lat' dir='ltr'><strong>propera</strong></span> <span class='ocrx_word' id='word_1_257' title='bbox 1046 1609 1081 1631; x_wconf 85' lang='lat' dir='ltr'><strong>u.</strong></span> <span class='ocrx_word' id='word_1_258' title='bbox 1110 1597 1345 1641; x_wconf 74' lang='lat' dir='ltr'><strong>Gegensatze</strong></span> <span class='ocrx_word' id='word_1_259' title='bbox 1376 1597 1480 1631; x_wconf 88' lang='lat' dir='ltr'><strong>sind:</strong></span> <span class='ocrx_word' id='word_1_260' title='bbox 1513 1598 1596 1641; x_wconf 79' lang='lat' dir='ltr'><strong>Ego</strong></span> <span class='ocrx_word' id='word_1_261' title='bbox 1621 1601 1687 1632; x_wconf 85' lang='lat' dir='ltr'><strong>cet.</strong></span> 
     </span>
     <span class='ocr_line' id='line_1_28' title="bbox 217 1643 1689 1688; baseline -0.002 -8"><span class='ocrx_word' id='word_1_262' title='bbox 217 1658 291 1680; x_wconf 77' lang='lat' dir='ltr'><strong>rer.</strong></span> <span class='ocrx_word' id='word_1_263' title='bbox 318 1657 348 1680; x_wconf 89' lang='lat' dir='ltr'><strong>c.</strong></span> <span class='ocrx_word' id='word_1_264' title='bbox 375 1670 384 1680; x_wconf 87' lang='lat'><strong>.</strong></span> <span class='ocrx_word' id='word_1_265' title='bbox 402 1671 411 1679; x_wconf 85' lang='lat'><strong>.</strong></span> <span class='ocrx_word' id='word_1_266' title='bbox 428 1670 436 1679; x_wconf 93' lang='lat'><strong><em>.</em></strong></span> <span class='ocrx_word' id='word_1_267' title='bbox 464 1654 600 1686; x_wconf 78' lang='lat' dir='ltr'><strong>magno</strong></span> <span class='ocrx_word' id='word_1_268' title='bbox 622 1653 730 1688; x_wconf 82' lang='lat' dir='ltr'><strong>opere</strong></span> <span class='ocrx_word' id='word_1_269' title='bbox 754 1654 878 1677; x_wconf 78' lang='lat' dir='ltr'><strong>censeo</strong></span> <span class='ocrx_word' id='word_1_270' title='bbox 905 1655 941 1677; x_wconf 88' lang='lat' dir='ltr'><strong>u.</strong></span> <span class='ocrx_word' id='word_1_271' title='bbox 959 1643 1031 1677; x_wconf 82' lang='lat' dir='ltr'><strong>Sed</strong></span> <span class='ocrx_word' id='word_1_272' title='bbox 1057 1669 1065 1677; x_wconf 88' lang='lat'><strong>.</strong></span> <span class='ocrx_word' id='word_1_273' title='bbox 1082 1670 1090 1677; x_wconf 93' lang='lat'><strong><em>.</em></strong></span> <span class='ocrx_word' id='word_1_274' title='bbox 1107 1669 1116 1677; x_wconf 86' lang='lat'><strong><em>.</em></strong></span> <span class='ocrx_word' id='word_1_275' title='bbox 1139 1655 1301 1687; x_wconf 80' lang='lat' dir='ltr'><strong>propera</strong></span> <span class='ocrx_word' id='word_1_276' title='bbox 1326 1654 1398 1678; x_wconf 87' lang='lat' dir='ltr'><strong>von</strong></span> <span class='ocrx_word' id='word_1_277' title='bbox 1418 1644 1517 1678; x_wconf 82' lang='lat' dir='ltr'><strong>Nam</strong></span> <span class='ocrx_word' id='word_1_278' title='bbox 1542 1671 1550 1678; x_wconf 91' lang='lat'><em>.</em></span> <span class='ocrx_word' id='word_1_279' title='bbox 1570 1671 1577 1679; x_wconf 90' lang='lat'><em>.</em></span> <span class='ocrx_word' id='word_1_280' title='bbox 1593 1671 1602 1679; x_wconf 90' lang='lat'>.</span> <span class='ocrx_word' id='word_1_281' title='bbox 1629 1645 1689 1678; x_wconf 75' lang='lat' dir='ltr'><strong>in-</strong></span> 
     </span>
     <span class='ocr_line' id='line_1_29' title="bbox 216 1689 1691 1735; baseline -0.001 -9"><span class='ocrx_word' id='word_1_282' title='bbox 216 1692 361 1735; x_wconf 76' lang='lat' dir='ltr'><strong>telligo,</strong></span> <span class='ocrx_word' id='word_1_283' title='bbox 377 1711 423 1716; x_wconf 98' lang='lat'><strong>—</strong></span> <span class='ocrx_word' id='word_1_284' title='bbox 448 1691 581 1724; x_wconf 76' lang='lat' dir='ltr'><strong>Onera.</strong></span> <span class='ocrx_word' id='word_1_285' title='bbox 608 1691 726 1724; x_wconf 87' lang='lat' dir='ltr'><strong>Recte</strong></span> <span class='ocrx_word' id='word_1_286' title='bbox 746 1689 935 1725; x_wconf 85' lang='lat' dir='ltr'><strong>Manutius</strong></span> <span class='ocrx_word' id='word_1_287' title='bbox 960 1689 1195 1734; x_wconf 86' lang='lat' dir='ltr'><strong>propinquos</strong></span> <span class='ocrx_word' id='word_1_288' title='bbox 1214 1689 1335 1724; x_wconf 86' lang='lat' dir='ltr'><strong>Cassii</strong></span> <span class='ocrx_word' id='word_1_289' title='bbox 1359 1690 1420 1723; x_wconf 80' lang='lat' dir='ltr'><strong>vel</strong></span> <span class='ocrx_word' id='word_1_290' title='bbox 1445 1690 1597 1734; x_wconf 82' lang='lat' dir='ltr'><strong>amicos,</strong></span> <span class='ocrx_word' id='word_1_291' title='bbox 1624 1690 1691 1734; x_wconf 82' lang='lat' dir='ltr'><strong>qui</strong></span> 
     </span>
     <span class='ocr_line' id='line_1_30' title="bbox 217 1736 1690 1781; baseline -0.001 -8"><span class='ocrx_word' id='word_1_292' title='bbox 217 1751 300 1773; x_wconf 88' lang='lat' dir='ltr'><strong>cum</strong></span> <span class='ocrx_word' id='word_1_293' title='bbox 327 1749 371 1772; x_wconf 90' lang='lat' dir='ltr'><strong>eo</strong></span> <span class='ocrx_word' id='word_1_294' title='bbox 396 1737 556 1772; x_wconf 86' lang='lat' dir='ltr'><strong>fuissent</strong></span> <span class='ocrx_word' id='word_1_295' title='bbox 581 1736 619 1770; x_wconf 90' lang='lat' dir='ltr'><strong>in</strong></span> <span class='ocrx_word' id='word_1_296' title='bbox 644 1736 864 1781; x_wconf 85' lang='lat' dir='ltr'><strong>provincia,</strong></span> <span class='ocrx_word' id='word_1_297' title='bbox 891 1736 1091 1780; x_wconf 77' lang='lat' dir='ltr'><strong>intelligit,</strong></span> <span class='ocrx_word' id='word_1_298' title='bbox 1120 1736 1255 1779; x_wconf 88' lang='lat' dir='ltr'><strong>quibus</strong></span> <span class='ocrx_word' id='word_1_299' title='bbox 1282 1737 1329 1769; x_wconf 91' lang='lat' dir='ltr'><strong>ob</strong></span> <span class='ocrx_word' id='word_1_300' title='bbox 1355 1736 1532 1780; x_wconf 83' lang='lat' dir='ltr'><strong>pecunias</strong></span> <span class='ocrx_word' id='word_1_301' title='bbox 1559 1744 1690 1771; x_wconf 80' lang='lat' dir='ltr'><strong>contra</strong></span> 
     </span>
     <span class='ocr_line' id='line_1_31' title="bbox 216 1782 1688 1830; baseline -0.002 -11"><span class='ocrx_word' id='word_1_302' title='bbox 216 1786 323 1830; x_wconf 81' lang='lat' dir='ltr'><strong>leges</strong></span> <span class='ocrx_word' id='word_1_303' title='bbox 349 1790 477 1829; x_wconf 85' lang='lat' dir='ltr'><strong>captas</strong></span> <span class='ocrx_word' id='word_1_304' title='bbox 503 1789 566 1817; x_wconf 88' lang='lat' dir='ltr'><strong>aut</strong></span> <span class='ocrx_word' id='word_1_305' title='bbox 590 1789 739 1827; x_wconf 86' lang='lat' dir='ltr'><strong>ereptas</strong></span> <span class='ocrx_word' id='word_1_306' title='bbox 765 1782 1012 1817; x_wconf 82' lang='lat' dir='ltr'><strong>accusationis</strong></span> <span class='ocrx_word' id='word_1_307' title='bbox 1038 1782 1208 1827; x_wconf 82' lang='lat' dir='ltr'><strong>pericula</strong></span> <span class='ocrx_word' id='word_1_308' title='bbox 1232 1782 1514 1827; x_wconf 84' lang='lat' dir='ltr'><strong>impendebant,</strong></span> <span class='ocrx_word' id='word_1_309' title='bbox 1546 1782 1688 1826; x_wconf 87' lang='lat' dir='ltr'><strong>quique</strong></span> 
     </span>
     <span class='ocr_line' id='line_1_32' title="bbox 216 1826 1729 1874; baseline -0.002 -8"><span class='ocrx_word' id='word_1_310' title='bbox 216 1832 250 1866; x_wconf 85' lang='lat' dir='ltr'><strong>si</strong></span> <span class='ocrx_word' id='word_1_311' title='bbox 274 1831 437 1865; x_wconf 83' lang='lat' dir='ltr'><strong>damnati</strong></span> <span class='ocrx_word' id='word_1_312' title='bbox 463 1835 599 1872; x_wconf 82' lang='lat' dir='ltr'><strong>essent,</strong></span> <span class='ocrx_word' id='word_1_313' title='bbox 626 1829 858 1863; x_wconf 76' lang='lat' dir='ltr'><strong>manifestum</strong></span> <span class='ocrx_word' id='word_1_314' title='bbox 874 1828 1147 1874; x_wconf 84' lang='lat' dir='ltr'><strong>praeiudicium</strong></span> <span class='ocrx_word' id='word_1_315' title='bbox 1166 1828 1302 1862; x_wconf 86' lang='lat' dir='ltr'><strong>fuisset</strong></span> <span class='ocrx_word' id='word_1_316' title='bbox 1318 1828 1356 1862; x_wconf 92' lang='lat' dir='ltr'><strong>in</strong></span> <span class='ocrx_word' id='word_1_317' title='bbox 1370 1828 1551 1862; x_wconf 87' lang='lat' dir='ltr'><strong>Cassium.</strong></span> <span class='ocrx_word' id='word_1_318' title='bbox 1576 1829 1687 1863; x_wconf 87' lang='lat' dir='ltr'><strong><em>SCH.</em></strong></span> <span class='ocrx_word' id='word_1_319' title='bbox 1720 1826 1729 1833; x_wconf 74' lang='grc'><strong>“</strong></span> 
     </span>
     <span class='ocr_line' id='line_1_33' title="bbox 215 1874 1687 1918; baseline -0.002 -6"><span class='ocrx_word' id='word_1_320' title='bbox 215 1880 337 1912; x_wconf 80' lang='lat' dir='ltr'><strong>Unter</strong></span> <span class='ocrx_word' id='word_1_321' title='bbox 351 1888 463 1911; x_wconf 77' lang='lat' dir='ltr'><strong>onera</strong></span> <span class='ocrx_word' id='word_1_322' title='bbox 483 1877 652 1910; x_wconf 83' lang='lat' dir='ltr'><strong>versteht</strong></span> <span class='ocrx_word' id='word_1_323' title='bbox 670 1876 802 1910; x_wconf 84' lang='lat' dir='ltr'><strong>Cicero</strong></span> <span class='ocrx_word' id='word_1_324' title='bbox 818 1874 1026 1918; x_wconf 83' lang='lat' dir='ltr'><strong>vielleicht,</strong></span> <span class='ocrx_word' id='word_1_325' title='bbox 1048 1875 1123 1908; x_wconf 84' lang='lat' dir='ltr'><strong>wie</strong></span> <span class='ocrx_word' id='word_1_326' title='bbox 1144 1874 1366 1910; x_wconf 86' lang='lat' dir='ltr'><strong>Schmieder</strong></span> <span class='ocrx_word' id='word_1_327' title='bbox 1381 1876 1604 1916; x_wconf 84' lang='lat' dir='ltr'><strong>vermuthet‚</strong></span> <span class='ocrx_word' id='word_1_328' title='bbox 1624 1875 1687 1909; x_wconf 83' lang='lat' dir='ltr'><strong>die</strong></span> 
     </span>
     <span class='ocr_line' id='line_1_34' title="bbox 216 1921 1687 1966; baseline -0.003 -7"><span class='ocrx_word' id='word_1_329' title='bbox 216 1924 408 1960; x_wconf 75' lang='lat' dir='ltr'><strong>Schulden</strong></span> <span class='ocrx_word' id='word_1_330' title='bbox 428 1934 463 1956; x_wconf 93' lang='lat' dir='ltr'><strong>u.</strong></span> <span class='ocrx_word' id='word_1_331' title='bbox 485 1922 809 1966; x_wconf 79' lang='lat' dir='ltr'><strong>Schuldprozesse</strong></span> <span class='ocrx_word' id='word_1_332' title='bbox 834 1922 959 1956; x_wconf 90' lang='lat' dir='ltr'><strong>seiner</strong></span> <span class='ocrx_word' id='word_1_333' title='bbox 977 1921 1149 1964; x_wconf 71' lang='lat' dir='ltr'><strong>Brilder,</strong></span> <span class='ocrx_word' id='word_1_334' title='bbox 1175 1922 1252 1954; x_wconf 82' lang='lat' dir='ltr'><strong>bes.</strong></span> <span class='ocrx_word' id='word_1_335' title='bbox 1277 1921 1343 1954; x_wconf 89' lang='lat' dir='ltr'><strong>des</strong></span> <span class='ocrx_word' id='word_1_336' title='bbox 1365 1921 1406 1956; x_wconf 83' lang='lat' dir='ltr'><strong>Q.</strong></span> <span class='ocrx_word' id='word_1_337' title='bbox 1423 1921 1591 1964; x_wconf 84' lang='lat' dir='ltr'><strong>CassiuS‚</strong></span> <span class='ocrx_word' id='word_1_338' title='bbox 1619 1921 1687 1955; x_wconf 91' lang='lat' dir='ltr'><strong>der</strong></span> 
     </span>
     <span class='ocr_line' id='line_1_35' title="bbox 216 1967 1687 2013; baseline -0.003 -8"><span class='ocrx_word' id='word_1_339' title='bbox 216 1970 407 2005; x_wconf 82' lang='lat' dir='ltr'><strong>eheinahls</strong></span> <span class='ocrx_word' id='word_1_340' title='bbox 425 1970 491 2002; x_wconf 87' lang='lat' dir='ltr'><strong>des</strong></span> <span class='ocrx_word' id='word_1_341' title='bbox 504 1968 707 2013; x_wconf 88' lang='lat' dir='ltr'><strong>Pompeius</strong></span> <span class='ocrx_word' id='word_1_342' title='bbox 725 1968 889 2004; x_wconf 66' lang='lat' dir='ltr'><strong>Quastor</strong></span> <span class='ocrx_word' id='word_1_343' title='bbox 905 1979 995 2009; x_wconf 83' lang='lat' dir='ltr'><strong>war,</strong></span> <span class='ocrx_word' id='word_1_344' title='bbox 1011 1967 1101 2002; x_wconf 87' lang='lat' dir='ltr'><strong>ietzt</strong></span> <span class='ocrx_word' id='word_1_345' title='bbox 1119 1968 1172 2000; x_wconf 84' lang='lat' dir='ltr'><strong>als</strong></span> <span class='ocrx_word' id='word_1_346' title='bbox 1190 1967 1443 2002; x_wconf 84' lang='lat' dir='ltr'><strong>Volkstribun</strong></span> <span class='ocrx_word' id='word_1_347' title='bbox 1470 1967 1536 2000; x_wconf 89' lang='lat' dir='ltr'><strong>des</strong></span> <span class='ocrx_word' id='word_1_348' title='bbox 1554 1968 1687 2002; x_wconf 77' lang='lat' dir='ltr'><strong>C&#39;asars</strong></span> 
     </span>
     <span class='ocr_line' id='line_1_36' title="bbox 214 2013 1687 2060; baseline -0.003 -9"><span class='ocrx_word' id='word_1_349' title='bbox 214 2017 345 2053; x_wconf 87' lang='lat' dir='ltr'><strong>Partei</strong></span> <span class='ocrx_word' id='word_1_350' title='bbox 361 2016 506 2060; x_wconf 77' lang='lat' dir='ltr'><strong>ergriff,</strong></span> <span class='ocrx_word' id='word_1_351' title='bbox 524 2016 614 2049; x_wconf 84' lang='lat' dir='ltr'><strong>weil</strong></span> <span class='ocrx_word' id='word_1_352' title='bbox 641 2015 705 2048; x_wconf 89' lang='lat' dir='ltr'><strong>ihn</strong></span> <span class='ocrx_word' id='word_1_353' title='bbox 729 2015 834 2048; x_wconf 88' lang='lat' dir='ltr'><strong>seine</strong></span> <span class='ocrx_word' id='word_1_354' title='bbox 852 2014 1044 2049; x_wconf 84' lang='lat' dir='ltr'><strong>Schulden</strong></span> <span class='ocrx_word' id='word_1_355' title='bbox 1069 2024 1152 2048; x_wconf 91' lang='lat' dir='ltr'><strong>zum</strong></span> <span class='ocrx_word' id='word_1_356' title='bbox 1166 2013 1385 2047; x_wconf 74' lang='lat' dir='ltr'><strong>C&#39;asarianer</strong></span> <span class='ocrx_word' id='word_1_357' title='bbox 1399 2014 1584 2057; x_wconf 86' lang='lat' dir='ltr'><strong>machten,</strong></span> <span class='ocrx_word' id='word_1_358' title='bbox 1612 2014 1687 2048; x_wconf 92' lang='lat' dir='ltr'><strong>und</strong></span> 
     </span>
     <span class='ocr_line' id='line_1_37' title="bbox 215 2059 1687 2103; baseline -0.002 -6"><span class='ocrx_word' id='word_1_359' title='bbox 215 2074 258 2098; x_wconf 90' lang='lat' dir='ltr'><strong>er</strong></span> <span class='ocrx_word' id='word_1_360' title='bbox 282 2063 369 2097; x_wconf 88' lang='lat' dir='ltr'><strong>bald</strong></span> <span class='ocrx_word' id='word_1_361' title='bbox 395 2063 559 2096; x_wconf 89' lang='lat' dir='ltr'><strong>nachher</strong></span> <span class='ocrx_word' id='word_1_362' title='bbox 584 2072 667 2095; x_wconf 91' lang='lat' dir='ltr'><strong>zum</strong></span> <span class='ocrx_word' id='word_1_363' title='bbox 692 2061 805 2095; x_wconf 73' lang='lat' dir='ltr'><strong>Casar</strong></span> <span class='ocrx_word' id='word_1_364' title='bbox 828 2061 920 2094; x_wconf 88' lang='lat' dir='ltr'><strong>floh.</strong></span> <span class='ocrx_word' id='word_1_365' title='bbox 939 2078 985 2086; x_wconf 93' lang='lat'><strong>—-</strong></span> <span class='ocrx_word' id='word_1_366' title='bbox 1021 2061 1081 2094; x_wconf 76' lang='lat' dir='ltr'><strong>sin</strong></span> <span class='ocrx_word' id='word_1_367' title='bbox 1104 2060 1270 2103; x_wconf 75' lang='lat' dir='ltr'><strong>maiora,</strong></span> <span class='ocrx_word' id='word_1_368' title='bbox 1304 2059 1440 2092; x_wconf 88' lang='lat' dir='ltr'><strong>sollten</strong></span> <span class='ocrx_word' id='word_1_369' title='bbox 1465 2060 1556 2093; x_wconf 90' lang='lat' dir='ltr'><strong>aber</strong></span> <span class='ocrx_word' id='word_1_370' title='bbox 1581 2059 1687 2094; x_wconf 85' lang='lat' dir='ltr'><strong>diese</strong></span> 
     </span>
     <span class='ocr_line' id='line_1_38' title="bbox 214 2105 1687 2152; baseline -0.002 -9"><span class='ocrx_word' id='word_1_371' title='bbox 214 2110 354 2144; x_wconf 86' lang='lat' dir='ltr'><strong>Lasten</strong></span> <span class='ocrx_word' id='word_1_372' title='bbox 378 2119 424 2142; x_wconf 87' lang='lat' dir='ltr'><strong>zu</strong></span> <span class='ocrx_word' id='word_1_373' title='bbox 450 2119 557 2152; x_wconf 81' lang='lat' dir='ltr'><strong>gross</strong></span> <span class='ocrx_word' id='word_1_374' title='bbox 582 2108 642 2142; x_wconf 81' lang='lat' dir='ltr'><strong>sur</strong></span> <span class='ocrx_word' id='word_1_375' title='bbox 667 2107 768 2141; x_wconf 86' lang='lat' dir='ltr'><strong>Dich</strong></span> <span class='ocrx_word' id='word_1_376' title='bbox 793 2107 891 2150; x_wconf 80' lang='lat' dir='ltr'><strong>sein3</strong></span> <span class='ocrx_word' id='word_1_377' title='bbox 923 2106 1004 2140; x_wconf 87' lang='lat' dir='ltr'><strong>scil.</strong></span> <span class='ocrx_word' id='word_1_378' title='bbox 1037 2117 1144 2150; x_wconf 87' lang='lat' dir='ltr'><strong>quam</strong></span> <span class='ocrx_word' id='word_1_379' title='bbox 1169 2111 1209 2139; x_wconf 90' lang='lat' dir='ltr'><strong>ut</strong></span> <span class='ocrx_word' id='word_1_380' title='bbox 1234 2105 1418 2139; x_wconf 84' lang='lat' dir='ltr'><strong>sustinere</strong></span> <span class='ocrx_word' id='word_1_381' title='bbox 1443 2106 1586 2149; x_wconf 79' lang='lat' dir='ltr'><strong>possis3</strong></span> <span class='ocrx_word' id='word_1_382' title='bbox 1612 2105 1687 2140; x_wconf 82' lang='lat' dir='ltr'><strong>nisi</strong></span> 
     </span>
     <span class='ocr_line' id='line_1_39' title="bbox 215 2151 1686 2190; baseline -0.002 0"><span class='ocrx_word' id='word_1_383' title='bbox 215 2163 342 2190; x_wconf 88' lang='lat' dir='ltr'><strong>certus</strong></span> <span class='ocrx_word' id='word_1_384' title='bbox 368 2155 419 2189; x_wconf 83' lang='lat' dir='ltr'><strong>Sis</strong></span> <span class='ocrx_word' id='word_1_385' title='bbox 454 2154 712 2188; x_wconf 80' lang='lat' dir='ltr'><strong>accusationes</strong></span> <span class='ocrx_word' id='word_1_386' title='bbox 743 2153 870 2187; x_wconf 85' lang='lat' dir='ltr'><strong>amicis</strong></span> <span class='ocrx_word' id='word_1_387' title='bbox 897 2153 1097 2188; x_wconf 84' lang='lat' dir='ltr'><strong>intentatos</strong></span> <span class='ocrx_word' id='word_1_388' title='bbox 1122 2163 1143 2186; x_wconf 83' lang='lat' dir='ltr'><strong>a</strong></span> <span class='ocrx_word' id='word_1_389' title='bbox 1167 2159 1203 2186; x_wconf 87' lang='lat' dir='ltr'><strong>te</strong></span> <span class='ocrx_word' id='word_1_390' title='bbox 1227 2151 1500 2185; x_wconf 78' lang='lat' dir='ltr'><strong>interveniente</strong></span> <span class='ocrx_word' id='word_1_391' title='bbox 1534 2152 1686 2187; x_wconf 78' lang='lat' dir='ltr'><strong>defendi</strong></span> 
     </span>
     <span class='ocr_line' id='line_1_40' title="bbox 215 2197 1687 2247; baseline -0.001 -12"><span class='ocrx_word' id='word_1_392' title='bbox 215 2213 353 2247; x_wconf 80' lang='lat' dir='ltr'><strong>posse3</strong></span> <span class='ocrx_word' id='word_1_393' title='bbox 380 2212 455 2234; x_wconf 88' lang='lat' dir='ltr'><strong>nun</strong></span> <span class='ocrx_word' id='word_1_394' title='bbox 480 2201 644 2244; x_wconf 82' lang='lat' dir='ltr'><strong>freilich,</strong></span> <span class='ocrx_word' id='word_1_395' title='bbox 669 2200 767 2233; x_wconf 86' lang='lat' dir='ltr'><strong>dann</strong></span> <span class='ocrx_word' id='word_1_396' title='bbox 792 2200 994 2243; x_wconf 80' lang='lat' dir='ltr'><strong>iiberlege,</strong></span> <span class='ocrx_word' id='word_1_397' title='bbox 1021 2200 1069 2232; x_wconf 92' lang='lat' dir='ltr'><strong>ob</strong></span> <span class='ocrx_word' id='word_1_398' title='bbox 1093 2198 1196 2232; x_wconf 86' lang='lat' dir='ltr'><strong>nicht</strong></span> <span class='ocrx_word' id='word_1_399' title='bbox 1219 2197 1344 2231; x_wconf 88' lang='lat' dir='ltr'><strong>Deine</strong></span> <span class='ocrx_word' id='word_1_400' title='bbox 1368 2198 1550 2241; x_wconf 81' lang='lat' dir='ltr'><strong>Ankunft,</strong></span> <span class='ocrx_word' id='word_1_401' title='bbox 1576 2209 1687 2233; x_wconf 85' lang='lat' dir='ltr'><strong>wenn</strong></span> 
     </span>
     <span class='ocr_line' id='line_1_41' title="bbox 215 2243 1684 2291; baseline -0.003 -8"><span class='ocrx_word' id='word_1_402' title='bbox 215 2250 280 2283; x_wconf 90' lang='lat' dir='ltr'><strong>Du</strong></span> <span class='ocrx_word' id='word_1_403' title='bbox 305 2248 360 2282; x_wconf 89' lang='lat' dir='ltr'><strong>sie</strong></span> <span class='ocrx_word' id='word_1_404' title='bbox 385 2247 721 2291; x_wconf 79' lang='lat' dir='ltr'><strong>beschleunigtest,</strong></span> <span class='ocrx_word' id='word_1_405' title='bbox 748 2246 786 2279; x_wconf 90' lang='lat' dir='ltr'><strong>in</strong></span> <span class='ocrx_word' id='word_1_406' title='bbox 812 2246 897 2280; x_wconf 82' lang='lat' dir='ltr'><strong>eine</strong></span> <span class='ocrx_word' id='word_1_407' title='bbox 921 2247 1086 2280; x_wconf 79' lang='lat' dir='ltr'><strong>&#39;ausserst</strong></span> <span class='ocrx_word' id='word_1_408' title='bbox 1110 2244 1272 2287; x_wconf 83' lang='lat' dir='ltr'><strong>widrige</strong></span> <span class='ocrx_word' id='word_1_409' title='bbox 1298 2243 1383 2277; x_wconf 90' lang='lat' dir='ltr'><strong>Zeit</strong></span> <span class='ocrx_word' id='word_1_410' title='bbox 1406 2245 1518 2277; x_wconf 85' lang='lat' dir='ltr'><strong>fallen</strong></span> <span class='ocrx_word' id='word_1_411' title='bbox 1547 2245 1684 2288; x_wconf 63' lang='lat' dir='ltr'><strong>durno,</strong></span> 
     </span>
     <span class='ocr_line' id='line_1_42' title="bbox 215 2290 1685 2339; baseline -0.002 -11"><span class='ocrx_word' id='word_1_412' title='bbox 215 2307 277 2329; x_wconf 81' lang='lat' dir='ltr'><strong>wo</strong></span> <span class='ocrx_word' id='word_1_413' title='bbox 303 2294 440 2339; x_wconf 75' lang='lat' dir='ltr'><strong>gmde,</strong></span> <span class='ocrx_word' id='word_1_414' title='bbox 467 2292 515 2326; x_wconf 88' lang='lat' dir='ltr'><strong>da</strong></span> <span class='ocrx_word' id='word_1_415' title='bbox 537 2293 601 2326; x_wconf 90' lang='lat' dir='ltr'><strong>Du</strong></span> <span class='ocrx_word' id='word_1_416' title='bbox 625 2294 785 2326; x_wconf 88' lang='lat' dir='ltr'><strong>kommst</strong></span> <span class='ocrx_word' id='word_1_417' title='bbox 796 2293 878 2326; x_wconf 93' lang='lat' dir='ltr'><strong>Lob</strong></span> <span class='ocrx_word' id='word_1_418' title='bbox 904 2292 1165 2331; x_wconf 62' lang='lat' dir='ltr'><strong>einzuarntem</strong></span> <span class='ocrx_word' id='word_1_419' title='bbox 1191 2291 1265 2324; x_wconf 78' lang='lat' dir='ltr'><strong>Dn-</strong></span> <span class='ocrx_word' id='word_1_420' title='bbox 1290 2290 1409 2324; x_wconf 87' lang='lat' dir='ltr'><strong>durch</strong></span> <span class='ocrx_word' id='word_1_421' title='bbox 1434 2290 1685 2334; x_wconf 79' lang='lat' dir='ltr'><strong>dasUngliick</strong></span> 
     </span>
     <span class='ocr_line' id='line_1_43' title="bbox 214 2336 1681 2380; baseline -0.004 -4"><span class='ocrx_word' id='word_1_422' title='bbox 214 2341 362 2376; x_wconf 84' lang='lat' dir='ltr'><strong>Deiner</strong></span> <span class='ocrx_word' id='word_1_423' title='bbox 394 2339 570 2374; x_wconf 82' lang='lat' dir='ltr'><strong>Freunde</strong></span> <span class='ocrx_word' id='word_1_424' title='bbox 610 2339 704 2372; x_wconf 90' lang='lat' dir='ltr'><strong>oder</strong></span> <span class='ocrx_word' id='word_1_425' title='bbox 733 2339 884 2373; x_wconf 78' lang='lat' dir='ltr'><strong>Bruder</strong></span> <span class='ocrx_word' id='word_1_426' title='bbox 918 2338 978 2371; x_wconf 85' lang='lat' dir='ltr'><strong>ein</strong></span> <span class='ocrx_word' id='word_1_427' title='bbox 1013 2337 1263 2372; x_wconf 83' lang='lat' dir='ltr'><strong>Schandfleck</strong></span> <span class='ocrx_word' id='word_1_428' title='bbox 1293 2336 1505 2380; x_wconf 71' lang='lat' dir='ltr'><strong>angebangt</strong></span> <span class='ocrx_word' id='word_1_429' title='bbox 1537 2337 1681 2371; x_wconf 66' lang='lat' dir='ltr'><strong>warde.</strong></span> 
     </span>
     <span class='ocr_line' id='line_1_44' title="bbox 215 2383 1684 2426; baseline -0.005 -4"><span class='ocrx_word' id='word_1_430' title='bbox 215 2388 368 2422; x_wconf 82' lang='lat' dir='ltr'><strong>Cassius</strong></span> <span class='ocrx_word' id='word_1_431' title='bbox 399 2387 483 2420; x_wconf 81' lang='lat' dir='ltr'><strong>kam</strong></span> <span class='ocrx_word' id='word_1_432' title='bbox 515 2396 579 2418; x_wconf 85' lang='lat' dir='ltr'><strong>aus</strong></span> <span class='ocrx_word' id='word_1_433' title='bbox 614 2385 719 2418; x_wconf 87' lang='lat' dir='ltr'><strong>einer</strong></span> <span class='ocrx_word' id='word_1_434' title='bbox 752 2385 906 2418; x_wconf 81' lang='lat' dir='ltr'><strong>reichen</strong></span> <span class='ocrx_word' id='word_1_435' title='bbox 930 2384 1116 2426; x_wconf 81' lang='lat' dir='ltr'><strong>ProvinZ,</strong></span> <span class='ocrx_word' id='word_1_436' title='bbox 1152 2394 1232 2416; x_wconf 86' lang='lat' dir='ltr'><strong>war</strong></span> <span class='ocrx_word' id='word_1_437' title='bbox 1263 2383 1317 2416; x_wconf 85' lang='lat' dir='ltr'><strong>als</strong></span> <span class='ocrx_word' id='word_1_438' title='bbox 1350 2383 1477 2426; x_wconf 80' lang='lat' dir='ltr'><strong>geizig</strong></span> <span class='ocrx_word' id='word_1_439' title='bbox 1508 2383 1684 2426; x_wconf 82' lang='lat' dir='ltr'><strong>bekannt,</strong></span> 
     </span>
     <span class='ocr_line' id='line_1_45' title="bbox 214 2429 1683 2475; baseline -0.004 -7"><span class='ocrx_word' id='word_1_440' title='bbox 214 2434 356 2468; x_wconf 83' lang='lat' dir='ltr'><strong>konnte</strong></span> <span class='ocrx_word' id='word_1_441' title='bbox 380 2433 448 2466; x_wconf 83' lang='lat' dir='ltr'><strong>mit</strong></span> <span class='ocrx_word' id='word_1_442' title='bbox 473 2432 570 2466; x_wconf 90' lang='lat' dir='ltr'><strong>Geld</strong></span> <span class='ocrx_word' id='word_1_443' title='bbox 595 2431 867 2465; x_wconf 73' lang='lat' dir='ltr'><strong>aushelfe112—</strong></span> <span class='ocrx_word' id='word_1_444' title='bbox 897 2431 1095 2475; x_wconf 78' lang='lat' dir='ltr'><strong>populare,</strong></span> <span class='ocrx_word' id='word_1_445' title='bbox 1122 2429 1270 2472; x_wconf 64' lang='lat' dir='ltr'><strong>Etxvas,</strong></span> <span class='ocrx_word' id='word_1_446' title='bbox 1298 2429 1363 2463; x_wconf 86' lang='lat' dir='ltr'><strong>das</strong></span> <span class='ocrx_word' id='word_1_447' title='bbox 1388 2431 1453 2463; x_wconf 78' lang='lat' dir='ltr'><strong>auf</strong></span> <span class='ocrx_word' id='word_1_448' title='bbox 1474 2429 1539 2463; x_wconf 87' lang='lat' dir='ltr'><strong>das</strong></span> <span class='ocrx_word' id='word_1_449' title='bbox 1552 2429 1683 2463; x_wconf 87' lang='lat' dir='ltr'><strong>Publi-</strong></span> 
     </span>
     <span class='ocr_line' id='line_1_46' title="bbox 213 2477 953 2522; baseline -0.008 -7"><span class='ocrx_word' id='word_1_450' title='bbox 213 2481 303 2515; x_wconf 81' lang='lat' dir='ltr'><strong>kum</strong></span> <span class='ocrx_word' id='word_1_451' title='bbox 327 2480 437 2513; x_wconf 88' lang='lat' dir='ltr'><strong>einen</strong></span> <span class='ocrx_word' id='word_1_452' title='bbox 461 2484 577 2522; x_wconf 81' lang='lat' dir='ltr'><strong>guten</strong></span> <span class='ocrx_word' id='word_1_453' title='bbox 602 2477 797 2511; x_wconf 87' lang='lat' dir='ltr'><strong>Eindruck</strong></span> <span class='ocrx_word' id='word_1_454' title='bbox 821 2478 953 2510; x_wconf 86' lang='lat' dir='ltr'><strong>macht.</strong></span> 
     </span>
    </p>

    <p class='ocr_par' dir='ltr' id='par_1_4' title="bbox 215 2520 1684 2706">
     <span class='ocr_line' id='line_1_47' title="bbox 303 2520 1684 2566; baseline -0.004 -6"><span class='ocrx_word' id='word_1_455' title='bbox 303 2527 339 2560; x_wconf 88' lang='lat'><strong>5.</strong></span> <span class='ocrx_word' id='word_1_456' title='bbox 367 2535 497 2559; x_wconf 77' lang='lat' dir='ltr'><strong>nervos</strong></span> <span class='ocrx_word' id='word_1_457' title='bbox 521 2524 746 2566; x_wconf 77' lang='lat' dir='ltr'><strong>contendere,</strong></span> <span class='ocrx_word' id='word_1_458' title='bbox 773 2524 847 2557; x_wconf 85' lang='lat' dir='ltr'><strong>alle</strong></span> <span class='ocrx_word' id='word_1_459' title='bbox 863 2522 1020 2565; x_wconf 66' lang='lat' dir='ltr'><strong>Strange</strong></span> <span class='ocrx_word' id='word_1_460' title='bbox 1036 2520 1230 2555; x_wconf 86' lang='lat' dir='ltr'><strong>anziehen.</strong></span> <span class='ocrx_word' id='word_1_461' title='bbox 1245 2539 1287 2545; x_wconf 93' lang='lat'>—</span> <span class='ocrx_word' id='word_1_462' title='bbox 1313 2520 1435 2564; x_wconf 76' lang='lat' dir='ltr'><strong>habes,</strong></span> <span class='ocrx_word' id='word_1_463' title='bbox 1462 2521 1524 2555; x_wconf 91' lang='lat' dir='ltr'><strong>Du</strong></span> <span class='ocrx_word' id='word_1_464' title='bbox 1548 2520 1684 2555; x_wconf 78' lang='lat' dir='ltr'><strong>kannst</strong></span> 
     </span>
     <span class='ocr_line' id='line_1_48' title="bbox 216 2567 1683 2615; baseline -0.005 -9"><span class='ocrx_word' id='word_1_465' title='bbox 216 2572 350 2606; x_wconf 87' lang='lat' dir='ltr'><strong>darauf</strong></span> <span class='ocrx_word' id='word_1_466' title='bbox 371 2572 549 2615; x_wconf 87' lang='lat' dir='ltr'><strong>rechnen,</strong></span> <span class='ocrx_word' id='word_1_467' title='bbox 575 2571 658 2604; x_wconf 88' lang='lat' dir='ltr'><strong>hast</strong></span> <span class='ocrx_word' id='word_1_468' title='bbox 682 2569 903 2603; x_wconf 81' lang='lat' dir='ltr'><strong>aufDeiner</strong></span> <span class='ocrx_word' id='word_1_469' title='bbox 920 2568 1035 2603; x_wconf 89' lang='lat' dir='ltr'><strong>Seite.</strong></span> <span class='ocrx_word' id='word_1_470' title='bbox 1052 2587 1095 2592; x_wconf 97' lang='lat'><strong>—</strong></span> <span class='ocrx_word' id='word_1_471' title='bbox 1121 2568 1294 2603; x_wconf 80' lang='lat' dir='ltr'><strong>Paullum</strong></span> <span class='ocrx_word' id='word_1_472' title='bbox 1318 2567 1518 2602; x_wconf 89' lang='lat' dir='ltr'><strong>consulem.</strong></span> <span class='ocrx_word' id='word_1_473' title='bbox 1537 2585 1581 2591; x_wconf 94' lang='lat'><em>-</em></span> <span class='ocrx_word' id='word_1_474' title='bbox 1610 2567 1683 2600; x_wconf 81' lang='lat' dir='ltr'><strong>Cu-</strong></span> 
     </span>
     <span class='ocr_line' id='line_1_49' title="bbox 216 2613 1680 2659; baseline -0.004 -6"><span class='ocrx_word' id='word_1_475' title='bbox 216 2619 276 2653; x_wconf 70' lang='lat' dir='ltr'><strong>rio</strong></span> <span class='ocrx_word' id='word_1_476' title='bbox 303 2646 311 2653; x_wconf 90' lang='lat'><em>.</em></span> <span class='ocrx_word' id='word_1_477' title='bbox 330 2645 338 2653; x_wconf 91' lang='lat'>.</span> <span class='ocrx_word' id='word_1_478' title='bbox 364 2619 546 2659; x_wconf 69' lang='lat' dir='ltr'><strong>Furnius,</strong></span> <span class='ocrx_word' id='word_1_479' title='bbox 582 2617 688 2650; x_wconf 85' lang='lat' dir='ltr'><strong>ambo</strong></span> <span class='ocrx_word' id='word_1_480' title='bbox 715 2615 858 2649; x_wconf 88' lang='lat' dir='ltr'><strong>tribuni</strong></span> <span class='ocrx_word' id='word_1_481' title='bbox 889 2614 1024 2659; x_wconf 85' lang='lat' dir='ltr'><strong>plebis.</strong></span> <span class='ocrx_word' id='word_1_482' title='bbox 1063 2618 1116 2647; x_wconf 81' lang='lat' dir='ltr'><strong>est</strong></span> <span class='ocrx_word' id='word_1_483' title='bbox 1148 2613 1218 2647; x_wconf 87' lang='lat' dir='ltr'><strong>tibi</strong></span> <span class='ocrx_word' id='word_1_484' title='bbox 1243 2625 1289 2647; x_wconf 90' lang='lat'>=</span> <span class='ocrx_word' id='word_1_485' title='bbox 1314 2614 1441 2648; x_wconf 81' lang='lat' dir='ltr'><strong>habes.</strong></span> <span class='ocrx_word' id='word_1_486' title='bbox 1489 2613 1615 2646; x_wconf 88' lang='lat' dir='ltr'><strong>Ueber</strong></span> <span class='ocrx_word' id='word_1_487' title='bbox 1639 2614 1680 2647; x_wconf 88' lang='lat' dir='ltr'><strong>C.</strong></span> 
     </span>
     <span class='ocr_line' id='line_1_50' title="bbox 215 2658 1681 2706; baseline -0.003 -7"><span class='ocrx_word' id='word_1_488' title='bbox 215 2665 377 2700; x_wconf 81' lang='lat' dir='ltr'><strong>Furnius</strong></span> <span class='ocrx_word' id='word_1_489' title='bbox 403 2676 431 2699; x_wconf 86' lang='lat' dir='ltr'><strong>s.</strong></span> <span class='ocrx_word' id='word_1_490' title='bbox 459 2664 505 2698; x_wconf 85' lang='lat' dir='ltr'><strong>ad</strong></span> <span class='ocrx_word' id='word_1_491' title='bbox 529 2663 661 2698; x_wconf 85' lang='lat' dir='ltr'><strong>Famil.</strong></span> <span class='ocrx_word' id='word_1_492' title='bbox 680 2662 791 2706; x_wconf 83' lang='lat' dir='ltr'>VIII,</span> <span class='ocrx_word' id='word_1_493' title='bbox 813 2663 868 2695; x_wconf 87' lang='lat' dir='ltr'><strong>ll.</strong></span> <span class='ocrx_word' id='word_1_494' title='bbox 888 2662 944 2696; x_wconf 84' lang='lat'><strong>15.</strong></span> <span class='ocrx_word' id='word_1_495' title='bbox 970 2661 1025 2702; x_wconf 89' lang='grc' dir='ltr'><strong>Χ,</strong></span> <span class='ocrx_word' id='word_1_496' title='bbox 1045 2662 1077 2694; x_wconf 93' lang='lat' dir='ltr'><strong>l.</strong></span> <span class='ocrx_word' id='word_1_497' title='bbox 1097 2662 1130 2696; x_wconf 83' lang='lat'><strong>3.</strong></span> <span class='ocrx_word' id='word_1_498' title='bbox 1148 2661 1182 2696; x_wconf 81' lang='lat'><strong>6.</strong></span> <span class='ocrx_word' id='word_1_499' title='bbox 1200 2661 1234 2696; x_wconf 86' lang='grc'><strong>8.</strong></span> <span class='ocrx_word' id='word_1_500' title='bbox 1254 2662 1310 2695; x_wconf 89' lang='grc'><strong>10.</strong></span> <span class='ocrx_word' id='word_1_501' title='bbox 1333 2662 1390 2694; x_wconf 88' lang='grc'><strong>11.</strong></span> <span class='ocrx_word' id='word_1_502' title='bbox 1425 2658 1469 2693; x_wconf 82' lang='grc'><strong>3(1</strong></span> <span class='ocrx_word' id='word_1_503' title='bbox 1495 2659 1606 2693; x_wconf 83' lang='lat' dir='ltr'><strong>Attic.</strong></span> <span class='ocrx_word' id='word_1_504' title='bbox 1626 2659 1681 2703; x_wconf 87' lang='lat' dir='ltr'><strong>V,</strong></span> 
     </span>
    </p>
   </div>
   <div class='ocr_carea' id='block_1_4' title="bbox 216 2710 1682 2800">
    <p class='ocr_par' dir='ltr' id='par_1_5' title="bbox 216 2710 1682 2800">
     <span class='ocr_line' id='line_1_51' title="bbox 216 2710 658 2755; baseline -0.005 -10"><span class='ocrx_word' id='word_1_505' title='bbox 216 2714 273 2748; x_wconf 79' lang='lat' dir='ltr'><strong>is.</strong></span> <span class='ocrx_word' id='word_1_506' title='bbox 298 2712 378 2755; x_wconf 86' lang='lat' dir='ltr'><strong>IX,</strong></span> <span class='ocrx_word' id='word_1_507' title='bbox 396 2713 502 2745; x_wconf 82' lang='grc'><strong>6.11.</strong></span> <span class='ocrx_word' id='word_1_508' title='bbox 528 2710 658 2753; x_wconf 86' lang='lat' dir='ltr'>X‚25.</span> 
     </span>
     <span class='ocr_line' id='line_1_52' title="bbox 307 2751 1682 2800; baseline -0.006 -7"><span class='ocrx_word' id='word_1_509' title='bbox 307 2759 340 2793; x_wconf 85' lang='lat'><strong>6.</strong></span> <span class='ocrx_word' id='word_1_510' title='bbox 369 2758 594 2792; x_wconf 76' lang='lat' dir='ltr'><strong>Extremum.</strong></span> <span class='ocrx_word' id='word_1_511' title='bbox 628 2754 668 2792; x_wconf 89' lang='lat' dir='ltr'><strong>S.</strong></span> <span class='ocrx_word' id='word_1_512' title='bbox 695 2754 724 2798; x_wconf 84' lang='lat'><strong>§.</strong></span> <span class='ocrx_word' id='word_1_513' title='bbox 740 2754 762 2790; x_wconf 80' lang='lat'><strong>2</strong></span> <span class='ocrx_word' id='word_1_514' title='bbox 781 2757 967 2800; x_wconf 79' lang='lat' dir='ltr'><strong>postremo</strong></span> <span class='ocrx_word' id='word_1_515' title='bbox 992 2759 1120 2788; x_wconf 81' lang='lat' dir='ltr'><strong>cet.-—</strong></span> <span class='ocrx_word' id='word_1_516' title='bbox 1143 2763 1201 2787; x_wconf 85' lang='lat' dir='ltr'><strong>me</strong></span> <span class='ocrx_word' id='word_1_517' title='bbox 1225 2755 1364 2798; x_wconf 62' lang='lat' dir='ltr'><strong>appot„</strong></span> <span class='ocrx_word' id='word_1_518' title='bbox 1390 2751 1453 2788; x_wconf 86' lang='lat' dir='ltr'><strong>Du</strong></span> <span class='ocrx_word' id='word_1_519' title='bbox 1479 2752 1561 2786; x_wconf 87' lang='lat' dir='ltr'><strong>hast</strong></span> <span class='ocrx_word' id='word_1_520' title='bbox 1584 2751 1682 2785; x_wconf 90' lang='lat' dir='ltr'><strong>mich</strong></span> 
     </span>
    </p>
   </div>
  </div>
 </body>
</html>
