1795 3043
180 32 282 81 312
443 30 508 77 M.
545 29 600 76 T.
638 30 980 78 CICERONIS
1016 31 1393 80 EPISTOLAE.

181 152 358 194 pensum
386 154 508 183 nemo
538 142 680 184 ferret.
740 143 822 185 Sed
851 144 960 186 haec
991 156 1150 186 coram.
1208 143 1316 185 Nam
1345 145 1468 186 multi
1496 157 1652 187 sermo·

183 199 251 238 nis
281 201 390 239 sunt.
458 199 628 240 Tironis
658 198 877 241 reficiendi
907 214 1001 255 spes
1030 203 1093 242 est
1121 202 1166 242 in
1195 201 1253 241 Μ’
1283 201 1433 244 Curio:
1476 204 1552 245 cui-
1575 216 1650 257 ego

184 255 336 307 scripsi
364 254 444 295 tibi
464 268 559 296 eum
581 257 863 309 gratissimum
885 259 1111 300 facturum.
1168 258 1265 301 Dat.
1285 270 1326 300 v,
1345 258 1408 300 ld.
1428 259 1650 303 Decembr.

187 323 213 351 a
242 311 393 352 Pontio
424 325 476 353 ex
505 313 760 355 Trebulano.

376 460 691 511 EPISTOLA
726 466 941 513 CCXCV.
1005 466 1086 527 (ad
1122 466 1214 512 Att.
1250 463 1358 511 VII.
1392 467 1463 526 4.)

405 537 486 572 scr.
521 539 621 574 circa
651 540 740 575 Idus
765 542 861 577 Dee.
894 542 939 577 A.
964 542 1011 577 υ.
1038 543 1077 577 c·
1103 544 1183 579 704.
1216 544 1265 586 (a.
1291 541 1332 576 c.
1359 541 1433 585 50.)

185 601 412 649 Dionysium
437 606 555 641 Attici
581 608 758 643 libertum
783 610 829 643 ad
855 621 936 644 eum
962 611 1116 645 Romam
1140 610 1291 644 missurn
1317 609 1453 644 laudat.
1479 610 1511 644 1.
1559 608 1649 654 quid

185 648 389 694 Pompeius
414 663 539 687 secum
566 654 612 688 de
637 654 875 700 impendente
900 657 1002 690 bello
1021 657 1125 691 civili
1141 657 1288 692 locutus
1309 656 1371 700 sit,
1388 656 1514 690 refert.
1529 654 1650 692 2—3.

678 723 861 759 CICERO
894 725 1082 760 ATTICO
1115 725 1155 761 S.

297 777 542 832 Dionysium
573 781 820 836 flagrantem
849 783 1056 824 desiderio
1086 785 1150 824 tui
1179 784 1272 825 misi
1301 783 1353 825 ad
1382 785 1438 831 te,
1470 795 1550 824 nec
1569 794 1653 824 me-

183 831 361 874 hercule
389 849 526 888 aequo
557 840 694 879 animo
705 846 727 889 3·
749 840 821 880 sed
850 840 930 880 suit
960 841 1296 881 concedendum:
1328 853 1452 892 quem
1481 839 1651 891 quidem

184 892 363 942 cognovi
392 905 522 944 quum
537 895 720 945 doctum,
749 897 861 949 quod
890 897 997 937 mihi
1015 898 1100 938 iam
1128 899 1225 938 ante
1255 900 1346 938 erat
1375 901 1535 947 notum,
1564 897 1652 936 tum

183 958 284 987 sane
312 949 484 1000 plenum
513 951 661 1001 officii,
694 954 923 994 studiosum
953 955 1080 995 etiam
1111 966 1227 994 meae
1255 954 1407 1006 laudis,
1436 954 1550 1006 frugi
1578 954 1653 993 ho-

183 1005 341 1045 minem
372 1019 445 1059 ac,
485 1019 538 1048 ne
567 1009 815 1050 libertinum
844 1011 1017 1052 laudare
1055 1011 1223 1062 videar,
1261 1012 1387 1063 plane
1416 1010 1551 1050 virum
1582 1009 1654 1050 bo-

133 1053 161 1092 2
184 1072 299 1100 num.
361 1062 610 1115 Pompeium
641 1067 729 1107 vidi
758 1081 815 1107 lv.
849 1068 911 1110 Id.
941 1067 1213 1108 Decembres:
1244 1068 1399 1107 fuimus
1425 1080 1510 1107 una
1527 1067 1654 1107 horas

181 1116 286 1157 duas
316 1120 504 1160 sortasse.
562 1123 718 1176 Magna
747 1125 911 1165 laetitia
941 1125 1046 1165 mihi
1075 1126 1190 1165 visus
1220 1126 1283 1164 est
1317 1123 1432 1164 affici
1460 1136 1553 1164 meo
1584 1123 1653 1163 ad·-

189 1180 1649 1195 Ἢ

182 1205 365 1252 ideoque,
399 1220 511 1252 quum
537 1210 611 1245 sint
637 1213 824 1256 obaerati,
856 1213 980 1247 dotem
1012 1214 1115 1248 filiae
1149 1224 1251 1247 meae
1284 1213 1497 1258 cupiebant.
1544 1213 1651 1249 SCH.

183 1251 248 1287 Sic
274 1254 366 1288 Cod.
394 1255 536 1290 decurt.
563 1258 652 1291 Bos.
678 1258 764 1293 Sch.
789 1260 884 1293 Liin.
917 1260 1027 1293 Bent.
1053 1270 1155 1292 reum
1178 1270 1234 1292 me
1258 1260 1379 1301 facere
1403 1264 1530 1293 rentur
1554 1259 1650 1295 Cett.

181 1309 264 1332 cum
295 1299 386 1339 Md„
411 1309 562 1345 praeter
584 1303 732 1348 Lamb.,
761 1305 825 1348 qui
851 1305 951 1339 coni:
979 1316 1081 1339 reum
1105 1316 1160 1337 me
1184 1306 1305 1347 facere
1322 1308 1457 1348 parant
1479 1312 1515 1339 et
1531 1305 1651 1346 Lall.‚

183 1344 248 1388 qui
273 1356 294 1379 e
319 1346 408 1380 Cld.
426 1347 548 1391 Regio
574 1360 675 1383 reum
698 1362 752 1385 me
766 1352 939 1394 facerent.
991 1351 1186 1386 ORELLI.
1212 1351 1294 1385 Der
1310 1351 1403 1386 Sinn
1423 1351 1547 1385 dieser
1559 1351 1652 1385 Les-

181 1397 238 1424 art
261 1392 391 1426 wtirde
415 1394 516 1428 sein:
551 1395 641 1438 „die
666 1407 760 1436 nun,
793 1397 881 1431 weil
915 1398 975 1431 ich
1008 1398 1119 1431 ihnen
1153 1397 1274 1431 meine
1307 1397 1470 1431 Tochter
1495 1397 1653 1431 verwei-

182 1443 267 1480 gert
293 1438 408 1481 habe,
433 1441 521 1473 sehr
544 1453 662 1484 gerne
676 1443 987 1488 Anklagepuncte
1002 1454 1121 1488 gegen
1143 1443 1240 1477 mich
1255 1443 1443 1477 aul‘finden
1461 1443 1649 1486 mochum,

183 1483 299 1517 oder
325 1484 386 1518 die
411 1485 508 1519 mich
533 1487 720 1532 dadurch,
745 1490 830 1523 dass
856 1490 916 1523 ich
941 1490 994 1523 als
1019 1489 1345 1533 Schwiegervater
1367 1489 1478 1523 ihnen
1503 1489 1652 1523 aushel-

182 1529 243 1562 sen
268 1531 424 1574 miisste,
451 1532 653 1575 eigentlich
679 1535 716 1568 in
741 1535 931 1570 Schulden
958 1547 1003 1569 zu
1028 1536 1185 1578 bringen
1210 1536 1426 1579 gedenken,
1454 1535 1491 1569 in
1517 1535 1652 1570 Schul-

182 1574 254 1608 den
282 1576 439 1619 bringen
452 1579 620 1623 wiirden,
645 1590 686 1613 so
711 1581 795 1615 dass
811 1581 870 1614 ich
886 1582 1036 1615 alsdann
1056 1581 1092 1615 in
1107 1582 1227 1615 lauter
1240 1582 1386 1625 Klagen
1406 1581 1586 1625 geriethe.
1605 1600 1650 1607 —

177 1625 328 1664 praeter
352 1633 452 1666 eum,
479 1625 521 1658 de
545 1636 613 1669 quo
634 1637 702 1670 per
726 1631 759 1660 te
784 1628 936 1669 egimus,
987 1627 1027 1662 S.
1054 1638 1112 1672 ep.
1139 1627 1411 1671 CLXXXVII,
1437 1628 1469 1661 2.
1496 1647 1541 1653 —-
1589 1638 1651 1661 ea·-

177 1677 280 1711 pens.
307 1678 408 1702 nemo
433 1671 548 1711 ferret
573 1671 596 1705 i.
619 1683 649 1706 e.
677 1684 783 1707 nemo
810 1673 856 1706 iis
871 1673 1063 1718 pecuniam
1080 1673 1264 1707 crederet.
1314 1674 1379 1707 Ich
1400 1676 1537 1707 miisste
1552 1674 1649 1707 mich

183 1713 262 1746 also
299 1714 358 1747 fiir
393 1714 448 1748 sie
481 1718 690 1762 verbiirgen
725 1719 798 1753 und
823 1730 863 1753 so
889 1720 926 1753 in
960 1720 1405 1755 Verantwortlichkeiten
1441 1720 1513 1752 und
1552 1720 1649 1755 Ver-

182 1759 512 1796 driesslichkeiten
537 1766 697 1800 stin-zen.
724 1785 769 1790 —
816 1767 923 1800 multi
945 1777 1051 1800 serm.
1082 1769 1185 1809 sunt,
1229 1776 1268 1799 es
1303 1766 1350 1800 ist
1375 1765 1462 1801 Viel
1490 1766 1652 1799 dariiber

182 1815 229 1839 zu
246 1816 372 1850 sagen.
398 1826 442 1832 —
490 1809 548 1842 ΛΓ
562 1810 688 1854 Curio,
711 1811 797 1845 Asc.
814 1814 843 1847 1.
881 1813 977 1847 Crat.
1001 1811 1106 1848 Vict.
1119 1814 1149 1846 1.
1181 1812 1268 1845 Bos.
1287 1812 1420 1847 GraeV.
1446 1812 1501 1846 M.
1522 1812 1647 1846 Curio.

182 1850 222 1885 S.
251 1863 309 1896 ep.
328 1852 414 1895 293,
438 1855 471 1888 3.
508 1855 596 1899 292,
622 1859 657 1892 3.
691 1859 778 1901 289,
805 1860 836 1892 1.
876 1859 965 1901 283,
991 1859 1024 1892 2.
1052 1876 1095 1882 -
1142 1859 1346 1900 facturum,
1388 1858 1449 1892 Du
1484 1857 1651 1892 werdest

181 1896 282 1931 Dich
300 1897 374 1931 ihm
401 1900 508 1934 dafur
532 1902 663 1937 hochst
677 1905 892 1938 verbunden
906 1905 1041 1938 halten.
1069 1905 1263 1947 facturum.
1282 1904 1384 1938 Vale.
1398 1905 1483 1937 Asc.
1497 1904 1532 1938 2.
1549 1904 1647 1938 Crat.

182 1943 330 1985 Lamb.,
357 1951 394 1978 ut
412 1946 492 1980 sere
510 1958 658 1993 semper
681 1949 773 1984 Vale
788 1951 926 1984 addunt
942 1950 977 1984 in
1001 1951 1179 1994 fineEpp.
1200 1952 1376 1993 futurum.
1441 1949 1544 1983 Vale.
1558 1950 1647 1984 Asc.

212 2000 240 2023 r.
271 1990 343 2023 ΟΒ.
371 2010 412 2015 -
451 2004 485 2027 υ.
510 1994 566 2028 Id.
591 1996 694 2039 Dec„
721 2007 776 2029 am
801 1998 832 2032 9.
850 1998 946 2032 Dec.
973 2016 1016 2022 —
1065 2008 1087 2030 a
1106 1996 1247 2035 Pontio,
1274 2008 1337 2030 aus
1365 1996 1432 2029 der
1457 1996 1561 2031 Villa
1581 1995 1647 2030 des
1683 2040 1687 2044 Ι

220 2061 228 2069 .
256 2035 414 2070 Pontius
439 2040 579 2082 Aquila
613 2042 676 2075 auf
704 2042 785 2076 dem
818 2043 1031 2078 Trebulano
1066 2043 1220 2087 praedio
1256 2041 1395 2075 unweit
1420 2041 1585 2075 Trebula
1610 2042 1646 2076 in

180 2081 425 2126 'Campaniem
461 2083 500 2119 S.
527 2098 583 2131 ep.
607 2088 816 2131 CCXCHI,
843 2091 877 2124 2.
918 2089 1157 2132 CLXXXV,
1184 2091 1214 2122 1.
1250 2088 1513 2129 CLXXXVI,
1540 2089 1569 2121 1.

274 2130 308 2162 l.
341 2129 491 2174 Dionys.
527 2143 557 2166 s.
583 2143 616 2168 z,
643 2134 763 2179 vorig.
789 2136 905 2170 Brief.
931 2136 959 2179 §.
983 2138 1037 2170 10.
1058 2154 1101 2161 —-
1146 2145 1209 2168 nec
1235 2160 1244 2168 .
1260 2161 1290 2168 ..
1317 2144 1428 2177 aequo
1454 2134 1576 2167 animo
1599 2144 1649 2168 =:

178 2181 226 2210 so
252 2173 400 2208 schwer
425 2188 464 2209 es
489 2178 560 2212 mir
585 2181 678 2214 auch
703 2182 847 2225 ankam,
874 2182 971 2216 mich
995 2192 1067 2215 von
1093 2181 1233 2215 diesem
1259 2191 1304 2214 zu
1322 2188 1548 2214 trennen.—
1573 2183 1648 2212 tum

184 2230 282 2254 sane.
318 2219 384 2255 Sic
408 2222 506 2258 Iens.
534 2225 679 2260 Rursus
705 2227 752 2261 de
777 2229 915 2263 Manut.
944 2239 1043 2273 susp.
1081 2227 1165 2262 Sch.
1199 2227 1294 2260 Liin.
1329 2230 1452 2259 notum
1485 2229 1647 2259 sanctum

184 2266 263 2299 Md.
288 2276 309 2300 a
332 2277 390 2311 pr.
418 2279 465 2302 m.
506 2270 614 2305 Unde
639 2280 813 2318 apparet,
841 2278 916 2307 tum
941 2286 1051 2318 quum
1077 2273 1251 2306 omissum
1278 2279 1375 2306 esset
1400 2283 1420 2305 a
1445 2272 1646 2317 nonnullis,

189 2311 284 2345 male
308 2318 395 2357 post
417 2324 505 2347 sane
529 2319 739 2361 suppletum
765 2331 865 2354 esse:
900 2327 975 2355 tum
1000 2330 1085 2354 sane
1110 2323 1181 2352 tum
1209 2318 1391 2352 coaluisse
1418 2318 1453 2351 in
1469 2322 1644 2353 sanctum.

188 2377 205 2384 -
231 2362 374 2403 notum,
404 2363 477 2394 tum
507 2368 668 2397 sanctum
695 2367 797 2401 Med.
823 2378 844 2400 a
869 2378 944 2402 sec.
969 2378 1016 2400 m.
1043 2366 1140 2400 Cett.
1174 2365 1269 2398 Edd.
1300 2364 1494 2399 ORELLI.
1539 2365 1647 2399 lenes

186 2408 351 2438 sanctum
386 2409 551 2452 vertriigt
583 2410 661 2443 sich
693 2413 787 2446 auch
817 2413 920 2447 nicht
942 2413 1008 2446 mit
1040 2412 1123 2445 dem
1154 2411 1247 2455 folg.
1280 2412 1401 2444 virum
1437 2411 1576 2444 bonum.
1599 2418 1646 2435 “-

181 2451 280 2494 plen.
307 2452 391 2494 effi,
417 2452 724 2500 dienstfertig.—
760 2468 802 2491 ne
828 2459 1038 2493 libertinum
1063 2458 1240 2501 (Bouher.
1267 2468 1310 2490 ne
1334 2461 1409 2496 ut),
1436 2468 1481 2490 ne
1508 2463 1645 2490 tantum

187 2503 227 2529 ut
252 2497 469 2532 libertinum
495 2501 659 2545 laudern3
696 2514 777 2537 nam
804 2503 896 2538 istae
921 2505 1078 2539 virtutes
1103 2504 1238 2537 cadunt
1262 2503 1299 2537 in
1326 2503 1557 2546 libertinum,
1582 2503 1648 2536 ad-

185 2541 269 2576 dam
302 2543 448 2578 laudem
486 2558 506 2580 e
538 2559 676 2591 genere
710 2549 859 2583 maiori:
894 2552 953 2584 vir
985 2551 1104 2584 bonus
1138 2556 1212 2594 est,
1251 2561 1359 2583 sensu
1394 2550 1473 2583 scil.
1498 2548 1644 2582 Latino.

127 2623 130 2625 ,
185 2588 398 2623 Boulierius
424 2591 468 2625 ad
496 2593 648 2628 Tuscul.
674 2595 750 2638 III,
775 2597 805 2629 S.
849 2597 957 2631 etiam
983 2596 1191 2631 addendum
1218 2597 1370 2641 putabat
1393 2599 1452 2639 ui,
1478 2594 1563 2639 quia
1587 2605 1648 2628 re-

186 2645 276 2668 vera
302 2635 460 2671 libertus
492 2640 609 2674 Attici
637 2649 728 2675 erat.
755 2642 895 2677 Placet.
923 2643 1156 2677 ERNESTI.

277 2681 311 2715 2.
338 2694 392 2716 ιν.
420 2684 475 2718 Id.
502 2686 610 2727 Dec„
644 2698 700 2721 am
727 2689 780 2723 10.
805 2689 894 2724 Dec.
915 2709 955 2714 —-
997 2691 1169 2731 fortasse,
1203 2688 1330 2723 Lamb.
1358 2689 1444 2730 fere.
1471 2698 1540 2721 om.
1572 2687 1648 2729 for·
