1795 3043
246 98 347 146 560
517 91 580 137 M.
612 90 666 137 Τ.
695 89 1032 137 CICERONIS
1068 89 1440 137 EPISTOLAE.

250 207 469 248 tisfactum
507 204 571 243 est
609 203 690 243 iam
732 217 756 243 a
787 205 828 243 tc
866 204 933 244 vel
964 201 1108 243 officio
1138 204 1206 242 vel
1236 201 1541 252 familiaritati3
1599 203 1719 245 satis-

251 266 412 305 factum
446 261 571 301 etiam
603 260 794 313 partibus
826 263 867 300 et
898 262 936 300 ei
966 261 1028 300 rei
1060 260 1283 312 publicae,
1329 273 1453 311 quam
1493 263 1538 300 tu
1568 259 1720 312 proba-

201 318 227 358 3
252 321 342 362 bas.
402 320 627 370 Reliquum
665 320 750 369 est,
799 317 872 357 ubi
916 330 1028 357 nunc
1059 319 1122 357 est
1152 330 1220 357 res
1250 317 1444 370 publica,
1495 317 1558 358 ibi
1589 318 1729 359 simus·

249 379 413 431 potius,
463 388 611 427 quam,
670 375 769 414 dum
810 375 929 414 illam
967 377 1153 415 veterem
1201 386 1448 425 sequamur,
1500 375 1627 415 simus
1674 374 1721 414 in

251 436 384 475 nulla.
444 434 583 480 Quare
613 433 767 479 velim,
800 434 856 472 mi
880 432 1182 472 iucundissime
1203 431 1374 484 Cicero,
1405 433 1439 472 si
1469 433 1578 472 forte
1600 432 1723 472 Pom·

251 493 372 546 peius
412 492 557 543 pulsus
598 490 664 529 his
701 502 867 543 quoque
899 490 1003 529 locis
1045 502 1190 533 rursus
1220 490 1323 529 alias
1353 490 1548 543 regiones
1577 491 1723 541 petere

253 550 454 602 cogatur,
505 549 552 587 ut
581 549 627 587 tu
657 548 697 587 te
736 548 804 587 vel
833 547 1019 587 Athenas
1050 548 1118 587 vel
1147 546 1191 586 in
1223 547 1412 598 quamvis
1442 547 1629 598 quietam
1659 557 1724 586 re-

255 607 390 659 cipias
422 605 651 646 civitatem.
712 603 832 651 Quod
863 605 895 643 si
915 605 998 644 eris
1016 605 1226 652 facturus,
1258 605 1387 644 velim
1417 604 1523 644 mihi
1545 603 1724 654 scribas,

255 669 303 704 ut
335 675 436 715 eg0‚
475 663 511 702 si
539 663 630 702 ullo
661 660 784 701 modo
815 663 985 712 potero,
1018 661 1069 701 ad
1100 663 1142 701 te
1171 661 1375 701 advolem.
1435 661 1726 711 Quaecunque

255 721 308 761 de
339 723 412 760 *aa
442 719 648 772 dignitate
686 718 738 758 ab
779 718 1034 769 imperatore
1064 720 1188 758 erunt
1218 718 1499 771 impetranda,
1548 731 1632 770 qua
1662 718 1726 757 est

255 778 520 818 humanitate
551 776 726 823 Caesar,
778 776 1030 815 facillimum
1070 777 1153 815 erit
1190 774 1242 815 ab
1274 788 1323 816 eo
1360 775 1443 815 tibi
1473 775 1557 828 ipsi
1594 775 1725 827 impe-

256 838 390 875 trare:
432 836 474 874 et
496 846 610 874 meas
635 835 773 873 tamen
794 845 944 885 preces
975 833 1087 884 apud
1110 845 1206 873 eum
1237 845 1320 873 non
1340 832 1561 873 minimum
1584 833 1727 874 aucto-

257 893 398 933 ritatis
437 891 656 931 habituras
692 892 808 942 puto.
868 890 962 930 Erit
999 893 1097 931 tuae
1134 902 1303 941 quoque
1332 889 1431 930 fidei
1462 891 1504 929 et
1532 888 1727 930 humani·
1764 910 1766 926 ε

257 950 358 990 tatis
389 961 567 1000 curare,
614 949 662 987 ut
701 949 737 987 is
769 947 1039 994 tabellarius,
1085 960 1209 1000 quem
1248 947 1301 988 ad
1331 949 1372 988 te
1402 947 1523 999 misi,
1566 945 1727 988 reverti

257 1006 389 1060 possit
420 1006 471 1046 ad
501 1018 567 1045 me
598 1006 640 1045 et
671 1019 696 1044 a
725 1006 766 1044 te
796 1005 902 1045 mihi
931 1005 1078 1045 literas
1107 1005 1278 1044 referat.

447 1153 760 1200 EPISTULA
796 1154 1015 1199 CCCXC.
1061 1154 1142 1211 (ad
1177 1153 1284 1198 Div.
1313 1153 1432 1199 XIV.
1468 1154 1540 1212 S.)

308 1244 387 1278 Ser.
416 1242 452 1275 in
478 1242 610 1275 castris
636 1240 810 1285 Pompeii
837 1241 910 1276 IV.
925 1240 1023 1274 Non.
1041 1240 1120 1275 Iun.
1148 1242 1195 1274 A.
1219 1241 1266 1275 U.
1294 1242 1336 1277 C.
1361 1242 1439 1276 706.
1469 1242 1517 1284 (a.
1544 1240 1585 1276 C.
1610 1241 1687 1283 48.)

262 1313 465 1353 Hortatur,
499 1316 539 1343 ut
563 1307 814 1343 valetudinem
842 1315 946 1342 curet
972 1312 1031 1388 ῆι),
1066 1307 1099 1342 si
1125 1309 1215 1352 quid
1239 1308 1422 1344 acciderit
1445 1308 1556 1352 novi,
1596 1314 1732 1355 pergat

909 1365 983 1389 scri
1014 1366 1089 1389 ere.

630 1424 661 1457 T
670 1423 848 1457 ULLIUS
885 1423 1187 1458 TERENTIAE
1219 1424 1364 1460 SUAE.

380 1486 423 1527 S.
454 1485 503 1527 V.
532 1484 580 1524 B.
610 1484 662 1525 E.
694 1484 744 1524 Ε.
774 1483 822 1523 V.
858 1483 1154 1524 Valetudinem
1183 1485 1300 1524 tuam
1328 1484 1459 1525 velim
1488 1496 1611 1525 cures
1641 1482 1736 1524 dili·
1766 1497 1767 1501 ¹

265 1544 521 1597 gentissime.
580 1540 688 1581 Nam
727 1539 834 1580 mihi
875 1541 917 1579 et
947 1540 1148 1592 scriptum
1180 1543 1222 1581 et
1251 1543 1493 1583 nuntiatum
1523 1543 1585 1582 est
1615 1545 1658 1581 te
1687 1541 1736 1581 in

265 1601 421 1642 febrim
450 1599 589 1640 subito
618 1594 834 1638 incidisse.
895 1597 1013 1644 Quod
1051 1599 1251 1639 celeriter
1286 1612 1354 1639 me
1382 1599 1523 1639 fecisti
1552 1598 1604 1639 de
1635 1597 1738 1638 Cae-

267 1659 375 1699 saris
404 1657 542 1697 literis
572 1655 821 1703 certiorem,
867 1654 1004 1694 fecisti
1034 1655 1141 1695 mihi
1171 1658 1348 1709 gratum.
1406 1657 1513 1697 Item
1541 1656 1737 1708 posthae,

267 1717 304 1757 si
332 1715 433 1767 quid
463 1727 568 1766 opus
597 1714 701 1760 erit,
735 1712 769 1751 si
800 1711 901 1763 quid
933 1711 1139 1751 acciderit
1168 1714 1290 1761 novi,
1322 1714 1480 1766 facies,
1510 1715 1558 1754 ut
1586 1712 1735 1754 sciam.

270 1774 404 1821 Cura,
437 1774 484 1812 ut
513 1772 666 1813 valeas.
723 1770 841 1809 Vale.
901 1769 953 1810 D.
986 1782 1044 1810 1v.
1070 1769 1211 1810 Nonas
1241 1771 1332 1810 Iun.

270 1908 406 1942 sorgen
440 1877 597 1940 meges&
636 1913 681 1918 —
729 1893 851 1935 officio
884 1892 940 1925 vel
974 1893 1250 1936 familiaritati,
1290 1893 1436 1927 Deiner
1467 1892 1608 1927 Pflicht
1642 1893 1739 1927 oder

270 1943 542 1980 Freundschaft
565 1950 686 1985 gegen
711 1938 925 1984 PompeiuS.
961 1957 1005 1963 —
1048 1940 1217 1983 partibus
1240 1939 1306 1973 int.
1333 1939 1578 1983 optimatium.
1610 1957 1657 1966 —
1702 1938 1740 1973 ei

269 1992 328 2026 ‘rei
349 1990 535 2035 publicae,
576 1987 649 2021 und
673 1987 733 2019 fiir
756 1985 818 2019 die
841 1985 1073 2030 Versae-sung
1098 1986 1165 2019 der
1189 1985 1392 2030 Republik.

362 2040 395 2072 3.
428 2036 490 2068 abi
512 2045 617 2068 nunc.
651 2032 793 2066 Bened.
831 2031 917 2066 sch.
950 2032 1043 2066 Lun.
1077 2044 1097 2066 e
1122 2033 1259 2066 Dresd.
1297 2043 1375 2066 sec.
1399 2034 1458 2074 ut,
1488 2030 1573 2074 ubi,
1604 2029 1738 2074 sicque
1793 2036 1795 2052 ¹

271 2084 423 2119 volebat
448 2081 576 2115 Lamb.
610 2080 755 2115 Placet.
793 2078 866 2111 012.
893 2097 937 2103 —
979 2080 1062 2112 clam
1089 2105 1096 2113 .
1116 2106 1123 2113 .
1144 2105 1152 2113 .
1179 2089 1389 2123 sequamur,
1422 2077 1547 2111 indem
1571 2077 1645 2111 wir
1670 2088 1740 2110 un-
1794 2082 1795 2100 ἰ

271 2141 381 2165 seren
408 2129 514 2173 Kopf
535 2127 599 2161 auf
620 2126 703 2160 iene
728 2125 803 2159 alte
835 2131 974 2158 setzen.
1022 2127 1206 2168 sequimur
1236 2125 1363 2159 Lamb.
1402 2125 1549 2159 Placet.
1585 2123 1659 2157 ΟΒ.
1691 2141 1739 2150 —-
1793 2124 1795 2148 ³

272 2177 513 2219 Quaecunque
538 2199 546 2208 .
566 2201 574 2208 .
595 2198 604 2207 .
630 2172 879 2216 impetranda,
918 2172 1010 2207 Was
1036 2172 1096 2205 Du
1128 2173 1223 2205 auch
1247 2182 1293 2206 zu
1317 2171 1566 2215 Behauptung
1591 2168 1741 2203 Deiner
1793 2172 1795 2211 ‘j

271 2223 419 2258 Wiirde
450 2221 545 2255 beim
578 2218 949 2253 Oberbefehlshaber
980 2219 1263 2252 nachzusuchen
1295 2218 1443 2251 hattest.
1482 2235 1528 2241 --
1583 2226 1655 2259 qua
1685 2217 1740 2249 est
1793 2218 1795 2240 ·'

271 2269 366 2304 hum.
382 2295 392 2311 ‚
416 2268 510 2301 nach
529 2267 661 2300 Casars
687 2264 918 2307 Humanum,
944 2268 1121 2308 verm‘oge
1138 2265 1262 2299 seiner
1273 2262 1498 2297 Humanitat.
1535 2261 1571 2297 S.
1586 2262 1737 2296 Ramsh.

272 2317 302 2360 §.
325 2316 411 2358 159,
442 2316 487 2355 3,
524 2324 558 2346 e.
607 2312 751 2346 Grotef.
778 2312 807 2354 §.
833 2312 922 2354 374,
955 2313 1062 2346 Anm.
1088 2312 1122 2346 2.
1161 2330 1206 2336 —
1252 2311 1321 2344 tibi
1350 2310 1447 2354 ipsi,
1493 2308 1612 2342 durch
1637 2307 1740 2342 Dich

272 2363 402 2397 selbst.
453 2360 522 2394 tibi
551 2361 668 2402 ipsum
699 2358 787 2393 Sch.
820 2357 915 2391 Liin.
941 2357 1062 2402 coni.,
1099 2357 1200 2404 quod
1234 2367 1366 2391 sensus
1399 2362 1436 2391 et
1467 2354 1660 2400 oppositio
1686 2354 1740 2389 ita

269 2408 475 2454 postulent.
515 2406 557 2441 S.
585 2405 738 2440 Ramsh.
764 2405 790 2448 §.
810 2405 893 2447 158,
919 2404 960 2447 2,
983 2404 1018 2439 d.
1046 2424 1089 2429 —
1136 2404 1272 2438 reverti
1295 2403 1375 2438 scil.
1401 2402 1483 2437 sine
1506 2400 1693 2446 periculo.

362 2456 395 2488 l.
424 2454 569 2497 febrim.
601 2452 704 2485 Haec
730 2451 859 2484 eadem
884 2451 1034 2485 videtur
1058 2450 1193 2494 fuisse,
1227 2461 1335 2494 quam
1361 2448 1564 2484 Dolabella
1589 2459 1650 2492 ep.
1668 2447 1739 2483 389

270 2500 525 2546 significabat,
550 2509 663 2541 quum
689 2496 904 2531 Terentiam
929 2497 1050 2531 minus
1072 2497 1175 2531 belle
1201 2508 1242 2532 se
1266 2495 1443 2531 habuisse
1466 2494 1667 2530 scribebat.
1691 2511 1739 2519 —-
1775 2507 1776 2510 ¹

270 2548 315 2581 de
349 2546 524 2581 Caesaris
553 2545 675 2578 literis
710 2544 734 2578 i.
770 2555 802 2578 e.
835 2554 930 2586 quae
960 2555 982 2579 a
1012 2545 1172 2579 Caesare
1203 2549 1290 2579 sunt
1321 2543 1457 2578 missae
1489 2541 1657 2576 Romam.
1691 2557 1737 2569 —-

272 2593 340 2629 IV.
369 2593 497 2627 Nonas
522 2593 628 2634 Ian„
662 2601 718 2625 am
743 2590 776 2625 2.
797 2590 941 2624 Iunius.
