1795 3043
467 74 779 124 EPISTOLA
828 74 1181 122 CCCLXXVII.
1461 82 1563 131 533

90 188 224 231 Axius
260 188 305 230 in
343 189 427 231 hae
468 201 562 230 mea
590 189 692 241 suga
729 187 817 229 HS.
836 199 941 230 xm.
980 200 1064 229 non
1104 187 1267 237 reddit,
1317 200 1427 241 quae
1466 189 1564 233 dedi

92 246 182 287 eius
210 245 302 287 filio
331 250 501 300 mutua,
534 247 577 287 et
605 246 740 286 utitur
769 244 1040 286 excusatione
1071 246 1296 297 temporis;
1335 247 1372 287 si
1402 246 1562 298 Lepta;

92 303 128 343 si
159 303 316 353 ceteri3
353 305 467 345 soleo
496 303 662 353 mirari,
695 302 745 342 de
774 301 916 342 nescio
948 301 1044 353 quis
1070 303 1158 345 HS.
1175 315 1243 343 XX.
1276 314 1407 354 quum
1436 304 1563 344 audio

90 371 143 400 ex
181 360 258 401 illo
300 372 344 400 se
379 361 536 415 urgeri.
595 359 721 400 Vides
762 358 875 399 enim
906 360 1099 410 profecto
1130 360 1354 412 angustias.
1412 359 1562 400 Curari

88 417 228 457 tamen
258 429 308 458 ea
339 417 418 459 tibi
447 417 595 469 utique
624 416 756 457 iubet.
813 415 880 456 An
912 416 1127 456 existimas
1155 417 1276 457 illum
1306 415 1351 456 in
1381 417 1463 458 isto
1493 430 1563 470 ge·-

88 485 190 514 nere
219 475 428 515 lentulum
457 477 531 516 aut
557 473 827 515 restrictum?
878 484 1003 514 nemo
1034 475 1098 514 est
1125 473 1277 514 minus.
1335 474 1400 515 De
1429 475 1561 515 fratre
1584 480 1612 519 3

88 531 205 572 satis.
263 531 327 571 De
358 532 448 572 eius
478 531 591 583 filio,
621 529 798 571 indulsit
815 529 883 570 illi
913 529 1083 582 quidem
1112 543 1211 571 suus
1230 531 1353 583 pater
1370 543 1560 583 semper3

87 587 160 628 sed
198 599 283 627 non
323 589 428 629 facit
467 588 734 640 indulgentia
772 586 1018 628 mendacem
1059 588 1132 629 aut
1161 601 1336 629 avarum
1373 590 1446 629 aut
1474 600 1561 629 non

87 646 298 685 amantem
323 658 514 694 suorum3
552 646 739 685 ferocem
760 646 939 684 sortasse
962 647 1089 695 atque
1110 647 1376 698 arrogantem
1395 647 1437 685 et
1455 645 1562 688 infe-

84 701 194 741 stum
225 701 343 742 facit.
400 702 548 753 Itaque
578 701 708 742 habet
738 702 845 742 haec
876 713 1066 754 quoque,
1106 713 1214 754 quae
1241 704 1478 743 nascumur
1509 713 1561 742 ex
1623 751 1625 754 Α

84 757 372 811 indulgentia:
415 759 489 799 sed
520 772 569 800 ea
598 760 697 798 sunt
727 757 968 799 tolerabilia
996 782 1055 788 —-
1112 758 1214 809 quid
1245 759 1358 799 enim
1387 758 1561 800 dicam?

83 836 140 844 -
168 816 250 856 hac
276 814 527 857 iuventute?
584 816 649 856 Ea
678 828 801 862 vero,
835 828 944 866 quae
973 815 1079 856 mihi
1107 815 1299 867 quidem,
1332 816 1406 867 qui
1434 816 1561 856 illum

83 883 204 924 amo,
239 874 337 913 sunt
365 873 433 913 his
463 872 566 925 ipsis
597 873 746 920 malis,
787 872 832 912 in
862 870 958 924 quis
987 885 1154 922 sumus,
1189 873 1432 925 miseriora,
1473 884 1562 913 non

83 931 182 969 sunt
212 929 265 970 ab
297 929 498 981 obsequio
528 931 673 970 nostro
684 943 697 979 3
748 941 847 969 nam
886 942 983 969 suas
1014 930 1181 971 radices
1210 929 1395 979 habe11t3
1455 941 1561 981 quas

83 987 225 1026 tamen
257 987 487 1027 evellerem
514 988 733 1039 profecto,
762 986 798 1026 si
827 986 992 1027 liceret.
1055 987 1139 1028 Sed
1161 999 1211 1026 ea
1226 988 1419 1038 tempora
1447 987 1562 1038 sunt,

82 1045 129 1083 ut
157 1044 300 1084 omnia
328 1044 432 1083 mihi
463 1044 546 1084 sint
575 1042 791 1094 patienda.
830 1043 923 1096 Ego
948 1055 1089 1083 meum
1109 1043 1238 1084 facile
1262 1045 1399 1083 teneo.
1439 1042 1561 1084 Nihil

82 1102 145 1140 est
173 1101 285 1140 enim
314 1112 365 1141 eo
396 1100 688 1141 tractabilius:
725 1100 847 1141 cuius
877 1099 1047 1151 quidem
1075 1099 1369 1141 misericordia
1396 1099 1561 1153 langui-

80 1240 196 1276 tentia
221 1248 296 1277 est:
328 1249 394 1287 „et
419 1254 550 1279 revera
575 1255 719 1278 omnem
742 1255 892 1288 operam
920 1244 1001 1286 dat,
1029 1250 1069 1280 ut
1085 1244 1154 1280 tibi
1174 1245 1415 1280 satisfaciat.”
1448 1244 1556 1280 sed..

80 1288 225 1322 laborat
259 1288 347 1325 sch.
374 1289 473 1326 coni.
521 1294 555 1324 et
579 1291 721 1324 laboret
754 1291 852 1326 Cett.
889 1290 1001 1325 etiam
1025 1291 1118 1327 Ern.
1144 1302 1227 1325 cum
1253 1291 1331 1326 Md.
1360 1291 1455 1327 Cdd.
1480 1291 1559 1326 Re-

79 1334 172 1414 giis,
209 1336 334 1370 Oxou.
360 1338 392 1371 1.
419 1337 452 1370 2.
479 1336 574 1370 mala
600 1336 892 1373 constructione.
939 1337 1111 1371 Deberet
1135 1337 1266 1372 saltem
1293 1347 1396 1372 esse:
1430 1348 1495 1372 nec
1519 1363 1528 1372 .
1547 1363 1557 1372 .

95 1382 239 1425 aberet,
271 1382 371 1424 quod
398 1381 625 1426 proponitur
650 1382 688 1417 in
713 1394 759 1417 m.
786 1384 888 1418 1584.
931 1383 1130 1417 ORELLI.
1155 1401 1200 1409 ——
1239 1384 1278 1418 Q.
1304 1384 1427 1417 Axius
1451 1383 1558 1418 sene-

78 1433 193 1462 rator.
250 1428 342 1464 vid.
376 1439 436 1473 ep.
460 1428 569 1464 XVI.
614 1429 741 1463 forsan
776 1428 873 1463 idem
901 1440 983 1462 cum
1016 1435 1210 1472 senatore,
1253 1429 1318 1473 qui
1349 1430 1388 1463 in
1419 1429 1558 1464 Roseis

78 1473 207 1508 villam
233 1473 363 1508 habuit
387 1480 425 1510 et
449 1475 495 1509 ad
521 1475 745 1510 Ciceronem
771 1476 941 1509 exsulem
967 1475 1131 1520 scripsit.
1181 1474 1270 1512 Vid.
1298 1486 1358 1521 ep.
1380 1475 1493 1510 LXX
1518 1480 1556 1510 et

77 1520 232 1555 CXLII.
282 1521 359 1554 Zur
385 1519 506 1555 Sache
532 1521 608 1564 vgl.
636 1532 696 1566 ep.
715 1523 803 1565 331,
828 1522 863 1556 4.
896 1541 937 1546 —
986 1521 1028 1554 ‘in
1052 1521 1120 1555 hac
1142 1532 1190 1556 m.
1215 1522 1311 1563 fuga
1344 1521 1439 1556 kurz
1465 1527 1556 1556 statt

77 1577 190 1609 quum
218 1567 287 1600 hac
311 1577 451 1602 summa
476 1566 566 1600 mihi
593 1578 688 1612 opus
715 1567 763 1601 sit
794 1567 840 1601 ad
867 1567 990 1610 sugam
1015 1577 1145 1602 meam.
1179 1585 1224 1592 —
1272 1567 1338 1601 HS
1360 1568 1475 1602 XIII.
1508 1579 1555 1601 z

78 1614 167 1648 1300
192 1613 295 1647 Flor.
331 1631 378 1639 -·-
423 1614 505 1647 utit.
542 1624 618 1649 exc.
651 1618 780 1658 temp„
818 1612 893 1646 und
928 1612 1009 1646 sich
1041 1612 1108 1646 mit
1133 1612 1201 1647 der
1227 1613 1444 1648 schlechten
1471 1613 1556 1647 Zeit

78 1659 345 1703 entschuldigt.
379 1677 424 1684 —
472 1659 601 1703 Lepta.
647 1658 686 1694 S.
724 1671 782 1712 ep.
812 1659 1023 1703 CCCLIII,
1060 1660 1091 1692 1.
1133 1677 1178 1684 —-
1224 1659 1260 1693 si
1291 1660 1404 1694 ceteri
1444 1659 1554 1694 debi-

77 1711 200 1748 tores,
241 1716 351 1749 quam
387 1705 442 1739 eis
473 1711 638 1739 mutuam
673 1705 761 1739 ded1
791 1704 1008 1749 pecuniam,
1053 1715 1128 1739 non
1152 1704 1326 1742 reddunt.
1360 1724 1405 1732 —-
1453 1706 1553 1740 soleo

76 1752 215 1786 mee-ari
246 1758 339 1794 cet.,
372 1762 414 1785 so
439 1762 539 1785 muss
564 1752 624 1785 ich
649 1752 849 1795 gestelien,
878 1751 962 1784 dass
990 1761 1029 1784 es
1048 1750 1145 1784 mich
1163 1752 1554 1796 z11f.veilenwunde1·t‚

76 1809 187 1832 wenn
214 1798 274 1832 ich
299 1798 412 1840 hore,
445 1797 528 1831 dass
554 1797 651 1830 mein
676 1797 826 1831 Bruder
852 1808 910 1830 um
936 1797 1027 1830 2000
1050 1798 1154 1831 Flor.
1182 1816 1224 1822 —
1263 1809 1324 1832 wo
1351 1798 1422 1832 mir
1446 1799 1555 1832 recht

77 1843 126 1878 ist
151 1863 195 1869 -
243 1855 285 1878 so
319 1843 560 1887 geangstiget
592 1843 702 1877 wird.
742 1864 787 1869 --
842 1843 1039 1885 lentulum,
1079 1842 1139 1877 ein
1172 1843 1300 1887 wenig
1332 1844 1551 1888 saumselig.

77 1891 116 1924 in
146 1890 218 1924 isto
248 1900 383 1933 genere
416 1889 442 1923 i.
471 1901 504 1923 e.
537 1889 576 1923 in
608 1889 768 1934 pecunia
793 1888 996 1923 reddenda.
1030 1907 1076 1914 —-
1124 1890 1352 1935 restrictum,
1391 1890 1554 1925 zuriick-

76 1935 243 1970 haltend.
292 1935 344 1970 So
378 1935 574 1969 restrictus
607 1942 645 1970 et
670 1941 783 1971 tenax
807 1936 847 1971 in
873 1936 978 1973 Orat.
1004 1935 1133 1973 Plane.
1161 1947 1191 1972 c.
1209 1936 1290 1983 223
1338 1937 1552 1972 restrictior

77 1993 128 2017 ex
151 1982 276 2017 alieno
301 1981 347 2016 ad
371 1981 460 2016 Div.
487 1982 567 2025 ΙΙΙ,
590 1982 622 2017 8.

166 2052 201 2086 3.
233 2050 290 2085 De
322 2049 400 2084 eius
431 2050 530 2092 filio,
569 2060 649 2084 was
674 2050 804 2085 seinen
830 2050 935 2087 Sohn
960 2051 1116 2087 betrifft.
1149 2070 1192 2078 —·
1241 2062 1314 2086 non
1338 2062 1409 2085 am.
1435 2061 1550 2094 auor„

76 2097 215 2132 lieblos
240 2107 363 2140 gegen
389 2096 451 2130 die
477 2096 671 2141 Seinigen.
715 2097 753 2132 S.
781 2099 932 2133 Ramsh.
959 2100 989 2142 §.
1008 2101 1096 2141 107,
1122 2099 1155 2134 4.
1195 2098 1338 2132 Grotef.
1365 2098 1492 2141 §.24⁶1,
1518 2098 1552 2132 4.

78 2163 122 2170 —-
161 2145 338 2186 ferocem,
374 2143 492 2176 frech.
533 2161 578 2168 -
625 2143 764 2186 infers-L,
803 2144 1136 2189 ungeschmeidig,
1173 2144 1467 2179 widersetzlich.
1508 2161 1554 2168 —

77 2189 183 2224 habet
206 2189 292 2223 haec
316 2188 419 2223 vitia.
447 2207 491 2214 -
528 2188 596 2222 hac
619 2189 812 2224 iuventute.
850 2190 915 2225 Sic
940 2190 1119 2234 distinxi,
1153 2196 1192 2224 ut
1217 2190 1284 2225 sit:
1319 2196 1432 2235 „sunt
1456 2189 1553 2223 tole-

77 2235 214 2271 rabilia
229 2261 239 2279 ,
266 2234 489 2279 praesertim
515 2246 627 2279 quum
653 2235 800 2279 reliqua
824 2242 953 2271 nostra
972 2237 1145 2272 iuventus
1166 2243 1238 2271 tam
1264 2236 1311 2270 sit
1334 2237 1554 2281 corrupta?

77 2288 119 2316 ut
151 2287 257 2317 recte
288 2281 359 2315 iam
398 2280 603 2324 explicavit
636 2282 794 2316 Corrad.
843 2281 925 2316 Hoc
956 2294 1067 2325 quum
1100 2294 1174 2316 non
1213 2283 1554 2317 animadverterent

77 2330 167 2363 Asc.
205 2338 282 2362 sec.
309 2327 410 2362 Crat.
442 2327 592 2370 Lamb.‚
627 2328 842 2361 ediderunt:
886 2329 973 2371 quid
999 2330 1094 2362 enim
1119 2330 1242 2364 dicam
1266 2330 1310 2362 de
1335 2328 1403 2362 hac
1428 2328 1554 2362 iuven-

78 2373 180 2407 tute?
225 2372 287 2407 vel
318 2377 403 2406 sunt
426 2374 651 2408 tolerabilia.
703 2374 799 2409 Quid
834 2375 930 2408 enim
961 2375 1108 2418 dicam,
1147 2376 1215 2410 hac
1240 2376 1423 2409 iuventute
1454 2374 1552 2407 Cett.

80 2418 279 2454 ORELLI.
303 2437 348 2445 ·—
388 2420 606 2463 miseriora,
645 2421 749 2454 mehr
774 2419 953 2454 Kummer
976 2421 1144 2455 macheu.
1171 2439 1214 2446 —-
1259 2421 1397 2464 obseq„
1429 2419 1554 2454 Nach-

77 2463 301 2510 giebigkeit.
352 2463 392 2499 S.
418 2467 584 2510 ep.366,
611 2466 644 2500 6.
679 2484 725 2492 --·
773 2477 856 2499 nam
878 2476 976 2501 suas.
1027 2466 1092 2502 Sic
1124 2467 1242 2502 Codd.
1268 2467 1428 2500 Decurt.
1453 2465 1552 2499 Tor-

78 2522 180 2546 naeS.
209 2513 382 2554 (quorum
403 2521 608 2546 consensus
634 2512 846 2556 sequendus
872 2514 971 2557 erat)
995 2514 1129 2556 Margo
1155 2514 1255 2547 Crat.
1281 2512 1380 2548 Vict.
1401 2513 1433 2545 1.
1460 2522 1551 2554 nom

78 2568 165 2591 suas
188 2556 284 2591 Cett.
310 2566 391 2590 cum
410 2557 512 2599 Md„
537 2558 637 2600 quod
664 2558 735 2592 etsi
761 2558 972 2601 elegantius
997 2559 1126 2601 videri
1144 2564 1291 2603 potest,
1326 2564 1445 2592 tamen
1463 2568 1553 2602 pro-

78 2604 216 2638 sectum
240 2602 367 2648 potius
393 2609 451 2637 est
473 2603 519 2637 ab
545 2605 706 2649 ἄβλεψία
730 2604 994 2648 librariorum,
1027 2605 1092 2648 qui
1119 2611 1205 2648 post
1229 2615 1261 2638 v.
1289 2615 1360 2637 non
1383 2607 1466 2637 sunt
1490 2603 1554 2638 hic

81 2660 233 2695 quoque
266 2648 500 2692 negationem
532 2649 639 2693 sequi
674 2641 814 2685 debere
844 2657 1039 2695 putarent:
1082 2650 1166 2685 scil.
1198 2650 1236 2684 in
1262 2652 1346 2685 Asc.
1378 2657 1552 2693 utraque,

79 2697 181 2730 Crat.
208 2694 263 2730 sic
289 2701 360 2729 est:
396 2700 541 2737 nostram
582 2707 654 2729 non
679 2696 808 2731 habent
832 2707 919 2731 suas
942 2709 974 2731 r.
1012 2696 1088 2730 ΟΕ.
1118 2714 1165 2723 --
1210 2708 1327 2730 meum
1345 2695 1476 2730 filium.
1509 2713 1555 2722 --

80 2747 196 2786 teneo,
217 2741 310 2776 halt*
335 2741 396 2776 ich
422 2741 459 2776 in
487 2743 554 2777 der
580 2743 710 2778 Zucht.
731 2761 773 2769 —-
809 2746 930 2787 traca,
956 2743 1225 2780 lenksameres.
1250 2762 1294 2769 —
1327 2741 1556 2786 languide..
