1795 3043
206 61 308 120 476
465 55 534 112 M.
569 55 627 102 Τ.
662 52 1006 104 CICERONIS
1041 50 1415 110 EPISTOLAE.

209 177 296 223 cst,
324 171 438 225 quod
458 172 604 223 potius
628 169 885 219 faciamus.·
923 167 990 209 Ab
1008 174 1186 222 utroque
1205 175 1358 222 portus
1387 182 1521 212 cor-nu
1541 174 1671 213 moles

210 232 412 275 tacimus,
454 233 504 267 ut
533 232 611 266 aut
649 228 769 267 illum
799 229 1110 279 quamprimum
1141 230 1367 274 traiicere,
1405 228 1519 281 quod
1545 229 1673 272 habet

159 287 190 327 2
214 286 438 327 Brundisii
459 287 699 335 copiarum,
737 296 940 336 cogamus
969 289 1048 323 aut
1075 286 1188 324 exitu
1211 285 1528 335 prohibeamus.
1586 285 1671 326 Ubi

209 344 274 385 est
303 342 380 382 illa
409 353 515 393 pax,
545 340 598 380 de
628 352 712 391 qua
734 339 892 380 Balbus
923 340 1152 391 scripserat
1182 340 1376 391 torqueri
1397 341 1470 381 se?
1520 341 1673 392 ecquid

209 396 436 440 acerbius?
495 396 648 450 ecquid
690 396 936 440 crudelius?
1003 397 1142 447 Atque
1191 410 1286 437 eum
1326 395 1456 449 'loqui
1503 398 1673 450 quidam

207 454 462 498 αὐθεντικῶς
500 454 722 496 narrabatt
786 454 861 496 Cn.
896 452 1126 506 Carbonis,
1173 454 1234 496 M.
1264 455 1389 495 Bruti
1431 468 1475 495 se
1515 467 1673 508 poenas

206 514 408 566 persequi
446 513 715 564 omniumque
757 523 926 564 eorum,
974 511 1018 553 in
1059 511 1163 562 quos
1204 512 1323 552 Sulla
1363 512 1549 553 crudelis
1589 513 1673 554 hoc

206 571 324 611 socio
355 570 523 611 fuissett
558 569 668 609 nihil
692 568 916 609 Curionem
945 581 990 608 se
1019 568 1128 609 duce
1156 570 1320 620 facere,
1350 568 1462 621 quod
1484 582 1569 610 non
1597 570 1671 609 hic

206 628 328 668 Sulla
357 628 466 668 duce
494 627 664 667 fecisset
694 624 725 676 ἦ·
755 625 808 666 ad
837 625 1128 666 ambitionem:
1168 625 1214 679 [a
1242 627 1318 678 se,]
1350 625 1504 678 quibus
1533 626 1673 668 exsilii

204 696 344 737 poena
373 683 664 736 superioribus
694 682 860 735 legibus
890 694 975 722 non
991 682 1162 731 fuisset3
1202 683 1255 723 ab
1283 684 1361 723 illo
1390 684 1556 736 patriae
1575 694 1673 736 pro-

204 741 363 783 ditores
392 742 444 783 de
474 741 623 782 exsilio
652 739 853 780 reductos
882 751 995 780 esse:
1042 740 1164 790 queri
1192 740 1244 781 de
1272 741 1434 782 Milone
1468 753 1547 793 per
1585 740 1679 782 vim.

203 799 403 851 expulso3
458 799 671 838 neminem
713 798 854 838 tamen
899 809 946 840 se
988 796 1267 845 violaturum,
1317 798 1400 838 nisi
1437 798 1512 850 qui
1553 810 1672 839 arma

201 857 366 898 contra.
424 856 543 897 Haec
565 853 971 911 Baebiusquidam,
1002 868 1028 895 a
1048 851 1229 894 Curione
1258 866 1330 897 111.
1349 854 1411 894 Id.
1440 856 1671 907 profectus,

202 912 331 954 homo
361 925 446 954 non
476 913 639 964 infans,
677 911 751 952 sed
780 911 894 965 quis,
939 910 1019 951 ulli
1048 923 1132 951 uon
1163 911 1291 953 dicat.
1349 911 1483 952 Plane
1512 912 1670 963 nescio,

199 970 303 1022 quid
332 982 464 1024 agam.
513 970 643 1012 Illinc
673 969 871 1021 equidem
890 968 1076 1010 Gnaeum
1096 969 1338 1021 profectum
1366 970 1486 1021 puto.
1543 968 1671 1016 Quid-

197 1095 246 1130 25
270 1094 385 1139 Seqq.
410 1112 455 1120 —
501 1103 635 1137 cornu,
666 1092 811 1127 Enden.
837 1110 880 1117 ——
922 1094 1115 1131 traiicere,
1147 1090 1387 1135 eingeschifft
1411 1092 1522 1135 (nach
1543 1091 1671 1126 Mace-

199 1141 355 1184 donien)
383 1141 665 1175 iiberzusetzen.
690 1157 735 1164 -—
779 1140 887 1181 exit„
925 1139 1126 1180 Aussahrt‚
1160 1137 1376 1172 Auslausen.
1425 1138 1552 1172 Ueber
1575 1138 1670 1183 quod

198 1188 390 1233 copiarum
415 1198 444 1222 s.
470 1186 620 1220 Ramsh.
647 1185 675 1227 §.
691 1185 777 1228 104,
803 1185 839 1219 2.
879 1184 1024 1219 Grotef.
1051 1185 1078 1229 §.
1094 1184 1173 1221 231.

289 1245 322 1279 2.
359 1244 523 1288 torqueri
545 1252 595 1275 se.
638 1241 677 1276 S.
710 1240 833 1284 vorig.
859 1240 924 1277 Br.
955 1242 982 1285 §.
998 1241 1034 1275 2.
1071 1260 1116 1266 —-
1163 1243 1283 1284 Atque
1313 1251 1415 1282 eum,
1455 1240 1665 1276 Caesarem.

197 1309 244 1318 --
278 1290 591 1330 αὐθεικτικῶς,
632 1291 738 1322 certo
777 1293 950 1328 auctore,
992 1287 1055 1321 vel
1096 1286 1142 1320 ab
1173 1286 1257 1331 ipso
1295 1287 1456 1320 Caesare
1489 1287 1666 1320 auditum.

197 1337 306 1372 SCH.
342 1355 387 1361 -
444 1335 642 1377 narrabat,
690 1334 826 1368 GraeV.
861 1333 960 1368 coni.
1000 1333 1225 1376 narrabant,
1273 1333 1373 1367 Man.
1414 1336 1581 1366 narrant.
1623 1351 1666 1357 —

197 1381 382 1419 carbonis
408 1407 416 1415 .
437 1406 473 1416 ..
500 1382 631 1419 Bruti,
670 1391 712 1415 er
743 1379 860 1413 wolle
884 1379 1015 1415 Rache
1049 1379 1208 1413 nehmen
1242 1379 1302 1413 fiir
1334 1378 1396 1412 die
1428 1378 1668 1423 Ermordung

195 1429 264 1463 des
297 1430 363 1464 Cn.
391 1429 513 1463 Carbo
548 1427 623 1461 und
648 1426 805 1462 Prators
837 1427 887 1462 M.
912 1427 1052 1460 Brutus
1079 1436 1116 1459 u.
1141 1435 1170 1461 S.
1196 1436 1245 1460 W.
1297 1424 1418 1458 Beide
1442 1435 1570 1459 waren
1594 1425 1668 1459 Pa-

196 1475 329 1511 tricier
368 1475 444 1509 und
482 1474 654 1518 Haupter
692 1473 760 1506 der
800 1472 930 1508 Partei
971 1472 1037 1506 des
1070 1471 1213 1506 Marius
1254 1471 1328 1505 und
1367 1470 1504 1515 Cinna3
1562 1471 1668 1505 iener

195 1533 277 1557 war
311 1520 470 1556 dreimal
496 1520 635 1554 Consul
668 1530 857 1563 gewesen.
910 1518 948 1554 S.
980 1518 1144 1563 Appian.
1172 1520 1214 1561 1,
1246 1518 1290 1552 89
1316 1518 1352 1551 ff.
1401 1517 1592 1552 Plutarch.
1629 1517 1667 1551 in

195 1569 333 1612 Pomp.
366 1586 413 1596 --
460 1567 526 1600 hoc
555 1566 742 1610 Pompeio
775 1568 895 1608 socio,
930 1571 1040 1598 unter
1070 1564 1319 1607 Mitwirkung
1350 1563 1474 1598 dieses
1499 1564 1666 1599 Mannes.

196 1632 242 1640 —-·
274 1614 324 1648 acl
346 1613 602 1648 ambitionem.-
635 1612 674 1656 [α
698 1612 751 1655 se]
777 1612 916 1656 quibus.
964 1612 1067 1645 Haec
1092 1616 1281 1654 corrupta.
1331 1611 1496 1652 fecisset:
1532 1610 1575 1643 ab
1599 1609 1666 1643 hoc

197 1661 414 1706 (Pompeio)
449 1660 531 1703 lege
563 1659 606 1692 de
632 1659 769 1692 ambitu
803 1669 864 1691 eos
894 1668 937 1691 ex
961 1657 1049 1691 urbe
1080 1667 1156 1690 esse
1189 1657 1342 1700 eiectos,
1378 1657 1507 1700 quibus
1536 1656 1664 1690 Lamb.

195 1707 317 1742 coni.:
351 1717 466 1750 quae,
500 1704 600 1748 quod
626 1704 672 1738 ad
697 1703 917 1739 sententiam
942 1702 1132 1748 pertinet,
1169 1703 1298 1737 hausta
1322 1709 1407 1736 sunt
1431 1713 1480 1736 ex
1504 1702 1588 1736 Lib.
1608 1703 1663 1736 10.

195 1755 266 1799 Ep.
287 1754 319 1788 4.
347 1754 376 1796 §.
392 1755 425 1788 8.
461 1751 658 1787 ORELLI.
708 1751 753 1784 ab
778 1751 845 1785 illo
870 1751 1014 1793 bezoge
1042 1749 1123 1782 sich
1148 1748 1302 1782 alsdann
1326 1747 1527 1792 aufSulla,
1553 1759 1664 1782 wenn

195 1811 281 1834 man
313 1800 416 1834 nicht
450 1799 518 1832 mit
550 1799 580 1833 I.
606 1798 650 1832 F.
677 1798 844 1832 Gronov.
872 1797 917 1830 ab
948 1796 1015 1829 illo
1050 1793 1249 1838 (Curione)
1280 1794 1409 1838 patria
1433 1799 1596 1828 extorres
1620 1795 1665 1828 de

196 1846 329 1880 exsilio
360 1847 550 1879 reductum
580 1844 634 1878 iri
664 1844 770 1878 lesen
798 1844 954 1885 wollte3
992 1852 1068 1876 was
1101 1841 1238 1875 iedoch
1268 1840 1352 1874 eine
1377 1841 1464 1874 sehr
1488 1841 1665 1874 unwahr-
1768 1846 1775 1879 ζ,

195 1891 429 1928 scheinliche
454 1891 658 1926 Coniectur
690 1890 752 1925 ist.
800 1891 849 1924 ad
879 1889 1025 1931 ambit„
1062 1899 1124 1921 um
1156 1887 1237 1921 sich
1259 1887 1359 1921 beim
1385 1885 1492 1921 Sulla
1515 1897 1563 1921 zu
1588 1897 1665 1921 em-
1769 1883 1774 1903 ³

194 1939 350 1984 psehlen
382 1937 456 1971 und
489 1937 555 1971 auf
585 1937 670 1970 dem
693 1937 818 1980 Wege
853 1936 979 1969 seinen
1006 1934 1186 1978 Ehrgeitz
1211 1943 1258 1968 zu
1283 1932 1532 1977 besriedigen.
1580 1944 1604 1966 α
1627 1943 1666 1966 se

194 1985 437 2020 inseruerunt
460 1984 553 2018 Ern.
590 1982 676 2019 sch.
707 1983 803 2017 Liin.
837 1982 918 2016 scil.
947 1980 1140 2015 reductum
1166 1979 1214 2014 iri
1247 1990 1333 2024 eos,
1374 1979 1511 2024 quibus
1535 1979 1665 2014 exsilii

194 2042 319 2077 poena
350 2030 613 2074 superioribus
646 2029 794 2073 legibus
825 2035 910 2063 ante
934 2028 1039 2071 leges
1064 2025 1315 2071 Pompeianas
1341 2036 1414 2058 non
1439 2026 1585 2060 fuisset.
1618 2044 1664 2051 -—

195 2078 354 2120 abillo,
390 2076 576 2122 Pompeio
602 2075 731 2110 Sullae
755 2075 860 2110 socio
892 2075 954 2110 vel
985 2075 1030 2108 ab
1055 2073 1138 2117 ipso
1165 2072 1282 2107 Sulla.
1331 2072 1420 2106 Man
1452 2072 1534 2106 lese
1570 2072 1665 2116 quod

194 2124 256 2158 lzic
271 2130 368 2172 *statt
392 2124 487 2167 quod
518 2133 590 2156 non
614 2122 698 2166 laic,
740 2121 787 2156 da
817 2121 897 2156 sich
928 2121 1024 2154 doch
1050 2119 1166 2153 Curio
1204 2119 1260 2153 als
1283 2118 1403 2161 Legat
1440 2118 1505 2153 des
1530 2118 1664 2152 casam

194 2170 330 2206 keiner
347 2168 610 2204 Sullanischen
628 2168 941 2203 Grausamkeiten
960 2165 1133 2209 schuldig
1150 2164 1319 2210 gemacht
1336 2164 1410 2197 hat.
1436 2183 1481 2189 -
1514 2164 1663 2208 expulso
1724 2192 1727 2193 γ

193 2215 439 2260 aPompeio‚
471 2215 579 2249 cuius
603 2215 773 2249 consiliis
788 2214 883 2250 Milo
908 2213 1059 2258 saepius
1084 2212 1299 2246 adversatus
1325 2215 1437 2244 esset.
1460 2227 1505 2237 —
1534 2214 1663 2244 contra

194 2264 279 2298 scil.
315 2261 457 2297 tulerit.
493 2280 537 2286 --
584 2262 767 2304 Baebius5
807 2260 953 2294 vicinus
986 2258 1104 2294 Attici
1138 2257 1237 2293 idem
1271 2257 1442 2290 fortasse.
1483 2256 1571 2291 vid.
1599 2268 1659 2301 ep.

194 2310 276 2345 628.
327 2309 418 2352 Erg.
454 2307 641 2342 narrabat.
682 2327 725 2333 --
783 2308 863 2341 ΙΙΙ.
895 2307 953 2341 Id.
993 2306 1110 2348 Mart,
1155 2314 1213 2337 am
1246 2304 1303 2337 13.
1334 2303 1452 2337 Marz.
1490 2321 1534 2328 —
1590 2313 1663 2336 non

193 2357 338 2400 infans,
371 2355 440 2388 der
466 2353 551 2388 eine
577 2354 750 2387 ziemlich
777 2353 964 2398 gelaufige
988 2352 1117 2395 Zunge
1142 2350 1218 2384 hat.
1243 2368 1288 2375 —
1325 2349 1349 2392 †
1373 2349 1437 2383 sed
1460 2348 1561 2393 quis,
1592 2349 1665 2383 ulli

193 2413 266 2436 uon
290 2403 406 2444 dicat,
437 2400 528 2435 aber
552 2400 778 2434 schwerlich
801 2399 936 2434 Einem
961 2408 1075 2441 Sagen
1098 2397 1255 2439 konnte,
1280 2396 1375 2429 VVer
1400 2406 1443 2429 er
1465 2394 1533 2430 sei.
1563 2394 1661 2429 Ern.

194 2448 315 2483 tenuit
339 2448 433 2482 hane
456 2446 655 2481 lectionem
682 2446 766 2480 edd.
784 2452 876 2490 vet.⁷
909 2450 951 2478 ut
975 2443 1024 2479 sit
1047 2442 1280 2488 periphrasis
1306 2441 1466 2477 hominis
1492 2440 1662 2482 obscuri;

193 2501 235 2530 ut
259 2507 319 2539 ep.
338 2495 404 2528 147
431 2493 478 2527 de
493 2493 674 2527 Octavio:
705 2502 771 2526 oro
796 2496 849 2535 te,
875 2493 955 2536 quis
978 2494 1018 2523 tu,
1040 2490 1104 2523 es?
1140 2488 1278 2523 Rosius
1304 2498 1395 2523 vero
1418 2492 1655 2522 correxerat:

192 2542 256 2576 sed
280 2542 315 2575 S.
352 2540 543 2584 (salutem)
575 2539 647 2572 ulli
676 2549 748 2572 non
781 2539 881 2572 dicat
910 2538 934 2571 i.
962 2547 992 2570 e.
1027 2535 1091 2579 qui
1116 2534 1255 2569 nemini
1286 2534 1432 2568 nuntiet
1463 2545 1525 2578 ea,
1564 2543 1660 2578 quae

193 2594 322 2633 optata
346 2593 383 2621 et
408 2585 586 2622 salutaria
611 2585 694 2619 sint.
727 2584 835 2619 SCH.
871 2583 1000 2620 Lamb.
1028 2583 1119 2617 1566
1149 2583 1228 2625 qais
1252 2581 1322 2614 illa
1348 2592 1418 2615 non
1442 2581 1558 2614 dicat:
1593 2579 1659 2614 sed

192 2634 347 2673 volebat
384 2632 431 2666 de
462 2632 631 2666 Turnebi
662 2631 865 2665 Sententia:
907 2630 971 2663 sed
1007 2629 1069 2673 qui
1097 2628 1170 2662 soli
1203 2638 1275 2661 non
1306 2627 1419 2663 dicat.
1461 2625 1657 2660 GRELLI.

192 2680 280 2714 Man
313 2678 482 2724 supplire
516 2689 562 2712 zu
588 2679 666 2722 quis
690 2687 755 2712 aus
780 2677 864 2711 dem
891 2676 1077 2711 Contexte
1102 2674 1179 2708 sibi
1202 2674 1429 2713 narraverit,
1463 2674 1658 2707 Caesarem

193 2727 248 2762 ita
279 2726 474 2770 loquutum
510 2735 604 2759 esse.
639 2742 684 2750 -
732 2723 862 2767 Illinc,
901 2733 922 2757 a
952 2720 1170 2757 Brundisio.
1219 2720 1316 2754 illim
1348 2719 1492 2765 quidem
1528 2717 1656 2753 Lamb.
