1795 3043
165 85 266 134 244
438 79 501 125 lu.
540 77 594 122 T.
625 65 972 122 'clonaowls
1007 55 1379 124 EPI‘STOLAE.

304 191 623 245 EPISTOLA
658 189 928 236 CCLXVII.
972 189 1056 249 (ad
1089 190 1194 236 Div.
1231 190 1363 236 VIII.
1400 190 1506 250 11.)

354 280 435 315 Ser.
461 280 604 314 Romae
634 287 760 312 mense
785 276 893 311 Iunio
926 277 970 312 A.
997 277 1042 311 U.
1069 278 1109 313 C.
1135 279 1213 314 704.
1247 279 1294 322 (a.
1321 277 1361 313 C.
1387 277 1461 321 50.)

171 349 480 396 Supplicationes
505 346 682 383 Ciceroni
708 347 862 381 remotis
888 346 1033 380 tandem
1067 344 1341 391 impedimentis
1366 344 1536 379 decretas
1560 353 1643 379 esse

173 397 330 432 nuntiat.
365 398 384 430 l
399 414 443 420 —-
465 395 501 429 2.
540 394 595 428 rei
616 393 790 438 publicae
811 399 942 428 statum
967 393 1160 428 describit.
1179 394 1212 428 3.
1255 390 1558 435 commentarium
1583 402 1643 425 re-

174 455 255 480 rum
282 443 504 477 urbanarum
529 441 640 476 mittit
665 446 702 474 et
726 451 796 486 pro
822 446 951 474 curato
978 439 1139 475 Sittiano
1166 438 1321 483 negotio
1345 437 1485 483 gratias
1508 437 1643 482 agit.4.

630 507 847 543 CAELIUS
878 508 1123 543 CICERONI
1153 507 1194 545 S.

290 582 384 624 Non
417 581 502 633 diu,
532 579 605 619 scd
636 577 795 618 acriter
824 590 900 618 nos
930 579 1028 619 tuae
1059 577 1389 632 supplicationes
1411 578 1644 618 torserunt:

177 640 463 689 incideramus
492 637 604 676 enim
633 636 677 674 in
707 634 929 675 difficilem
959 634 1128 676 nodum.
1186 635 1294 676 Nam
1321 635 1449 675 Curio
1478 635 1544 675 tui
1575 646 1647 675 cu·

177 698 438 751 pidissimus‚
471 695 541 734 cui
571 692 764 732 omnibus
793 691 1029 732 rationibus
1068 693 1305 733 comitiales
1341 691 1647 745 eripiebantur,

178 754 360 808 negabat
387 765 431 792 se
460 752 548 791 ullo
579 749 703 789 modo
733 749 821 800 pati
851 760 972 801 posse
1005 748 1176 791 decerni
1202 750 1548 803 supplicationes,
1578 760 1649 801 ne,

179 812 291 864 quod
320 812 464 850 surore
494 807 639 848 Paulli
667 806 843 857 adeptus
873 807 981 845 esset
1013 804 1132 858 boni,
1174 819 1248 846 sua
1277 808 1406 859 culpa
1433 806 1650 846 videretur

180 868 368 910 amisisse
422 866 465 905 et
512 863 833 917 praevaricator
880 875 1030 902 causae
1078 863 1276 914 publicae
1323 864 1649 904 existimaretur.
1755 899 1757 903 ,

180 927 328 976 Itaque
358 924 409 965 ad
440 923 682 974 pactionem
712 919 1028 960 descendimus:
1061 922 1103 959 et
1132 919 1437 960 confirmarunt
1455 920 1651 960 consules
1706 942 1715 951 -=
1753 950 1756 968 ς

181 996 226 1023 se
256 983 323 1023 his
351 977 734 1032 supplicationibus
762 978 808 1017 in
838 978 953 1017 hunc
983 989 1139 1017 annum
1167 989 1252 1017 non
1281 990 1441 1017 usuros.
1499 977 1650 1025 Plane,
1753 980 1756 993 '

181 1040 293 1092 quod
333 1038 523 1088 utrisque
563 1034 806 1077 consulibus
842 1034 998 1086 gratias
1036 1047 1160 1087 agas,
1201 1036 1285 1075 est:
1333 1034 1484 1075 Paullo
1519 1034 1653 1087 magis

499 1155 734 1192 CAELIUS.
782 1155 821 1190 S.
848 1166 894 1190 zu
927 1167 986 1201 ep.
1015 1156 1155 1191 CXCII
1181 1155 1230 1190 im
1253 1157 1342 1193 Ans.

275 1220 307 1252 1.
335 1221 484 1259 tor-ser„
511 1215 611 1248 diess
631 1213 809 1247 Geschaft
833 1213 870 1246 in
885 1213 1034 1246 Betreff
1053 1213 1121 1246 der
1146 1224 1220 1247 von
1235 1214 1309 1248 Dir
1333 1214 1542 1259 begehrten
1565 1224 1654 1259 sup-

182 1264 340 1310 plicatio
373 1264 435 1296 hat
469 1272 537 1296 uns
574 1261 677 1293 nicht
708 1260 838 1302 lange,
879 1259 970 1292 aber
1004 1258 1111 1292 desto
1137 1259 1300 1303 liitziger
1325 1271 1372 1294 zu
1398 1261 1563 1295 schaffen
1587 1271 1654 1304 ge·
1680 1280 1682 1282 v

183 1312 316 1345 maclit.
335 1329 379 1334 --
417 1319 502 1351 7208,
530 1305 726 1341 Ciceronis
751 1304 966 1338 amicos.—
1009 1305 1063 1338 tui
1088 1305 1206 1348 cupid.
1231 1317 1277 1338 Ξ
1302 1306 1373 1340 etsi
1399 1306 1452 1340 tui
1478 1317 1562 1350 cup.
1589 1306 1652 1350 sit,

184 1357 361 1401 obgleich
394 1366 435 1388 er
471 1354 543 1388 Dir
575 1351 918 1386 ausserordentlich
950 1350 1053 1385 wohl
1086 1352 1187 1395 will;
1219 1352 1314 1385 nach
1345 1353 1414 1386 der
1443 1352 1656 1386 Redensart

186 1404 309 1438 omnia
339 1401 498 1436 alicuius
532 1410 642 1433 cansa
674 1409 824 1442 cupere.
862 1397 1133 1442 Brachylogia!
1153 1417 1198 1422 —
1237 1399 1299 1431 cui
1326 1410 1374 1432 Ξ
1405 1399 1505 1442 quod
1539 1399 1587 1432 ei.
1609 1413 1655 1424 -—-

184 1450 388 1484 comitiales
414 1448 494 1481 dies
512 1472 521 1488 ‚
555 1445 691 1489 quibus
717 1455 830 1487 agere
856 1455 937 1477 cum
963 1444 1105 1488 populo
1131 1444 1281 1478 licebat.
1330 1444 1406 1481 Die
1432 1445 1528 1479 noch
1548 1444 1657 1479 Anti-

183 1496 420 1531 c'asarischen
454 1493 619 1527 Consulit
653 1490 856 1525 Marcellus
893 1501 928 1523 u.
965 1490 1119 1523 Paullus
1159 1491 1318 1535 liessen,
1362 1491 1484 1525 indem
1522 1491 1577 1526 sie
1608 1502 1655 1525 an

183 1543 337 1578 solchen
363 1541 495 1584 Tagen
528 1539 599 1572 den
631 1536 792 1571 Hinnnel
824 1536 1097 1569 beobachteten
1132 1537 1206 1570 und
1237 1539 1450 1581 vox-gabea,
1485 1537 1547 1571 die
1576 1538 1656 1572 Au-

184 1589 329 1634 spicien
356 1587 457 1621 seien
484 1583 704 1628 ungunstig,
731 1582 802 1616 den
827 1581 942 1616 Curio
968 1582 1030 1615 nie
1055 1582 1148 1615 dazu
1171 1582 1364 1627 kommen,
1394 1585 1500 1618 seine
1523 1594 1570 1618 zu
1585 1584 1655 1618 Ga-

183 1647 263 1670 sars
290 1635 459 1668 Gunsten
485 1630 758 1674 ausgedachten
784 1628 952 1671 Antrage
977 1628 1059 1661 dem
1076 1628 1202 1664 Volke
1226 1637 1473 1673 vorzutragen
1498 1630 1574 1664 und
1599 1629 1655 1664 sie

185 1682 240 1716 als
265 1679 607 1716 Volksbeschliisse
642 1674 870 1720 (plebiscita)
900 1674 1210 1709 durchzusetzen.
1228 1694 1272 1700 —
1317 1677 1492 1719 negabat,
1524 1682 1564 1710 ut
1587 1686 1655 1721 par

215 1727 269 1761 ari
294 1727 473 1765 referret,
507 1722 784 1763 intercedebat,
817 1731 863 1753 ne
889 1719 1182 1754 decernerentur
1207 1722 1513 1766 supplicationes.
1551 1723 1656 1757 MA-

232 1774 310 1809 ΠΤ.
332 1792 374 1797 -
413 1783 475 1809 ne,
502 1770 596 1815 quod
621 1775 692 1802 etc.
731 1767 796 1802 Sic
821 1767 988 1811 explicat
1011 1767 1221 1801 Manutius:
1259 1768 1485 1810 „Curionem
1511 1767 1655 1802 dixisse

186 1819 314 1856 Paulli
341 1817 507 1852 consulis
534 1817 613 1849 dies
639 1813 845 1848 comitiales
870 1812 1069 1846 eximentis
1100 1814 1229 1846 furore
1253 1814 1326 1848 hoc
1356 1825 1397 1848 se
1429 1815 1518 1849 boni
1543 1815 1656 1859 adep·

188 1873 265 1901 tum
292 1876 393 1907 esse,
419 1862 520 1906 quod
546 1862 677 1896 iustam
702 1860 857 1893 liaberet
882 1870 1028 1892 causam
1053 1859 1303 1904 impediendi,
1339 1871 1386 1894 ne
1411 1861 1501 1904 quid
1526 1861 1658 1895 decer-

187 1924 279 1947 nere
310 1917 458 1945 senatus
489 1914 631 1953 posset.
682 1906 791 1941 Quod
825 1905 857 1939 si
891 1912 1041 1939 senatus
1067 1907 1274 1940 consultum
1300 1906 1345 1940 de
1371 1906 1657 1952 supplicationi-

186 1960 257 1994 bus
297 1957 383 1991 fieri
424 1961 640 2000 pateretur,
675 1953 846 1986 amittere
879 1951 951 1985 sibi
982 1952 1100 1985 visum
1127 1963 1208 1986 esse
1233 1953 1370 1986 bonum
1403 1953 1517 1996 illud,
1554 1952 1655 1997 quod

187 2007 317 2040 surore
341 2002 466 2038 Paulli
492 2002 649 2045 adeptus
675 2000 756 2033 sit.''
792 1998 962 2041 Weiske,
980 1998 1066 2033 Sch.
1088 1998 1183 2033 Liin.
1210 1997 1283 2042 leg.
1311 2000 1528 2044 ademptum,
1556 1998 1657 2043 quod

187 2052 275 2096 aliq.
311 2049 430 2084 Codd.
466 2048 605 2082 habent
638 2046 751 2088 (Med.
783 2046 1006 2088 ademptus),
1039 2055 1084 2078 eo
1119 2055 1251 2080 sensu:
1289 2046 1405 2080 Curio
1431 2046 1590 2089 negabat
1615 2056 1657 2080 se

187 2099 265 2143 pati
296 2107 410 2142 posse
443 2093 596 2128 decerni
636 2091 952 2137 supplicationes,
996 2101 1064 2134 ne,
1111 2102 1223 2135 quum
1259 2091 1333 2125 sibi
1368 2093 1494 2125 surore
1528 2091 1656 2126 Paulli

187 2145 399 2188 ademptum
432 2147 530 2175 esset
555 2140 692 2173 bonum
723 2137 839 2180 illud,
881 2137 1002 2171 libera
1031 2137 1112 2171 scil.
1144 2148 1227 2171 eum
1256 2138 1400 2182 populo
1425 2137 1560 2182 agendi
1585 2149 1656 2183 po-

187 2197 322 2233 testas,
359 2199 425 2222 sua
457 2188 568 2231 culpa
602 2186 636 2219 h.
665 2197 698 2219 e.
726 2184 906 2218 facilitate
939 2189 975 2217 et
1007 2182 1165 2216 mollitia
1199 2183 1237 2216 in
1269 2185 1438 2217 cedendo
1463 2184 1656 2218 videretur

187 2237 285 2271 illud
309 2237 446 2270 bonum
471 2232 660 2271 amisisse,
694 2236 730 2265 et
761 2229 1042 2274 praevaricator
1067 2240 1198 2263 causae
1221 2230 1395 2274 publicae
1419 2230 1656 2265 existimare—

185 2289 246 2317 tur
271 2283 305 2317 h.
326 2293 357 2316 e.
382 2281 420 2315 in
445 2279 698 2324 suspicionem
723 2276 883 2319 veniret,
909 2287 950 2310 se
964 2275 1135 2309 Caesaris
1159 2282 1285 2320 partes
1310 2277 1355 2310 ad
1381 2277 1547 2321 speciem
1573 2277 1655 2322 qui-

185 2330 270 2364 dem
308 2327 531 2367 defendere,
558 2335 692 2358 revera
722 2329 843 2357 autem
877 2322 1052 2366 prodere.
1074 2321 1262 2356 *W1EL5
1302 2323 1447 2366 „damit
1472 2334 1552 2357 man
1579 2324 1654 2357 ihm

184 2376 287 2410 nicht
312 2373 526 2408 vorwerfen
552 2371 694 2413 kenne,
729 2381 771 2403 er
796 2369 891 2403 habe
915 2368 994 2402 sich
1021 2367 1086 2401 das
1112 2368 1262 2412 einzige
1280 2369 1563 2414 Zwangsmittel
1589 2380 1654 2413 ge·
1744 2370 1769 2412 {v

183 2433 257 2466 gen
284 2421 344 2455 die
365 2420 482 2454 Wuth
508 2418 574 2451 des
600 2416 759 2451 Consuls
773 2415 930 2450 Paullus
957 2414 1047 2457 (ihm
1073 2424 1117 2447 an
1134 2416 1426 2459 Versammlung
1451 2415 1517 2450 des
1532 2416 1653 2451 Volks
1738 2422 1739 2454 ἲ

183 2467 397 2502 hinderlich
429 2477 474 2500 zu
505 2463 600 2505 sein)
637 2474 703 2496 aus
737 2462 808 2495 den
835 2460 990 2494 Handen
1022 2460 1169 2504 spielen
1194 2461 1316 2495 lasscn
1343 2473 1378 2496 u.
1406 2461 1460 2496 sei
1486 2461 1652 2495 dadurch
1736 2459 1739 2472 ⁸

183 2525 267 2549 zum
285 2513 494 2549 Verriither
519 2521 563 2544 an
589 2509 672 2542 dem
688 2509 875 2541 Interesse
901 2506 966 2540 des
982 2507 1104 2553 yolks
1118 2508 1340 2551 geworden,
1360 2508 1493 2542 dessen
1507 2508 1653 2541 Rechte

182 2562 304 2595 er-als
331 2559 521 2594 Tribunus
544 2555 676 2590 Plebis
709 2563 766 2587 zu.
790 2554 1002 2597 behaupten
1035 2554 1210 2598 schuldig
1240 2555 1381 2589 ware.'’
1423 2555 1533 2588 Denn
1567 2553 1650 2587 dem
1736 2579 1738 2581 >

180 2607 311 2644 Volke
337 2607 398 2649 lag
415 2605 542 2645 daran,
570 2602 649 2636 sicli
675 2600 740 2635 des
759 2599 977 2634 Gebrauehs
1003 2599 1127 2634 seines
1152 2600 1422 2635 wesentlichen
1440 2600 1650 2635 Vorrechts
1740 2624 1751 2645 ,

177 2653 282 2687 nicht
308 2664 348 2687 so
381 2653 490 2695 lange
525 2649 683 2683 bcraubt
713 2656 758 2680 zu
794 2647 920 2680 seben.
943 2664 987 2671 ·-
1029 2647 1078 2679 ad
1106 2658 1146 2689 p.
1173 2648 1289 2687 desc„
1322 2646 1395 2680 wir
1427 2647 1649 2680 verstanden

176 2711 243 2733 uns
269 2709 315 2733 zu
341 2699 459 2733 einen]
481 2698 668 2738 Vestrage
694 2692 759 2738 mit
785 2692 931 2726 ihm.-
956 2703 993 2725 se
1018 2690 1076 2725 his
1099 2694 1215 2736 suppl.
1245 2719 1253 2727 .
1277 2719 1285 2727 .
1312 2703 1383 2726 mm
1408 2703 1538 2726 usuros
1563 2693 1598 2727 h.
1616 2703 1648 2727 e.

171 2757 213 2780 se
239 2745 534 2790 supplicationes
561 2742 625 2776 lias
640 2737 815 2775 Ciceroni
840 2740 1011 2774 decretas
1037 2749 1112 2773 non
1131 2739 1202 2774 hoe
1218 2749 1312 2774 anno
1336 2738 1557 2783 indicturos,
1581 2740 1649 2774 sed

1729 2762 1771 3043 axa-tssff‘fflf
1741 2655 1771 2742 4··’·”;

1732 2959 1738 2982 ›2-
1732 2903 1742 2953 ³⁶4-
