1795 3043
230 73 297 121 82
488 65 554 112 Μ.
588 60 647 111 Τ.
687 60 1027 109 CICERONIS
1063 60 1436 109 EPISTOLAE.

233 179 337 232 quid
366 179 612 231 praesentes
650 175 859 215 sentiant:
907 187 984 214 nos
1025 174 1197 225 quidem
1234 173 1457 227 longinqui
1499 175 1542 214 et
1581 187 1607 214 a
1646 174 1689 213 te

233 239 326 289 ipso
353 236 469 276 missi
497 235 542 274 in
572 232 743 272 ultimas
772 232 917 284 gentes
948 231 1000 271 ad
1031 234 1197 272 caelum
1227 233 1471 271 mehercule
1499 231 1690 270 tollimus

234 292 461 335 verissimis
491 303 540 331 ac
567 289 811 329 iustissimis
840 288 1049 329 laudibus.
1090 288 1196 328 Nam
1216 301 1345 339 quum
1376 290 1418 328 te
1448 302 1473 327 a
1501 288 1690 339 pueritia

237 355 310 391 tua
339 349 465 389 unice
495 347 717 387 dilexerim
756 348 887 397 tuque
917 358 983 386 me
1013 347 1057 386 in
1089 346 1200 385 omni
1230 357 1383 398 genere
1412 357 1577 396 semper
1606 357 1692 385 am-

237 408 477 460 plissimum
517 416 606 444 esse
646 406 687 443 et
725 402 910 444 volueris
951 404 992 442 et
1020 403 1247 442 iudicaris:
1291 405 1378 442 tum
1407 402 1489 442 hoc
1519 403 1587 442 vel
1616 404 1690 441 tuo

239 466 351 504 sacto
380 463 449 503 vel
479 461 627 513 populi
660 461 838 501 Romani
869 460 920 499 de
949 461 990 499 te
1027 460 1187 499 iudicio
1226 461 1358 499 multo
1397 459 1538 499 acrius
1565 460 1692 498 vehe-

240 521 504 570 mentiusque
542 518 695 570 diligo,
735 518 1001 566 maximaque
1036 516 1200 556 laetitia
1237 517 1425 563 afficior,
1468 528 1597 567 quum
1637 514 1689 555 ab

239 577 481 618 hominibus
520 574 860 626 prudentissimis
895 574 1083 623 virisque
1113 572 1308 625 optimis,
1341 573 1535 613 omnibus
1566 572 1692 612 dictis

240 635 380 681 sactis,
413 632 563 673 studiis
601 631 808 670 institutis
838 630 907 671 vel
936 642 1002 670 me
1031 630 1095 670 tui
1133 631 1316 670 similem
1347 643 1436 670 esse
1466 629 1590 670 audio
1620 629 1691 669 vel

193 691 221 731 2
245 695 286 731 te
315 691 410 732 mei.
467 690 608 729 Unum
637 700 738 728 vero
768 687 804 727 si
834 686 951 726 addis
980 687 1032 726 ad
1061 688 1419 739 praeclarissimas
1447 700 1514 727 res
1545 698 1693 726 consu-

244 750 354 789 latus
384 746 470 794 tui,
511 747 557 784 ut
587 745 660 784 aut
687 745 794 785 mihi
824 743 1025 784 succedat
1055 757 1179 795 quam
1216 744 1397 797 primum
1436 744 1588 795 aliquis
1619 743 1692 783 aut

243 818 297 845 ne
327 804 427 855 quid
455 802 629 842 accedat
667 802 868 853 temporis
899 800 951 840 ad
980 800 1047 848 id,
1088 801 1199 852 quod
1237 803 1285 840 tu
1313 801 1417 841 mihi
1452 803 1493 841 et
1523 801 1691 840 senatus

244 863 440 902 consulto
471 860 512 898 et
540 859 633 911 lege
663 857 817 907 finisti;
860 859 1002 897 omnia
1039 871 1104 897 1110
1134 870 1213 909 per
1239 859 1282 897 te
1318 859 1589 899 consecutum
1618 869 1693 908 pu-

243 917 358 961 tabo.
398 917 522 965 Cura,
554 917 602 955 ut
629 917 772 957 valeas
803 915 845 955 et
873 926 940 954 me
970 914 1185 955 absentem
1214 914 1365 966 diligas
1394 918 1520 966 atque
1550 914 1693 954 defen-

240 1062 353 1096 Denn
373 1059 498 1093 dieser
516 1068 596 1093 war
613 1057 1071 1099 seinVaterbrudersohn,
1090 1056 1207 1091 frater
1223 1057 1416 1101 patruelis,
1440 1056 1521 1091 sein
1546 1057 1692 1092 Vetter.

242 1108 281 1143 S.
308 1107 457 1141 Ramsh.
484 1106 510 1148 ἕ.
536 1107 615 1146 171,
642 1105 713 1147 ΙΙΙ,
737 1105 772 1148 2,
796 1105 883 1139 Νο1.
908 1106 942 1138 3.
970 1104 1110 1137 Grotef.
1138 1105 1164 1147 §.
1189 1105 1268 1138 323.
1295 1123 1339 1128 —-
1362 1105 1521 1146 fructum
1545 1104 1692 1146 cepisse,

242 1155 326 1188 dass
351 1154 413 1186 Du
448 1151 508 1186 die
539 1152 737 1185 schonsten
772 1151 935 1184 Friichte
969 1150 1113 1184 Deiner
1144 1149 1262 1184 Liebe
1300 1161 1332 1184 u.
1359 1161 1388 1183 s.
1416 1161 1464 1183 w,
1498 1149 1691 1193 geptliickt

242 1202 335 1234 hast.
364 1205 481 1242 trop.
507 1202 553 1232 st.
588 1198 657 1230 tibi
683 1197 840 1229 fructum
865 1196 1086 1239 contigisse,
1119 1196 1202 1229 dass
1226 1196 1299 1230 Dir
1325 1196 1392 1229 der
1417 1196 1590 1228 schonste
1616 1197 1691 1229 Ge-

243 1256 332 1280 nuss
365 1255 400 1277 u.
425 1254 455 1277 S.
480 1254 526 1277 w.
562 1243 766 1286 geworden
798 1242 859 1276 ist.
892 1261 935 1266 -
967 1243 1054 1285 quid
1086 1242 1199 1284 (Crat.
1235 1243 1335 1285 quin)
1366 1252 1485 1285 praes,
1519 1243 1690 1284 sentiant,

245 1293 305 1327 ich
330 1290 478 1324 zweifle
502 1290 624 1329 nicht,
656 1288 740 1322 dass
770 1288 874 1321 diese
898 1288 1010 1321 Wahi
1035 1288 1106 1320 den
1137 1288 1275 1321 Beifall
1300 1288 1394 1320 aller
1426 1298 1471 1320 zu
1497 1288 1591 1322 Rom
1617 1288 1689 1321 Ge-

242 1336 500 1382 genwartigen
525 1336 629 1370 habe.
655 1353 697 1360 -—
721 1334 928 1377 longinqui,
954 1334 1107 1366 obwohl
1132 1345 1172 1367 so
1188 1333 1279 1367 weit
1304 1345 1375 1366 von
1393 1333 1488 1367 Rom
1513 1335 1688 1367 entt'ernt.

244 1403 289 1410 —
313 1395 336 1417 a
360 1387 394 1416 te
418 1382 496 1425 ipso
521 1380 673 1416 consule
698 1386 736 1414 et
758 1380 929 1424 Sulpicio
955 1380 1108 1423 collega.
1147 1379 1183 1414 S.
1209 1390 1255 1413 zu
1281 1391 1338 1424 ep.
1365 1380 1616 1415 CLXXXIII.
1642 1380 1690 1414 im

243 1431 326 1467 Ans.
338 1448 380 1454 —
402 1429 563 1461 tollimus
579 1428 671 1461 hanc
688 1426 984 1470 designationem
1001 1426 1054 1459 tui
1073 1426 1198 1459 fratris
1216 1426 1570 1470 patruelis—Nam
1584 1438 1692 1470 quum

244 1488 291 1509 :-
322 1474 514 1519 obgleich,
552 1473 798 1517 quantumvis.
830 1491 872 1498 —·
905 1476 980 1504 tum
1009 1484 1057 1505 Ξ
1101 1472 1229 1506 Lamb.
1271 1476 1402 1506 tamen.
1458 1471 1497 1507 S.
1537 1473 1688 1507 Ramsh.

246 1523 275 1565 §.
303 1523 381 1563 178,
406 1523 440 1564 3,
464 1521 501 1554 b.
534 1538 579 1544 —
603 1519 668 1552 hoc
692 1519 750 1551 vel
783 1521 842 1550 tuo
873 1518 970 1559 facto
997 1524 1066 1550 cet.
1100 1517 1211 1551 theiis
1246 1519 1335 1551 weil
1361 1520 1424 1552 Du
1449 1530 1490 1552 so
1522 1519 1597 1552 viel
1623 1529 1692 1552 zur

244 1567 506 1609 Besorderung
536 1565 661 1598 dieser
685 1564 797 1598 wahl
830 1564 1071 1606 beigetragen
1104 1563 1206 1607 hast,
1241 1564 1350 1597 theils
1383 1564 1472 1598 weil
1508 1565 1569 1598 die
1594 1566 1692 1598 110110

247 1614 447 1656 Meinung,
478 1612 622 1646 welche
654 1610 719 1643 das
755 1609 953 1644 Romische
984 1609 1089 1644 Volk
1118 1621 1190 1643 von
1222 1610 1295 1644 Dir
1330 1611 1442 1654 hegt,
1473 1611 1535 1645 bei
1567 1612 1692 1645 dieser

248 1658 496 1703 Gelegenheit
528 1668 574 1691 zu
609 1658 714 1700 Tage
743 1655 937 1700 gefordert
968 1654 1026 1689 ist.
1075 1655 1201 1689 Ueber
1234 1657 1350 1691 rel...
1390 1657 1448 1689 vel
1478 1668 1504 1691 s.
1538 1658 1688 1692 Ramsh.

248 1708 278 1750 §.
307 1708 383 1749 180,
410 1706 440 1739 2.
468 1702 611 1738 Grotef.
639 1704 664 1745 ξ.
691 1704 768 1736 364.
794 1704 912 1745 facto,
944 1712 1016 1744 quo
1044 1701 1082 1735 C.
1116 1703 1333 1735 Marcellum
1365 1704 1555 1737 consulem
1589 1704 1688 1738 desi-

246 1753 430 1797 gnandum
456 1749 604 1784 curasti.
631 1750 770 1782 indicio
794 1747 981 1791 suffragiis
999 1747 1198 1781 (1001111310.
1217 1768 1258 1772 -
1285 1749 1442 1792 optivum,
1458 1750 1690 1793 bestgesinn-

248 1806 324 1841 ten,
349 1797 556 1833 Pati-ioten.
607 1796 661 1829 Zu
693 1795 820 1828 diesen
845 1795 1003 1838 gehbrte
1027 1794 1150 1827 dieser
1177 1795 1399 1837 Marcellus,
1432 1796 1491 1828 ein
1516 1797 1689 1840 gewalti-

248 1856 316 1889 ger
343 1845 493 1887 Gegner
517 1843 581 1875 des
607 1842 749 1880 casm-s,
776 1840 856 1873 deni
883 1852 935 1881 er,
961 1839 1109 1873 sreilich
1133 1840 1199 1873 mit
1224 1842 1289 1874 auf
1308 1842 1466 1875 Antrieb
1491 1842 1555 1876 des
1575 1844 1689 1878 Pom-

249 1891 377 1935 peius,
403 1890 464 1922 die
486 1887 652 1923 Provinz
678 1887 825 1921 Gallien
852 1887 946 1919 noch
972 1897 1039 1919 vor
1064 1887 1202 1920 Ablauf
1233 1887 1297 1921 des
1325 1886 1577 1931 Quinquennii
1598 1890 1689 1922 11011-

248 1947 332 1971 men
356 1936 486 1970 wollte
511 1946 545 1968 11.
573 1945 600 1967 s.
625 1945 672 1967 w.
724 1934 776 1966 Er
800 1933 918 1976 folgte
944 1932 1025 1965 dem
1050 1933 1252 1976 Pompeius
1278 1935 1370 1967 nach
1398 1934 1689 1978 Griechenland5

249 1983 379 2016 wollte
394 1982 484 2015 aber
506 1981 598 2013 nach
612 1980 678 2013 der
692 1979 977 2014 Pharsalischen
991 1978 1166 2012 Schlacht
1181 1979 1261 2012 sich
1277 1980 1357 2013 dem
1373 1981 1485 2014 C'asar
1504 1982 1605 2015 nicht
1621 1993 1688 2015 un-

248 2028 464 2071 terwerfen,
489 2027 651 2060 sondern
675 2026 765 2070 ging
789 2026 882 2058 nach
907 2025 1091 2070 Mytilene
1116 2026 1181 2058 auf
1201 2026 1356 2068 Lesbos,
1382 2037 1441 2059 um
1467 2027 1513 2060 da
1537 2037 1583 2060 zu
1608 2029 1688 2072 pri-

248 2074 438 2109 vatisiren.
508 2073 641 2107 Cicero
675 2072 749 2105 und
780 2072 918 2105 andere
958 2071 1153 2105 Patrioten
1185 2073 1401 2105 wunschten
1444 2072 1578 2106 iedoch
1615 2075 1687 2108 den

247 2119 548 2156 Anticasarianer
573 2118 664 2151 nach
689 2118 784 2151 Rom
810 2117 949 2151 zuriick
975 2118 1046 2151 und
1063 2119 1186 2160 Casar,
1212 2118 1329 2151 durch
1356 2118 1417 2151 die
1433 2119 1605 2153 Fi'irbitte
1621 2121 1687 2154 des
1738 2116 1743 2152 ss
1786 2122 1789 2127 ¹

247 2177 389 2212 ganzen
415 2166 546 2200 Senats
570 2165 766 2206 betroffen‚
791 2164 1016 2208 begnadigte
1040 2164 1103 2197 ihu
1129 2169 1367 2207 unerwartet,
1392 2166 1688 2200 woraufc-icero

246 2214 307 2247 die
331 2213 516 2246 bekannte
540 2211 904 2254 Danksagungsrede
930 2210 1032 2243 bielt.
1059 2211 1227 2244 Marcell.
1246 2210 1378 2244 kehrte
1403 2212 1555 2254 zuruck‚
1582 2213 1688 2246 ward

244 2261 335 2293 aber
359 2258 500 2292 unweit
522 2258 644 2292 Athen
669 2257 866 2291 ermordet.
893 2256 931 2291 S.
958 2256 1003 2289 ad
1028 2256 1115 2289 Div.
1144 2257 1212 2300 IV,
1232 2257 1285 2291 12.
1311 2275 1356 2282 —-
1379 2257 1547 2292 similem.
1596 2259 1687 2303 Vgl.

244 2306 351 2340 Brut.
378 2316 410 2339 c.
437 2306 489 2338 71.
516 2304 543 2346 §.
559 2304 636 2337 250.
663 2314 696 2336 u.
720 2304 825 2337 Orat.
849 2314 918 2347 pro
943 2303 1138 2336 Marcello.

333 2352 366 2385 2.
411 2350 549 2395 praecl.
585 2360 644 2382 res
673 2360 770 2383 conS.
803 2350 890 2393 tait,
925 2348 1023 2382 seine
1047 2348 1280 2393 Anspielung
1304 2349 1369 2383 auf
1389 2349 1450 2382 die
1475 2349 1687 2383 Unterneh-

244 2408 404 2441 mungen
429 2397 493 2431 des
517 2396 718 2430 Marcellus
749 2406 869 2439 gegen
893 2395 1014 2428 Casar.
1040 2413 1084 2419 --
1114 2396 1280 2428 succedat
1304 2395 1340 2428 in
1366 2395 1685 2430 administratione
1728 2424 1729 2429 ,
1785 2391 1793 2424 Γ

243 2443 479 2488 provinciae.
514 2452 619 2485 quam
637 2442 800 2485 primum
824 2442 847 2475 i.
876 2451 906 2474 e.
931 2441 1053 2475 statim
1078 2448 1164 2484 post
1194 2442 1404 2475 absolutum
1436 2452 1592 2475 annuum
1618 2442 1683 2476 im-
1726 2455 1734 2485 j·
1784 2440 1795 2455 ¹*

245 2490 402 2534 perium.
429 2488 534 2523 SCH.
562 2506 601 2512 -
636 2488 825 2531 temporis,
852 2493 914 2520 aut
938 2487 969 2520 si
992 2497 1098 2520 nemo
1123 2487 1308 2529 succedat,
1335 2488 1464 2522 saltem
1488 2488 1683 2522 discedere
1731 2493 1734 2531 ξ

245 2536 336 2569 1111111
360 2535 471 2569 liceat
494 2544 540 2567 eo
566 2539 732 2578 tempore
756 2534 925 2575 (10011150,
951 2533 1049 2575 quod
1076 2539 1113 2566 tu
1129 2533 1218 2566 milii
1237 2540 1273 2567 et
1291 2541 1438 2567 senatus
1457 2535 1626 2573 consulto
1645 2540 1683 2567 01

242 2582 328 2625 lege
351 2581 442 2624 (vid.
469 2592 526 2625 ep.
553 2579 752 2621 adDiv.11‚
771 2581 800 2613 7.
828 2578 1018 2621 CCXVII,
1035 2580 1067 2612 4.
1086 2590 1118 2612 11.
1146 2579 1250 2620 edit.)
1263 2579 1378 2613 finisti
1395 2579 1590 2623 (definisti,
1616 2580 1682 2613 be-
1728 2588 1732 2623 ξ
1773 2579 1795 2595 ⁴²³

245 2628 381 2661 stimmt
414 2628 523 2669 hast).
573 2625 681 2662 Quod
712 2626 764 2659 ita
796 2625 965 2668 contigit.
1013 2625 1168 2659 Nemine
1208 2626 1303 2659 enim
1335 2625 1556 2659 succedente
1588 2626 1681 2660 Cae·
1720 2646 1730 2652 ψ
1773 2626 1785 2662 ..¹

242 2674 610 2754 ἳιιιὲιΝὖυωεῐοτωη
656 2682 760 2707 suum
801 2672 985 2707 decedens
1024 2672 1156 2706 Cicero
1195 2671 1412 2716 provinciae
1447 2672 1678 2716 praeposuit.
1718 2711 1722 2714 .
