1795 3043
229 36 294 82 98
501 26 564 73 Μ.
601 25 656 70 Τ.
694 20 1034 71 CICERONIS
1069 18 1442 68 EPISTOLAE.

233 141 426 195 agerent,
458 136 743 178 mittebantur.
802 133 950 186 Neque
978 146 1106 186 quum
1135 131 1272 179 edixi,
1313 143 1367 171 ne
1395 130 1492 182 quis
1520 129 1685 172 iniussu

236 211 328 240 meo
367 194 727 249 proficisceretur,
765 192 929 232 exclusi
960 203 1052 242 eos,
1094 189 1166 241 qui
1202 201 1269 229 me
1300 187 1343 227 in
1373 189 1514 228 castra
1543 189 1586 227 et
1614 186 1688 239 qui

237 258 354 296 trans
374 255 557 294 Taurum
587 250 783 303 persequi
811 262 893 289 non
919 248 1108 301 possent:
1139 259 1237 286 nam
1265 244 1309 285 id
1339 247 1402 284 est
1430 245 1611 286 maxime
1641 245 1689 284 111

239 312 323 353 11115
353 310 489 351 literis
521 307 839 360 [ir]ridendum:
881 305 982 356 quid
1020 304 1133 343 enim
1163 304 1274 353 erat,
1314 302 1425 353 quod
1454 313 1522 342 me
1550 313 1690 354 perse-

241 369 476 421 querentur
496 365 540 405 in
561 366 700 405 castra
713 365 948 404 Taurumve
968 362 1207 412 transirent,
1240 372 1367 410 quum
1386 371 1461 411 ego
1479 358 1689 414 La—odicea

242 437 375 476 usquc
405 423 458 464 ad
487 423 676 463 Iconium
705 421 787 460 iter
816 421 877 460 ita
906 419 1101 466 fecerim,
1132 419 1180 457 ut
1209 428 1276 456 me
1306 417 1492 455 omnium
1519 414 1691 455 illarum

244 481 514 527 dioecesium,
545 491 653 530 quae
683 479 744 518 cis
758 478 941 518 Taurum
970 477 1082 526 sunt,
1111 475 1382 523 omniumque
1413 484 1557 512 earum
1586 471 1693 513 civi-

193 533 222 575 5
244 540 378 580 tatum
415 536 680 590 magistratus
720 535 1033 586 legationesque
1071 528 1369 572 convenirent?
1435 528 1530 569 Nisi
1568 529 1692 569 sorte

245 598 391 650 postea
430 594 662 645 coeperunt
700 592 865 644 legare,
901 601 1026 641 quam
1064 601 1140 641 ego
1179 589 1364 628 Taurum
1406 587 1693 638 transgressus

247 665 359 693 sum:
390 651 500 702 quod
531 651 644 690 certe
660 661 743 688 non
773 648 832 687 ita
862 648 935 686 est.
986 646 1124 693 Quum
1153 646 1264 684 enim
1284 643 1531 694 Laodiceae,
1561 653 1694 694 quum

247 710 481 762 Apameae,
513 718 638 758 quum
670 704 898 758 Synnadis,
942 715 1069 753 quum
1097 700 1361 751 Philomelii,
1403 711 1532 750 quum
1558 697 1694 739 Iconii

250 779 398 815 essem,
432 764 583 814 quibus
613 762 657 801 111
687 761 852 813 oppidis
883 759 1073 799 omnibus
1103 760 1380 798 commoratus
1410 769 1520 796 sum:
1552 767 1694 795 omnes

249 823 333 863 iam
362 822 485 861 istius
514 819 678 872 generis
708 818 939 870 legationes
969 818 1089 856 erant
1118 815 1386 855 constitutae.
1444 814 1585 863 Atque
1613 813 1695 852 hoc

250 882 386 920 tamen
414 879 454 917 te
482 877 591 917 scire
615 877 710 916 volo
734 887 800 914 me
822 874 872 913 de
894 874 974 912 isto
998 873 1167 923 sumptu
1190 871 1447 923 legationum
1468 871 1541 910 aut
1563 870 1698 909 minu-

251 936 358 976 endo
401 936 472 974 aut
501 932 751 974 remittendo
783 931 1019 970 decrevisse
1048 929 1180 976 nihil,
1225 928 1307 967 nisi
1337 926 1450 978 quod
1476 926 1695 978 principes

251 993 473 1033 civitatum
502 1004 527 1030 a
552 1002 618 1030 me
648 988 942 1042 postulassent,
971 999 1024 1026 ne
1053 986 1097 1026 111
1127 984 1409 1026 venditionem
1438 982 1697 1023 tributorum

252 1051 294 1089 01
323 1049 442 1088 illam
472 1047 785 1087 acerbissimam
826 1043 1110 1094 exactionem,
1148 1054 1274 1093 quam
1311 1043 1357 1081 tu
1401 1052 1485 1080 non
1515 1041 1698 1092 ignoraS,
1731 1078 1735 1080 .

251 1106 439 1158 capitum
477 1106 602 1154 atque
631 1103 832 1142 ostiorum
861 1100 1162 1140 inducerentur
1200 1103 1385 1150 sumptus
1425 1097 1599 1136 minime
1620 1098 1700 1136 'ne-

252 1162 440 1203 cessarii.
498 1162 587 1212 Ego
618 1162 780 1210 autem,
821 1169 948 1208 quum
985 1157 1068 1197 hoc
1109 1156 1406 1208 suscepissem,
1445 1166 1530 1193 non
1561 1155 1698 1192 solum

252 1219 427 1270 iustitia,
456 1217 527 1257 sed
549 1216 675 1256 etiam
693 1213 982 1256 misericordia
1004 1212 1219 1264 adductus,
1249 1213 1296 1252 ut
1314 1213 1500 1252 levarem
1518 1210 1700 1250 miseriis

254 1355 319 1393 est,
341 1350 382 1383 in
405 1352 530 1382 senatu
555 1348 644 1381 Ern.
674 1347 724 1390 [].
751 1346 869 1379 deleV.
897 1345 982 1379 sch.
1010 1345 1105 1380 Liin.
1133 1344 1207 1378 ΟΒ.
1228 1363 1273 1369 —-
1308 1345 1467 1387 edicere,
1493 1344 1601 1378 einen
1626 1345 1700 1378 Be-

253 1398 330 1431 fehl
355 1396 517 1440 ergehen
544 1395 676 1428 lassen.
692 1412 735 1417 —
756 1391 1049 1436 proficisceretur
1064 1392 1226 1424 Romam.
1254 1410 1298 1415 —
1322 1391 1446 1434 Neque
1470 1391 1609 1424 exclusi
1625 1401 1698 1425 eos,

253 1444 395 1486 Nempe
420 1441 581 1474 omnium
607 1439 796 1472 civitatum
821 1437 949 1481 legati,
975 1448 1070 1480 quae
1097 1437 1306 1480 legationes
1321 1437 1474 1470 Romam
1491 1437 1606 1481 Appii
1622 1437 1700 1470 lau-

255 1488 366 1522 dandi
402 1498 511 1521 causa
540 1485 813 1520 constituerunt
844 1484 1059 1526 mittendas,
1093 1483 1311 1517 Ciceronem
1335 1483 1405 1516 iam
1431 1483 1490 1517 vel
1516 1494 1700 1516 convene-

256 1540 339 1568 rant
363 1534 421 1567 vel
448 1538 622 1577 poterant
655 1530 875 1572 convenire,
908 1535 1101 1572 antequam
1128 1529 1164 1561 in
1190 1535 1310 1562 castra
1333 1529 1638 1573 proficisceretur
1664 1534 1701 1563 et

256 1582 419 1615 Taurum
450 1578 644 1620 transiret,
681 1583 720 1610 ut
751 1575 858 1619 queri
889 1585 961 1607 non
994 1580 1146 1619 possent
1170 1585 1210 1608 se
1235 1575 1508 1619 longinquitate
1533 1576 1700 1609 locorum

255 1627 443 1667 exclusos,
469 1635 542 1667 quo
567 1624 731 1667 minus-Ua
755 1632 824 1665 pro
850 1621 1002 1654 consule
1026 1621 1177 1655 Romam
1204 1621 1318 1654 eundi
1348 1621 1558 1655 facultatem
1584 1621 1700 1665 impe-

257 1680 357 1706 trare
382 1676 546 1715 possent.
572 1668 788 1703 SCHUTZ.
816 1686 859 1692 —
880 1667 1067 1710 persequi,
1093 1666 1323 1700 nachreisen.
1350 1686 1395 1692 —
1420 1668 1484 1711 [ir]
1498 1669 1698 1701 ridendum.

256 1720 356 1753 Man.
381 1718 508 1751 Lamb.
537 1716 623 1750 Sch.
647 1715 742 1748 Liin.
769 1714 971 1747 ridendum.
999 1713 1072 1746 OR.
1094 1731 1136 1737 -—-
1170 1713 1257 1758 qnid
1279 1713 1374 1746 enim
1398 1718 1499 1756 erat,
1525 1714 1630 1757 quod.
1658 1713 1697 1747 S.

255 1764 405 1799 Ramsh.
431 1764 458 1804 ξ.
488 1763 567 1804 1534,
593 1763 625 1795 l.
652 1762 730 1803 204,
755 1763 790 1803 3,
816 1771 846 1793 c.
874 1758 1067 1792 Laodicea.
1117 1758 1156 1793 S.
1191 1768 1233 1792 zu
1262 1770 1319 1802 ep.
1348 1759 1497 1796 CCVII.
1532 1760 1700 1793 Iconium
1758 1779 1763 1786 ·r

257 1821 302 1844 zu
331 1822 388 1853 ep.
416 1808 569 1843 CCXII.
595 1826 641 1832 --
664 1808 719 1840 ita
741 1818 788 1839 Ξ
812 1816 889 1839 03111
916 1805 963 1838 01)
988 1815 1151 1844 causam,
1183 1815 1228 1837 eo
1255 1805 1425 1839 consilio.
1451 1825 1496 1830 —
1532 1805 1699 1839 conveni-

257 1860 336 1890 rent
361 1867 406 1889 =
428 1852 629 1888 convenire
652 1857 822 1897 possent,
860 1851 940 1884 sich
965 1850 1026 1885 bei
1049 1850 1119 1883 mir
1143 1849 1328 1884 einfinden
1353 1851 1578 1885 konnten.

347 1904 380 1936 5.
430 1902 569 1942 legare,
592 1899 698 1932 diese
715 1897 990 1940 Absendungen
1017 1907 1061 1930 zu
1089 1897 1352 1930 beschliessen.
1371 1916 1415 1921 —
1431 1897 1700 1940 Philomelium,

257 1946 489 1992 Φιλομήλιοιι,
513 1944 891 1988 Nachtigallenstadt‚
920 1944 1009 1976 ietzt
1034 1943 1253 1986 Bulavendi,
1278 1943 1488 1987 gleicht'alls
1513 1944 1551 1977 in
1575 1944 1700 1988 Phry-

257 1993 358 2037 gien.
414 1992 478 2026 Sic
503 1993 536 2025 11.
565 1992 589 2025 l.
622 1997 659 2024 et
690 1990 784 2024 infra
819 1989 965 2033 scripsi.
1014 1988 1210 2023 Philomeli
1244 1989 1339 2023 Cett.
1379 1990 1451 2023 OR.
1501 1991 1611 2023 Denn
1644 1990 1700 2023 sie

257 2039 354 2073 wird
379 2038 472 2071 auch
496 2037 747 2076 Philomelam,
773 2035 809 2069 d.
836 2036 860 2069 i.
884 2034 1014 2070 Schaf-
1039 2035 1130 2068 oder
1156 2035 1361 2078 Obststadt,
1385 2035 1698 2079 geschrieben.—-

257 2097 280 2118 a
303 2096 359 2118 me
389 2085 641 2128 postulassent.
691 2082 754 2117 Sic
790 2093 872 2116 con.
913 2081 1009 2115 Edd.
1047 2081 1134 2114 inde
1159 2092 1179 2114 a
1203 2081 1302 2117 Vict.
1330 2084 1360 2115 1,
1397 2087 1546 2125 praeter
1571 2083 1698 2116 Mart.-

255 2131 347 2174 Lag.
374 2130 459 2164 sch.
484 2131 600 2172 Lim„
633 2129 697 2172 qui
731 2128 838 2162 aliam
864 2128 958 2162 coni.
992 2128 1149 2161 maxime
1169 2131 1261 2171 post.
1295 2127 1440 2161 hahent.
1473 2139 1577 2161 meme
1598 2131 1696 2172 post.

256 2177 334 2212 Md.
360 2187 416 2209 nze
435 2181 530 2220 post.
556 2178 657 2211 Crat.
685 2175 880 2208 ORELLI.
905 2193 948 2199 -—
972 2175 1105 2208 vendit.
1132 2174 1301 2207 trz'butor.
1336 2183 1418 2207 zum
1444 2174 1620 2209 Verkauf
1632 2174 1699 2208 der

257 2223 417 2258 Steuern
451 2234 496 2255 an
528 2221 775 2263 Publicaner,
808 2221 952 2254 welche
984 2220 1095 2253 11111011
1128 2219 1199 2253 den
1230 2221 1369 2263 Betrag
1400 2225 1508 2253 unter
1539 2220 1698 2264 lastigen

255 2269 527 2312 Bedingungen
542 2268 836 2311 vorgeschossen
861 2268 996 2300 hatten.
1046 2267 1164 2301 Quum
1189 2265 1285 2299 enim
1310 2265 1413 2309 exigi
1437 2266 1612 2300 celeriter
1631 2266 1698 2300 tri—-

254 2316 344 2349 buta
368 2325 440 2347 non
466 2320 633 2359 possunt,
659 2314 869 2346 venduntur
885 2311 1010 2354 alicui,
1036 2313 1115 2354 qui,
1140 2312 1267 2354 quanti
1285 2312 1384 2355 emit,
1411 2318 1548 2346 tantum
1574 2312 1694 2346 statim

255 2362 303 2395 de
315 2372 381 2395 5110
394 2366 578 2402 11111ηο131,
597 2359 732 2393 deinde
752 2359 872 2402 exigit
886 2358 1138 2399 acerbissime,
1154 2364 1305 2403 accepta
1322 2358 1480 2402 cogendi
1497 2365 1692 2403 potestate.

254 2407 461 2442 MANUT.
490 2406 610 2442 Quid?
635 2405 735 2448 quod
761 2405 868 2438 etiam
894 2414 1024 2438 usuras
1049 2403 1169 2447 exigit
1193 2405 1238 2437 ab
1267 2404 1326 2447 iis,
1353 2415 1374 2438 a
1399 2404 1533 2447 quibus
1559 2405 1698 2439 tributa

254 2461 360 2488 erant
384 2452 573 2487 solvenda.
598 2452 705 2486 SCH.
731 2469 776 2475 —-
801 2455 833 2483 et
856 2451 972 2484 illam.
999 2450 1221 2492 Maru-Lag.
1256 2454 1289 2483 et
1313 2451 1352 2484 in
1377 2450 1494 2484 illam.
1521 2469 1566 2475 —
1590 2462 1692 2484 ne...

252 2504 414 2544 sumptus
446 2499 596 2532 minime
626 2497 824 2531 necessarii
864 2497 1120 2530 inducerentur
1150 2497 1191 2529 in
1232 2497 1474 2530 venditionem
1507 2502 1600 2539 cet.,
1634 2496 1694 2530 ich

253 2548 398 2580 mochte
431 2546 634 2587 verhiiten,
668 2544 732 2577 das
768 2543 916 2576 solcher
954 2552 1047 2585 ganz
1080 2542 1283 2586 unnothige
1315 2542 1499 2576 Aufwand
1532 2543 1596 2575 auf
1620 2543 1694 2576 Ge-

251 2592 524 2626 sandtschasten
556 2601 639 2624 zum
664 2589 854 2625 Verkause
887 2589 989 2621 ihrer
1015 2587 1174 2622 Steuern
1205 2600 1248 2622 an
1283 2589 1512 2623 Publicaner
1545 2589 1619 2622 und
1646 2599 1691 2622 zu

252 2639 365 2672 deren
400 2638 474 2672 Dir
502 2637 605 2671 wohl
637 2635 846 2670 bekannten
884 2634 1121 2668 driickenden
1147 2634 1397 2679 Eintreibung
1429 2645 1501 2667 von
1528 2634 1598 2668 den
1626 2634 1691 2668 da-

250 2685 367 2719 durch
392 2682 523 2729 nothig
546 2683 763 2729 gemachten
786 2680 967 2726 Aufiagen
997 2680 1062 2716 auf
1083 2681 1207 2726 Kopse
1234 2680 1306 2716 und
1331 2681 1566 2716 Hausthiiren
1592 2682 1692 2717 Ver-
