1795 3043
575 76 886 125 EPISTOLA
932 71 1064 124 CCC.
1459 73 1558 128 325

81 191 169 235 fiat.
230 190 308 232 Est
337 188 510 231 omnino
539 188 583 230 id
613 188 832 237 eiusmodi,
860 190 922 237 ut,
951 190 987 228 si
1016 190 1092 230 ille
1117 201 1167 230 co
1189 187 1429 241 descendat,
1459 199 1557 227 con-

83 252 151 290 tra
180 248 265 289 dici
294 247 403 289 nihil
440 247 589 300 possit:
632 246 760 298 idque
794 258 915 293 eum,
954 246 989 285 si
1035 258 1118 286 non
1150 245 1332 298 obtinet,
1370 247 1416 286 ut
1446 245 1554 285 ratio

82 305 293 346 habeatur
333 303 554 345 retinentis
602 304 861 354 exercitum,
911 314 994 342 non
1031 304 1173 343 facere
1212 303 1356 343 miror.
1421 301 1555 342 Nobis

81 364 247 410 autem,
294 363 342 402 ut
370 361 539 414 quidam
567 362 712 412 putat,
759 360 869 400 nihil
908 360 972 399 est
1008 356 1236 400 timendum
1266 359 1397 413 magis
1426 371 1552 410 quam

82 421 162 460 ille
192 419 353 460 consul.
412 416 498 470 „At
536 418 598 457 sic
629 419 764 469 malo,
801 416 991 467 inquies,
1033 428 1159 467 quam
1191 429 1287 458 cum
1319 417 1553 459 exercitu”.

83 476 224 518 Certe.
284 475 368 516 Sed
395 474 509 515 istud
538 474 680 525 ipsum
699 476 797 515 SIC
811 485 1009 526 magnum
1036 474 1193 526 malum
1222 475 1342 526 putat
1374 473 1551 525 aliquis;

80 545 222 584 neque
252 533 293 572 ei
321 531 549 572 remedium
579 533 643 571 est
672 531 819 571 ullum.
884 529 1125 571 Cedendum
1156 532 1237 582 est,
1282 531 1318 571 si
1346 530 1390 571 id
1420 531 1550 570 volet.

84 590 190 631 Vide
221 590 437 631 consulem
464 589 587 628 illum
617 588 788 639 iterum,
816 599 942 639 quem
964 587 1111 628 vidisti
1140 588 1361 628 consulatu
1390 587 1547 639 priore.

81 647 172 695 „At
200 649 289 687 tum
311 645 553 687 imbecillus
581 646 698 697 plus,
725 645 889 696 inquit,
919 644 1075 691 valuit,
1105 657 1230 696 quam
1257 646 1347 685 tota
1375 656 1443 684 res
1477 658 1552 696 pu-

81 703 237 745 blica.’‘
294 703 403 752 Quid
431 715 544 743 nunc
573 700 727 754 putas?
786 702 842 742 Et
872 714 923 742 eo
951 703 1125 742 consule
1154 702 1358 755 Pompeio
1389 703 1550 741 certum

82 763 146 801 est
175 773 265 802 esse
293 761 337 800 in
368 759 590 811 Hispania.
651 759 685 799 Ο
715 770 806 799 rem
835 759 1050 799 miseram!
1081 759 1117 800 si
1146 759 1314 812 quidem
1342 758 1385 799 id
1414 758 1550 809 ipsum

83 818 354 859 deterrimum
384 818 468 864 est,
511 816 624 869 quod
652 817 842 857 recusari
870 829 953 856 non
996 818 1155 869 potest,
1199 818 1242 857 et
1270 815 1382 868 quod
1412 814 1486 855 ille
1515 815 1549 854 si

80 875 226 923 faciat,
248 875 333 915 iam
355 874 439 915 iam
461 888 485 914 a
504 873 625 915 bonis
653 873 847 914 omnibus
866 886 1068 915 summam
1091 874 1205 914 ineat
1217 875 1408 926 gratiam.
1450 873 1547 912 Tol·
1569 877 1598 914 4

82 934 219 973 13111115
239 932 370 984 igitur
397 931 493 984 hoc,
524 944 607 983 quo
637 931 759 973 illum
790 944 910 984 posse
940 931 1092 971 adduci
1120 933 1266 984 negat:
1299 930 1351 970 de
1370 929 1548 979 reliquis

83 989 186 1040 quid
218 991 279 1029 est
309 988 610 1030 deterrimum?
669 988 911 1030 Concedere
940 988 1030 1040 illi,
1059 987 1184 1039 quod,
1214 988 1262 1026 111
1291 987 1402 1027 1116111
1432 986 1550 1037 dicit,

81 1045 445 1098 impudentissime
475 1046 670 1098 postulat.
729 1045 837 1086 Nam
876 1044 979 1097 quid
1019 1042 1335 1097 impudentius?
1374 1042 1551 1083 tenuisti

80 1103 344 1155 provinciam
382 1114 459 1154 per
501 1102 645 1143 decem
675 1114 829 1149 annos,
868 1115 952 1142 non
982 1101 1062 1142 tibi
1091 1115 1116 1144 a
1145 1102 1314 1153 senatu,
1353 1099 1425 1140 sed
1455 1113 1480 1140 a
1509 1102 1551 1138 te

80 1160 173 1213 ipso
205 1172 282 1212 per
320 1159 407 1201 vim
440 1161 483 1199 et
522 1171 599 1212 per
637 1159 866 1201 factionem
904 1159 1035 1201 datos.
1106 1158 1334 1200 Praeteriit
1371 1159 1553 1209 tempus,

76 1262 224 1307 perium
248 1272 292 1295 zu
318 1261 570 1304 bezeichnen;
600 1261 675 1295 wie
700 1273 758 1306 ep.
774 1262 860 1304 299,
885 1262 919 1297 4.
946 1272 980 1295 u.
998 1272 1028 1296 5.
1044 1271 1091 1296 W.
1117 1279 1162 1286 —
1209 1260 1244 1294 si
1275 1270 1315 1293 eo
1347 1258 1556 1301 descendat,

82 1319 192 1342 wenn
219 1319 259 1341 er
284 1307 363 1341 sich
388 1307 483 1340 dazu
509 1308 756 1350 herabliesse,
781 1307 990 1342 verst'ande.
1017 1325 1061 1332 —·
1110 1306 1272 1340 obtinet.
1291 1331 1299 1340 .
1319 1305 1450 1339 miror.
1491 1305 1554 1338 In-

82 1354 237 1388 dicativi
262 1364 330 1397 pro
356 1352 603 1386 subjunctivis
628 1353 785 1387 obtineat
805 1379 813 1388 .
831 1379 839 1387 .
857 1379 865 1387 .
885 1355 1011 1388 mirer.
1047 1353 1087 1388 S.
1112 1352 1264 1387 Ramsh.
1290 1351 1319 1394 §.
1335 1352 1425 1394 166,
1449 1350 1490 1394 2,
1515 1361 1550 1394 6,

83 1401 130 1434 N.
155 1418 199 1425 —
246 1404 284 1432 ut
309 1399 456 1443 quidam
478 1403 581 1443 putat
607 1399 653 1432 ad
678 1399 898 1444 Pompeium
924 1399 1102 1444 pertinet,
1128 1405 1169 1433 111
1194 1404 1232 1433 61
1255 1408 1344 1431 111οΧ
1369 1402 1438 1432 est.
1487 1395 1552 1432 Sic

82 1447 129 1480 de
155 1445 339 1479 Tunstalli
366 1445 463 1480 coni.
490 1457 526 1489 p.
549 1446 624 1480 148.
647 1447 678 1480 1.
699 1445 732 1479 2.
754 1449 897 1489 patant.
924 1446 1020 1480 cett.
1065 1444 1138 1480 ΟΒ.
1157 1463 1202 1470 -
1248 1447 1300 1477 est
1325 1442 1468 1487 (Lamb.
1488 1443 1551 1484 sit)

82 1493 289 1526 timendum.
315 1510 359 1516 --
407 1493 486 1533 „At
509 1492 563 1524 sic
587 1490 670 1526 scil.
697 1501 780 1525 eum
804 1491 994 1525 consulem
1018 1490 1103 1526 fieri
1127 1491 1237 1524 malo.
1264 1508 1306 1514 -
1349 1493 1454 1533 putat
1477 1490 1553 1522 ali-

83 1539 184 1582 quis,
212 1549 346 1582 nempe
370 1537 587 1581 Pompeius.
612 1555 658 1562 —
706 1537 791 1571 Ced.
818 1542 870 1570 est
894 1537 1070 1580 Caesari,
1105 1538 1141 1571 si
1164 1537 1205 1571 id
1228 1536 1341 1578 volet,
1373 1546 1483 1569 wenn
1510 1545 1552 1569 er

80 1584 163 1618 sich
189 1583 302 1617 damit
331 1583 526 1627 begniigen
552 1583 642 1617 will.
667 1602 710 1608 --
764 1582 877 1626 Vide,
909 1583 1011 1617 denk
1035 1583 1083 1617 du
1115 1583 1190 1618 Dir
1214 1582 1300 1625 ibn,
1335 1581 1410 1616 wie
1435 1593 1477 1616 er
1502 1581 1552 1615 im

80 1630 240 1664 zweiten
268 1629 469 1664 Consulate
493 1629 573 1663 sein
607 1628 721 1673 wird‚
761 1640 822 1672 er,
857 1630 991 1664 dessen
1017 1637 1137 1664 erstes
1160 1629 1343 1664 Consulat
1367 1628 1429 1662 Du
1455 1628 1552 1661 noch

80 1676 181 1710 nicht
206 1675 313 1709 wirst
338 1685 537 1719 vergessen
564 1675 694 1709 haben.
721 1694 766 1701 —
810 1676 931 1720 inquit
960 1674 1042 1712 scil.
1069 1676 1226 1719 aliquis,
1255 1675 1445 1710 Mancher.
1487 1673 1552 1709 Sic

11 1739 15 1781 }
79 1723 185 1758 Amb.
209 1724 262 1755 17.
290 1721 439 1755 firmans
465 1721 648 1756 Tunstall.
677 1727 714 1755 et
739 1722 885 1757 Ernest.
912 1733 1014 1767 susp,
1039 1723 1162 1767 inquis
1176 1723 1274 1757 Cett.
1293 1740 1336 1746 —
1384 1724 1459 1754 tum
1479 1721 1551 1754 im·-

80 1769 230 1802 bet-illus
253 1767 510 1813 Brachylogie
534 1773 579 1801 st.
608 1769 676 1801 etsi
699 1772 774 1801 tum
798 1767 915 1802 adhuc
940 1768 1125 1803 invalidus
1158 1773 1278 1811 esset,
1307 1768 1392 1812 plus
1428 1774 1550 1800 tamen

80 1821 152 1849 cet.
179 1833 221 1839 -—-
273 1815 367 1849 Quid
390 1824 484 1847 nunc
505 1814 633 1858 putas?
664 1814 746 1848 scil.
780 1825 862 1847 eum
888 1814 1097 1849 valiturum.
1124 1834 1167 1840 -
1215 1815 1262 1849 Et
1285 1825 1332 1847 =
1356 1813 1430 1847 und
1455 1813 1552 1846 noch

79 1861 184 1895 dazu.
212 1878 253 1885 -—
302 1860 376 1893 iam
400 1860 497 1902 iam,
521 1859 654 1903 langst.
686 1859 724 1894 S.
749 1860 900 1894 Ramsh.
928 1861 957 1904 §.
976 1863 1054 1896 178.
1071 1880 1115 1886 —
1161 1873 1184 1894 α
1209 1861 1313 1894 bonis
1328 1860 1549 1902 ..gratiam

14 1917 16 1948 ς
81 1907 154 1941 111111
180 1917 240 1948 61,
276 1916 383 1939 wenn
421 1916 463 1938 er
495 1905 574 1939 sich
610 1905 704 1939 dazu
741 1906 947 1949 hequemen
979 1908 1079 1951 will,
1117 1908 1197 1942 sich
1221 1907 1295 1941 den
1319 1905 1431 1940 Dank
1456 1905 1551 1939 aller

15 1952 18 1998 ἰ,
81 1951 395 1996 Wohlgesinnten
421 1950 585 1985 dadurch
602 1952 797 1986 erwerben
823 1952 957 1989 11111116.
1007 1953 1049 1988 Si
1069 1953 1207 1989 Caesar
1224 1953 1393 1988 exercitu
1409 1951 1549 1986 tradito

80 2000 310 2033 consulatum
336 2004 437 2042 petat
463 2008 619 2040 eumque
645 1998 832 2041 obtineat,
858 1999 988 2033 durum
1019 2000 1055 2034 id
1081 1999 1232 2043 quidem
1258 2005 1315 2032 est
1339 1999 1387 2033 ob
1414 2004 1548 2032 metum

17 2045 19 2060 ¹
81 2047 162 2079 eius
198 2045 233 2078 in
268 2045 461 2077 consulatu
499 2044 707 2087 potentiae:
746 2045 810 2078 sed
844 2051 965 2079 tamen
1003 2052 1143 2080 tantum
1175 2047 1281 2079 abest
1312 2052 1351 2079 ut
1382 2044 1549 2078 recusari

18 2113 21 2125 ψ
82 2091 221 2136 possit,
259 2097 295 2123 ut
320 2090 445 2135 potius
471 2090 632 2133 Caesar,
671 2090 701 2123 si
728 2090 799 2123 hoc
824 2091 953 2135 saciat,
994 2093 1042 2125 ob
1069 2091 1285 2126 modestiam
1311 2101 1412 2126 5113111
1439 2091 1548 2124 etiam

19 2162 21 2180 ⁴.
82 2138 127 2171 ab
153 2137 324 2171 omnibus
350 2136 457 2170 bonis
482 2136 637 2179 gratiam
665 2135 762 2170 inire
786 2137 932 2171 debeat.
963 2138 1071 2172 scil.

20 2183 21 2198 ³
170 2184 200 2217 4.
236 2186 346 2225 negat
380 2182 595 2226 Pompeius.
645 2181 710 2216 Sic
745 2182 892 2227 scripsi.
949 2183 1171 2218 Necessario
1206 2183 1243 2218 id
1286 2183 1494 2226 requiritur
1527 2193 1548 2215 a

81 2240 159 2271 seq.
191 2229 308 2270 idem,
346 2227 383 2261 in
416 2239 451 2261 v.
482 2232 522 2261 ut
545 2229 642 2262 idem
673 2228 911 2273 (Pompeius)
944 2231 1046 2264 dicit.
1073 2249 1117 2255 —-
1164 2234 1299 2272 negant
1335 2230 1431 2264 Cett.
1466 2239 1547 2262 cum

82 2275 176 2308 Cdd.
214 2274 410 2309 ORELLI.
443 2292 487 2299 —-
534 2285 600 2319 per
634 2275 755 2308 decem
786 2286 910 2309 annos.
967 2277 1112 2320 Nempe
1146 2277 1283 2311 Caesar
1316 2275 1477 2310 Gabinio
1513 2281 1549 2306 et

81 2321 223 2355 Pisone
248 2330 342 2353 coss.
367 2330 398 2353 a.
426 2331 463 2354 u.
490 2331 522 2355 c.
548 2322 627 2356 696.
653 2331 782 2355 mense
813 2321 940 2366 Aprili
966 2322 1003 2356 in
1030 2321 1189 2357 Galliam
1214 2322 1405 2364 discessit,
1441 2320 1548 2354 cuius

25 2395 28 2404 .
82 2366 300 2412 provinciae
333 2365 600 2401 administratio
637 2377 733 2400 anno
767 2368 965 2412 superiore
999 2368 1083 2412 lege
1117 2368 1273 2404 Vatinia
1305 2369 1339 2402 ei
1373 2368 1409 2401 in
1440 2366 1548 2410 quin-

82 2410 285 2462 quennium
307 2417 385 2444 crat
409 2411 569 2446 decreta.
618 2414 856 2457 Postealege
882 2415 1071 2449 Trebonia
1088 2415 1271 2459 Pompeio
1292 2422 1328 2448 et
1347 2415 1479 2448 Crasso
1496 2413 1544 2445 11.

26 2475 30 2500 i
82 2460 187 2493 Coss.
215 2469 249 2490 61
278 2467 314 2490 111
338 2457 494 2490 3116111111
521 2459 811 2502 quinquennium
838 2463 946 2502 (non,
984 2467 1023 2494 ut
1044 2462 1121 2496 Dio
1155 2461 1306 2496 Cassius
1331 2459 1483 2500 scribit,
1510 2459 1547 2492 111

28 2503 29 2516 ’
85 2510 161 2538 1165
187 2509 326 2536 tautum
352 2505 483 2543 annos)
509 2514 711 2548 prorogata
735 2505 803 2540 suit
830 2507 1033 2550 provincia.
1082 2508 1186 2550 Ergo
1212 2517 1327 2540 annus
1354 2517 1387 2539 u.
1415 2518 1448 2539 6.
1471 2506 1547 2539 7⁰5.

85 2550 252 2583 decimus
277 2554 358 2582 erat
391 2549 562 2583 Caesaris
596 2551 754 2594 imperii.
803 2551 910 2587 SCH.
937 2573 980 2578 —
1027 2565 1099 2587 non
1133 2555 1222 2595 tibi,
1254 2553 1381 2586 Lamb.
1414 2552 1547 2584 melius

87 2596 153 2628 tibi
170 2606 252 2628 ηοη.
272 2614 315 2620 —-
362 2595 484 2635 fact„
509 2596 678 2640 Anhang.
693 2616 737 2622 --
785 2600 901 2632 datas.
914 2600 1020 2633 Rom.
1039 2601 1124 2634 Asc.
1146 2602 1174 2632 l.
1203 2599 1337 2632 datam.
1356 2617 1400 2622 —
1435 2597 1547 2631 Prae-

86 2642 185 2674 teriit
210 2646 359 2686 tempus.
408 2642 577 2675 Nondum
604 2645 867 2687 praeterierat,
901 2645 932 2679 si
967 2646 1013 2679 ab
1037 2645 1163 2692 Aprili
1195 2655 1320 2678 mense
1345 2645 1424 2679 696.
1462 2645 1548 2678 anni

84 2695 330 2738 numerentur.
381 2687 471 2729 Sed,
497 2699 608 2731 quum
636 2688 713 2723 11.1.
740 2690 787 2724 de
810 2691 994 2735 petitione
1020 2692 1234 2726 consulatus
1252 2691 1288 2724 in
1313 2701 1444 2724 annum
1471 2693 1547 2725 706.

84 2733 238 2777 gerendi
263 2741 437 2778 ageretur
463 2741 633 2778 essetque
660 2737 851 2781 quaestio,
877 2748 921 2772 an
946 2736 1131 2782 proximis
1155 2736 1317 2772 comitiis
1343 2737 1550 2772 consulari-
