1795 3043
218 69 318 122 174
482 66 547 112 M.
584 66 638 111 T.
676 62 1013 111 CICERONIS
1046 63 1415 115 EPISTOLAE.

353 179 670 228 EPISTOLA
703 167 990 226 ccxnvi'n.
1029 180 1111 239 (aa
1144 181 1249 228 niv.
1285 180 1541 242 x111.58.)

332 269 412 305 Ser.
438 268 477 303 in
501 267 696 313 provincia
719 277 844 301 mense
869 266 1012 301 incerto
1036 268 1083 302 A.
1109 268 1156 303 U.
1182 269 1222 304 C.
1243 270 1322 305 704.
1348 257 1464 313 (asc.
1489 270 1563 314 50.)

622 325 825 360 Custidium
845 326 1015 370 praetori
1038 327 1272 360 commendat.

250 385 302 420 M.
331 383 515 418 CICERO
542 383 585 418 C.
608 382 751 417 TITIO
776 382 820 416 L.
845 382 888 416 F.
915 383 1051 417 RUFO
1077 384 1343 418 PRAETORI
1366 383 1574 418 URBANO
1599 383 1640 420 S.

334 443 381 484 L.
405 442 616 483 Custidius
646 443 708 484 est
736 441 906 482 tribulis
934 443 977 481 et
1005 443 1224 495 municeps
1244 445 1284 483 et
1302 437 1523 483 familiaris
1543 456 1673 484 meus.

218 502 261 542 Is
291 512 457 540 causam
486 500 636 548 habet;
678 512 801 551 quam
831 511 998 539 causam
1026 499 1079 539 ad
1108 502 1149 539 te
1178 500 1350 540 deseret.
1423 500 1676 540 Commendo

219 558 298 598 tibi
328 558 558 605 hominem,
590 557 702 597 sicut
731 560 802 595 tua
830 554 933 595 fides
964 557 1006 595 et
1033 569 1149 596 meus
1178 558 1313 609 pudor
1343 558 1548 610 postulat:
1586 559 1677 598 tan-

220 617 323 663 tum,
354 618 401 654 ut
430 614 576 654 faciles
605 614 655 654 ad
687 616 729 653 te
759 611 894 653 aditus
923 611 1100 662 habeat;
1130 626 1237 665 quae
1268 627 1401 665 aequa
1430 613 1676 666 postulabit,

219 674 268 712 ut
296 672 454 712 libente
483 673 525 710 te
546 671 745 722 impetret
764 669 998 719 sentiatque
1015 682 1150 710 meam
1171 670 1252 710 sibi
1272 672 1514 719 amicitiam,
1546 672 1675 712 etiam

219 743 349 782 quum
376 728 616 780 longissime
644 727 800 775 absim,
838 725 1060 779 prodesse,
1096 727 1139 767 in
1169 728 1316 781 primis
1345 729 1457 782 apud
1484 730 1539 768 te.

419 876 731 924 EPISTOLA
767 876 1012 922 CCXLIX.
1051 875 1134 935 (ad
1159 876 1265 922 Div.
1299 877 1380 923 111.
1403 879 1470 938 9.)

218 968 301 1005 Ser.
324 967 361 1002 in
384 964 580 1012 provincia
604 965 671 999 sub
696 964 806 998 finem
832 963 1015 1007 Ianuarii,
1049 964 1111 997 vel
1137 962 1245 997 initio
1269 964 1465 999 Februarii
1489 966 1532 1000 A.
1558 965 1604 1001 U.
1632 965 1673 1000 C.

788 1012 862 1045 704.
890 1014 936 1054 (a.
964 1011 1005 1045 C.
1031 1011 1105 1053 50.)

217 1070 333 1116 Appii
359 1069 551 1114 epistolam
577 1079 627 1102 ex
650 1067 788 1102 vicinia
805 1068 910 1101 urbis
932 1067 1105 1112 scriptam
1122 1067 1267 1111 laudat;
1292 1069 1500 1112 gratulatur
1516 1068 1553 1102 in
1571 1079 1674 1114 spem

216 1118 417 1164 triumphi,
442 1117 623 1154 hortatur,
649 1120 689 1148 ut
713 1115 830 1148 libros
849 1115 1044 1158 augurales
1064 1115 1241 1154 absolvat,
1266 1114 1449 1159 petitque,
1476 1121 1514 1148 ut
1531 1115 1675 1161 suppli-

508 1162 689 1196 cationem
715 1161 786 1194 sibi
812 1161 1080 1194 decernendam
1107 1167 1223 1194 curet.
1250 1163 1270 1195 1
1289 1162 1382 1196 -4.

597 1218 783 1252 CICERO
810 1218 966 1252 APPIO
992 1218 1233 1253 PULCHRO
1259 1218 1299 1253 S.

330 1280 410 1319 Vix
437 1277 606 1318 tandem
635 1277 719 1329 legi
758 1277 904 1316 literas
942 1276 1088 1329 dignas
1117 1276 1256 1329 Appio
1287 1276 1486 1323 Claudio,
1527 1276 1673 1327 plenas

218 1337 512 1383 humanitatis,
554 1333 710 1386 officii,
751 1333 1005 1386 diligentiae.
1062 1334 1299 1385 Adspectus
1328 1333 1526 1374 videlicet
1555 1333 1672 1374 urbis

216 1395 297 1436 tibi
334 1396 451 1434 tuam
488 1392 713 1445 pristinam
749 1389 1030 1431 urbanitatem
1067 1390 1262 1430 reddidit.
1338 1390 1445 1431 Nam
1482 1402 1584 1441 quas
1619 1403 1672 1432 ex

215 1454 368 1494 itinere
398 1451 515 1501 ante,
547 1462 672 1500 quam
703 1461 754 1489 ex
782 1448 883 1488 Asia
912 1460 1102 1500 egressus
1132 1460 1197 1499 es,
1238 1447 1290 1487 ad
1328 1460 1395 1487 me
1424 1449 1567 1488 literas
1595 1448 1672 1488 mi-

217 1509 337 1560 sisti,
367 1520 471 1547 unas
502 1507 552 1546 de
581 1506 729 1557 legatis
759 1519 784 1545 a
810 1517 874 1544 me
903 1505 1128 1556 prohibitis
1157 1504 1392 1556 proficisci,
1435 1506 1589 1545 alteras
1619 1505 1671 1545 de

216 1566 507 1618 Appianorum
536 1562 828 1603 aedificatione
856 1561 1080 1613 impedita,
1112 1561 1197 1614 legi
1226 1562 1474 1612 perinvitus.
1524 1562 1670 1613 Itaque

216 1622 478 1665 couscientia
506 1632 622 1661 meae
651 1618 881 1661 constantis
912 1630 1011 1671 erga
1040 1620 1082 1659 te
1111 1619 1341 1659 voluntatis
1371 1618 1572 1670 rescripsi
1592 1618 1671 1660 tibi

307 1748 347 1781 C.
379 1745 530 1779 TITIO.
579 1742 719 1776 Dieser
751 1742 790 1776 C.
818 1741 941 1775 Titius
972 1741 1015 1775 L.
1042 1741 1081 1775 F.
1110 1741 1247 1783 Rufus,
1278 1739 1380 1774 nicht
1405 1751 1451 1774 zu
1475 1742 1671 1775 verwech-

214 1794 297 1829 selu
323 1793 388 1826 mit
413 1792 494 1825 dem
520 1790 565 1824 T.
593 1789 716 1822 Titius
742 1788 785 1822 T.
810 1789 872 1831 F.,
909 1788 1027 1821 einen]
1051 1787 1294 1831 Praepositus
1319 1787 1375 1820 rei
1408 1787 1670 1821 frumentariae

213 1847 324 1874 unter
356 1839 438 1872 dem
474 1838 540 1871 Cn.
566 1835 768 1879 Pompeius
803 1835 864 1878 (ad
896 1834 1047 1868 Divers.
1074 1834 1191 1876 XIII,
1218 1834 1308 1876 75.)‚
1343 1834 1437 1867 auch
1469 1833 1570 1866 nicht
1603 1833 1669 1867 mit

214 1887 337 1921 Titius
363 1886 440 1919 das.
469 1884 518 1922 V,
538 1884 594 1925 16,
628 1893 707 1915 war
731 1882 796 1915 704
821 1882 979 1914 Praetor
1005 1881 1163 1913 urbanus
1190 1880 1226 1913 in
1252 1879 1365 1923 Rom,
1395 1879 1433 1913 in
1458 1880 1526 1913 der
1547 1880 1669 1924 Folge

213 1934 304 1968 aber
330 1932 390 1965 ein
415 1929 687 1972 Untergeneral
715 1928 780 1960 des
804 1927 1020 1960 Dolabella.
1062 1926 1098 1960 S.
1126 1927 1221 1969 XII,
1243 1927 1298 1959 15.

306 1980 336 2011 l.
364 1978 408 2011 L.
438 1976 642 2018 Custidius,
668 1973 809 2008 Bened.
837 1973 985 2007 secund.
1013 1972 1144 2006 Gland.
1172 1972 1207 2006 in
1234 1973 1422 2005 Onomast.
1449 1971 1545 2007 hist„
1558 1971 1665 2008 Rom.

211 2026 379 2072 praefert
397 2022 604 2066 Cuspidius.
622 2040 663 2045 -
696 2020 856 2062 tribulis,
884 2031 931 2053 ex
957 2019 1084 2052 eadem
1111 2018 1209 2052 tribu
1236 2018 1419 2052 Cornelia.
1455 2018 1543 2054 Vid.
1558 2018 1666 2053 Brut.

212 2085 245 2107 c.
270 2073 384 2106 16.-
418 2070 618 2112 municeps,
649 2067 901 2109 Landsmann,
933 2066 1012 2098 also
1047 2065 1107 2098 ein
1137 2064 1349 2109 Arpinater.
1396 2064 1466 2097 Est
1496 2064 1665 2108 gradatio

210 2119 252 2154 in
277 2118 334 2151 his
359 2116 496 2150 verbis.
543 2115 635 2148 Nam
666 2114 787 2147 minor
822 2118 877 2146 est
906 2111 1142 2145 necessitudo
1174 2111 1385 2153 tribulium,
1418 2110 1537 2143 maior
1568 2111 1666 2145 inter

210 2163 436 2208 municipes,
464 2172 601 2195 sumnia
625 2161 721 2194 inter
746 2159 958 2192 familiares.
983 2158 1087 2191 SCH.
1106 2176 1151 2182 —-
1184 2168 1348 2199 causam,
1374 2156 1481 2190 einen
1507 2156 1665 2191 Rechts-

209 2210 360 2245 handel.
410 2208 610 2249 Welehen‚
649 2207 696 2239 ist
722 2205 1006 2239 unbekannt.-
1052 2215 1157 2247 quam
1182 2214 1339 2237 causam.
1387 2202 1424 2237 S.
1454 2203 1601 2237 Ramsh.
1635 2205 1663 2247 ξ.

210 2259 292 2301 159,
311 2259 346 2294 3,
365 2255 400 2295 d,
422 2255 508 2288 Not.
523 2254 564 2293 23
590 2253 670 2286 bes.
697 2253 832 2295 Zumpt
856 2250 1028 2295 §.742.—
1054 2251 1205 2291 deferre,
1232 2248 1416 2292 anhangig
1439 2250 1604 2284 macheu.
1621 2269 1664 2276 —

209 2305 314 2338 sicut.
338 2297 418 2336 Md.
443 2300 553 2334 sicuti
576 2299 672 2333 Edd.
692 2317 735 2323 —
768 2298 868 2341 fides,
894 2296 1272 2330 Rechtschaffenheit.
1315 2295 1377 2328 Nil
1403 2302 1529 2329 contra
1553 2296 1663 2329 fidem

211 2362 233 2384 a
258 2357 293 2384 te
317 2356 416 2394 petO.
437 2366 482 2373 —
509 2346 646 2391 pudor,
673 2343 735 2388 qui
761 2344 865 2377 iubet
887 2350 926 2376 ut
951 2353 1069 2384 aequa
1091 2342 1135 2375 ab
1161 2341 1287 2376 amicis
1312 2347 1491 2387 petamus.
1525 2341 1564 2376 S.
1592 2342 1663 2376 den

210 2397 332 2440 vorig.
364 2394 478 2430 Brief.
514 2392 697 2433 servabis,
733 2394 771 2423 ut
805 2395 867 2423 tua
895 2389 982 2431 fides
1007 2396 1076 2421 etc.
1097 2407 1141 2412 —-
1167 2389 1315 2432 libente,
1345 2388 1476 2424 Lamb.
1510 2388 1661 2431 iubente,

210 2444 285 2478 wie
310 2443 361 2476 im
385 2440 507 2484 vorig.
531 2438 672 2473 Briefe.
692 2456 733 2461 -
771 2437 906 2478 absim,
938 2434 977 2467 in
1001 2434 1144 2469 Cilicia.

399 2497 552 2532 APPIO
582 2493 828 2529 PULCHRO.
886 2492 924 2527 S.
953 2502 998 2525 zu
1023 2502 1079 2536 ep.
1109 2492 1287 2526 CLXXX
1312 2490 1361 2525 im
1387 2491 1471 2525 Anf.

301 2546 333 2578 1.
373 2544 446 2578 Vz'oe
470 2548 494 2578 t.
521 2542 615 2584 legi,
649 2552 689 2575 so
716 2540 796 2573 hab’
822 2539 882 2572 ich
913 2539 1008 2572 doch
1040 2538 1189 2572 endlich
1223 2550 1268 2573 zu
1301 2539 1403 2572 lesen
1429 2537 1660 2571 bekommen.

210 2610 253 2617 —
287 2592 396 2634 offic„
423 2586 760 2625 Verbindlichkeit.
797 2586 923 2628 dilig„
947 2584 1113 2627 Beliuts.,
1139 2585 1323 2629 Achtung.
1341 2603 1383 2608 —
1419 2593 1507 2627 quas
1533 2609 1540 2616 .
1556 2609 1585 2616 ..
1613 2583 1661 2616 li-

211 2641 317 2671 teras.
346 2637 382 2671 S.
401 2637 552 2670 Ramsh.
578 2637 608 2679 ξ.
627 2635 704 2677 159,
721 2635 756 2676 3,
783 2632 818 2666 d.
834 2643 868 2665 u.
888 2632 920 2665 b.
938 2650 982 2655 —
1018 2642 1184 2673 egressus
1208 2642 1256 2671 es,
1285 2642 1305 2664 e
1329 2629 1418 2664 Cod.
1445 2630 1548 2672 Lips.
1567 2628 1658 2663 Ern.

211 2683 435 2725 Mart.-Lag.
463 2682 552 2718 Sch.
576 2683 669 2715 Liin.
697 2690 800 2713 esses,
822 2697 865 2703 -
889 2678 932 2711 de
958 2678 1068 2719 legat.
1096 2684 1166 2711 cet.
1200 2677 1237 2712 S.
1267 2688 1324 2721 ep.
1346 2675 1534 2710 CCXXII.
1551 2694 1594 2699 -
1618 2676 1662 2708 de

211 2731 308 2774 App.
333 2730 443 2771 aedifi.
481 2728 519 2764 S.
546 2739 604 2773 ep.
624 2725 824 2762 CCXLIV.
840 2743 885 2750 —-
921 2724 996 2767 Iis,
1021 2724 1098 2758 Md.
1126 2724 1225 2760 Vict.
1243 2723 1276 2757 2.
1301 2723 1381 2756 His.
1398 2738 1444 2747 —-
1474 2721 1661 2766 rescripsi.
