1795 3043
484 63 799 114 EPISTOLA
834 62 1109 114 CCCLXIX.
1420 72 1521 122 509

71 182 158 234 Tu,
188 181 241 222 de
278 182 351 222 tuo
391 180 542 221 itinere
571 177 755 231 quidet
784 175 951 228 quando
978 177 1161 232 cogites,
1192 177 1318 220 velim
1346 189 1411 221 mo
1431 191 1521 220 cer.

70 239 224 280 tiorem
253 238 397 280 sacias-
455 237 504 278 A.
537 235 578 278 d.
608 248 676 276 xv.
695 233 788 274 Kal.
817 232 966 276 Maias.

233 445 565 526 *EPISTOLA-
601 452 878 500 ccchm.
920 451 1006 525 (ad
1039 451 1129 499 Att.
1163 453 1219 499 x.
1257 455 1329 512 c.)

139 543 218 578 Ser.
245 542 283 576 iu
309 542 472 577 Cumano
499 541 598 576 circa
621 541 670 575 X.
697 541 783 576 Kal.
808 541 897 576 Mai.
926 541 971 576 A.
997 540 1041 575 U.
1066 540 1109 589 C.
1134 541 1211 574 705.
1246 541 1292 583 (a.
1319 540 1356 575 C.
1384 542 1459 586 49.)

70 621 130 656 De
163 622 298 657 itinere
327 633 406 656 suo.
447 624 478 656 l.
526 622 573 656 de
597 622 642 656 Q.
669 622 710 655 F.
744 621 922 665 regendo.
956 620 989 655 2.
1039 619 1087 654 de
1116 618 1269 661 nuntio,
1307 631 1415 663 quem
1450 631 1522 668 pro

251 676 355 703 certo
388 669 543 712 habeat,
576 666 797 712 Pompeium
828 667 867 700 in
893 665 1049 701 Galliam
1074 665 1276 711 proficisci.
1307 668 1343 703 3.

557 748 740 783 CICERO
772 746 959 783 ATTICO
991 745 1032 782 S.

183 816 254 857 Me
282 817 421 858 adhuc
450 818 559 858 nihil
588 819 759 871 praete-1·
795 818 1080 869 tempestatem
1115 817 1317 858 moratur.
1375 813 1524 856 Astute

70 872 182 914 nihil
222 888 312 915 sum
349 877 540 915 acturus:
589 875 663 916 fiat
697 875 743 914 in
781 874 987 926 Hispania
1022 873 1252 925 quidlibet:
1302 873 1343 913 et
1380 874 1524 913 tamen

69 931 217 970 retice.
276 931 393 971 Meas
422 932 693 984 cogitationes
722 944 862 972 omues
891 929 1205 983 explicavi-tibi
1232 929 1525 982 superioribus

72 987 223 1029 literis.
283 988 492 1035 Quocirca
521 990 601 1029 hae
630 989 726 1029 sunt
754 988 932 1029 breves:>
959 987 989 1039 -ξ-
1018 989 1060 1027 et
1089 989 1248 1034 tamen,
1280 987 1382 1038 quia
1410 988 1527 1027 festi-

70 1043 226 1085 nabam
256 1057 455 1096 eramque
474 1045 734 1097 occupatior.
789 1045 853 1085 De
884 1045 1037 1091 Quinto
1067 1043 1181 1091 filio,
1204 1046 1260 1095 fit
1288 1058 1316 1083 a
1336 1059 1400 1084 me
1430 1044 1524 1094 qui·
1545 1052 1577 1093 2

73 1101 167 1140 dem
196 1103 367 1142 sedulo:
416 1102 486 1140 sed
527 1102 636 1141 nosti
666 1102 845 1152 reliqua.
903 1100 1021 1148 Quod
1051 1099 1147 1144 dein
1175 1112 1243 1139 me
1271 1111 1440 1147 moues,
1480 1102 1526 1140 et

72 1159 206 1198 amice
235 1159 276 1197 et
305 1157 533 1209 prudenter
560 1169 727 1198 mones:
767 1158 840 1198 sed
871 1158 994 1197 erunt
1023 1156 1162 1196 omnia
1189 1156 1355 1209 facilia,
1406 1157 1441 1197 si
1470 1157 1526 1198 ab

72 1227 156 1255 uuo
185 1215 262 1255 illo
293 1226 458 1254 cavero.
516 1214 716 1266 Magnum
734 1226 840 1265 opus
870 1215 952 1254 est:
990 1212 1203 1253 mirabilia
1223 1214 1377 1254 multa:
1415 1213 1530 1255 nihil

73 1272 273 1323 simplex,
314 1271 426 1310 nihil
455 1270 680 1311 sincerum.
738 1271 922 1321 Vellem,
959 1269 1210 1321 suscepisses
1239 1269 1434 1310 iuvenem
1462 1282 1529 1311 re-

73 1327 266 1380 gendum.
323 1328 449 1367 Pater
475 1327 601 1367 cenim
639 1327 762 1367 nimis
807 1326 1050 1379 indulgens,
1097 1325 1303 1377 quidquid
1342 1327 1529 1379 (150311-

75 1385 250 1436 strinxi,
296 1385 473 1424 relaxat.
532 1384 577 1423 Si
614 1384 704 1423 sine
743 1384 817 1423 illo
856 1395 1061 1435 possem,.
1083 1394 1292 1435 regeremt
1338 1383 1451 1435 quod
1479 1386 1530 1425 tu

75 1443 208 1494 potes.
259 1441 342 1481 Sed
360 1441 551 1492 ignosco:
579 1451 786 1492 magnum,
817 1440 1002 1492 inquam,
1030 1451 1135 1491 opus
1156 1441 1231 1480 est.
1278 1439 1529 1493 Pompeium
1550 1455 1581 1495 g

76 1586 254 1621 einander
301 1587 491 1622 scherzen.
539 1605 584 1613 —
640 1586 867 1630 liberaliter,
916 1585 1155 1621 commodius,
1202 1603 1248 1612 -
1307 1585 1441 1621 itinere
1487 1584 1531 1621 in

76 1634 243 1679 Epirum.

164 1715 197 1747 l.
229 1714 378 1757 Astute,
418 1713 654 1759 hinterlistig.
690 1732 733 1739 -
778 1713 842 1756 fiat
873 1712 914 1746 in
942 1713 989 1747 H.
1021 1711 1215 1757 quidlibet,
1254 1711 1330 1747 wie
1367 1723 1409 1748 es
1432 1713 1535 1757 auch

79 1759 117 1793 in
153 1759 315 1804 Spanien
347 1761 525 1795 ausfallen
559 1772 660 1805 mag3
708 1770 774 1794 seu
807 1759 955 1793 vincant
977 1758 1198 1804 Pompeiani
1229 1769 1296 1793 seu
1321 1757 1530 1795 vincantur.

77 1805 118 1840 S.
144 1815 202 1849 ep.
217 1807 305 1847 367,
332 1807 365 1840 3.
394 1823 436 1830 —
484 1807 614 1849 retice,
647 1806 742 1840 doch
773 1806 847 1839 lass
871 1805 972 1839 Dich
994 1805 1126 1839 Nichts
1155 1805 1322 1840 merken.
1356 1823 1398 1830 —
1446 1806 1470 1847 †
1494 1808 1535 1839 ee

79 1855 208 1884 tamen.
265 1852 348 1885 Hoc
384 1859 612 1896 corruptum.
656 1853 797 1895 breves,
839 1851 948 1886 etiam
980 1851 1027 1885 de
1058 1851 1217 1896 Malasp.
1252 1862 1352 1897 susp.
1396 1850 1531 1887 Lamb-

77 1897 208 1931 Possis
233 1897 359 1931 etiam:
388 1898 535 1939 breves,·
572 1898 626 1932 ita
650 1902 767 1931 tamen
790 1898 872 1932 scil.
899 1904 982 1931 sunt
1006 1898 1152 1932 breves.
1193 1895 1391 1932 ORELLI.
1443 1924 1445 1926 -

168 1966 202 1999 2.
234 1967 289 2000 De
315 1966 444 2001 Quinto
467 1966 565 2009 filio,
607 1976 685 1999 was
709 1965 857 2000 Deinen
883 1966 1043 2009 Austrag
1071 1975 1203 2009 wegen
1228 1965 1294 2000 des
1319 1966 1457 2009 iungen
1483 1967 1533 2010 Q,

78 2011 231 2046 beu-iffi.
271 2011 310 2046 S.
336 2012 454 2056 vorig.
477 2012 541 2047 ΒΓ.
566 2031 609 2036 -
647 2014 687 2054 fit
711 2023 734 2045 a
758 2022 812 2045 me
837 2038 845 2046 .
865 2037 872 2046 .
899 2013 1043 2055 sedulo,
1074 2021 1139 2045 aus
1164 2012 1319 2045 Terent.
1344 2012 1536 2058 Adelphis

78 2059 158 2092 Act.
175 2057 253 2102 111,
287 2068 336 2091 sc.
359 2059 435 2100 IV,
469 2059 512 2093 50
545 2058 604 2091 ed.
629 2057 778 2102 Bipont.
826 2058 958 2093 Cicero
992 2059 1090 2091 hatte
1121 2068 1245 2101 genug
1283 2057 1415 2100 daran,
1460 2068 1534 2093 nur

79 2105 144 2137 aus
171 2103 231 2137 die
262 2110 385 2138 ersten
410 2104 543 2138 Worte
569 2104 695 2137 dieser
720 2103 837 2139 Stelle
863 2104 1135 2145 hinzuweisen3
1173 2103 1345 2138 desshalb
1370 2110 1466 2139 setzt
1490 2115 1536 2139 er

78 2149 192 2183 hinzu
227 2150 290 2183 sed
322 2151 418 2184 nosti
447 2151 599 2194 reliqua.
657 2151 765 2183 Doch
796 2150 874 2184 will
907 2161 948 2183 er
981 2149 1174 2183 vielleicht
1206 2149 1319 2184 damit
1354 2150 1416 2185 die
1447 2150 1532 2185 dem

79 2195 230 2229 Attikus
247 2196 348 2229 wohl
368 2197 575 2230 bekanmen
591 2195 838 2230 Hindernisse
853 2195 1035 2229 andeuten
1047 2221 1057 2237 ‚
1084 2195 1230 2229 welche
1255 2195 1322 2230 der
1334 2197 1535 2240 Ziigelung

80 2242 147 2275 des
180 2241 316 2285 iungen
343 2242 386 2277 Q.
420 2242 468 2276 im
492 2244 615 2286 VVege
646 2243 812 2276 standen.
849 2259 892 2266 --
939 2251 994 2274 me
1025 2252 1147 2274 mones
1177 2241 1260 2275 scil.
1284 2243 1440 2277 mmihi
1472 2253 1535 2276 ca-

79 2298 203 2330 veam,
235 2298 281 2321 ne
306 2288 343 2321 111
368 2289 536 2322 Caesaris
562 2288 686 2321 odium
711 2288 906 2322 incurram.
938 2306 982 2312 —
1029 2288 1074 2320 ab
1098 2297 1167 2320 uno
1192 2287 1260 2321 illo
1295 2288 1378 2322 scil.
1404 2288 1534 2323 Quinti

81 2333 160 2367 filio
187 2333 341 2376 eiusque
364 2335 423 2367 vel
450 2334 697 2378 imprudentia
721 2334 779 2367 vel
804 2333 953 2367 malitia.
985 2332 1090 2367 SCH.
1114 2352 1159 2359 —
1205 2334 1396 2368 mirabilia
1419 2334 1537 2368 multa

79 2379 190 2420 facit,
223 2379 295 2413 alle
318 2380 579 2423 Augenblicke
604 2380 724 2414 macht
749 2392 790 2414 er
814 2378 1070 2413 wunderliche
1087 2379 1281 2421 Streiche,
1307 2386 1404 2414 setzt
1429 2391 1471 2414 er
1495 2379 1535 2415 in

81 2424 363 2467 Verlegenheit.
398 2444 442 2451 —
489 2427 584 2460 nihil
611 2453 618 2460 .
637 2451 645 2460 .
664 2452 671 2460 .
697 2427 877 2460 sincerum
908 2424 946 2459 111
981 2426 1048 2459 1110
1075 2425 1200 2461 Quinti
1236 2426 1316 2459 filio
1348 2426 1457 2460 inest.
1490 2442 1536 2451 —-

81 2472 160 2504 sine
184 2471 269 2511 illo,
309 2477 423 2515 patre.
450 2491 492 2496 —
523 2473 595 2506 Sed
618 2475 769 2515 ignosco
795 2471 875 2505 scil.
901 2470 990 2514 tibi,
1017 2472 1117 2514 quod
1142 2482 1234 2504 onus
1258 2471 1352 2505 illud
1377 2471 1537 2516 regendi

83 2517 209 2552 Quinti
242 2516 311 2549 filii
345 2516 412 2550 tibi
438 2529 510 2551 non
534 2519 591 2552 vis
616 2519 767 2563 imponi.
802 2517 910 2553 SCH.
959 2519 1017 2552 An
1042 2517 1217 2560 ignosce?
1264 2517 1362 2560 „tibi
1388 2525 1539 2562 quoque¹

83 2562 121 2596 id
147 2563 219 2596 erit
244 2562 539 2597 difficillimum.''
575 2564 648 2599 ΟΒ.
683 2582 728 2591 --
773 2564 933 2608 inquam.
981 2563 1100 2598 Fort.:
1132 2572 1328 2607 magnum,
1362 2573 1538 2607 magnum

81 2609 229 2653 inquam
255 2620 304 2643 ex
328 2620 394 2642 usu
420 2609 498 2643 Cic.
532 2610 728 2644 ORELLI.

171 2678 205 2712 3.
244 2678 282 2709 in
308 2675 487 2719 Galliam,
532 2687 591 2711 um
617 2677 740 2712 seiner
766 2677 931 2713 provinz
957 2676 1121 2722 Spanien
1148 2686 1194 2710 zu
1218 2676 1331 2711 Hfflse
1355 2687 1399 2712 zu
1426 2663 1537 2714 enei„

83 2721 163 2756 Das
200 2721 376 2767 glaubteu
406 2722 545 2758 damals
570 2723 704 2765 Viele3
755 2724 846 2759 aber
868 2723 1074 2768 Pompeius
1099 2723 1199 2759 hatte
1224 2723 1332 2759 einen
1355 2735 1451 2769 ganz
1474 2735 1539 2760 aa·
