1795 3043
185 90 251 138 14
441 85 507 133 M.
544 85 600 131 Τ.
637 81 978 132 CICERONIS
1011 82 1390 132 EPISTOLAE.

185 199 283 239 acta
313 200 355 238 et
384 209 574 238 rumores
613 199 754 238 vellet.
812 195 925 246 Iam,
965 196 1003 237 si
1039 209 1123 250 qua.
1153 198 1271 238 certa
1300 195 1433 238 habes
1462 195 1516 237 de
1545 195 1648 238 Cae-

185 267 293 306 sare,
328 256 525 308 exspecto
555 255 724 306 literas3
754 256 796 295 et
825 254 932 295 alias
959 254 1184 308 Pomptino
1213 254 1266 296 de
1293 253 1491 296 omnibus
1519 254 1647 298 rebus

185 312 411 365 diligenter
441 312 572 354 dabis.

352 450 669 498 EPISTOLA
704 450 1039 497 CLXXXVIII.
1071 450 1153 510 (ad
1188 452 1280 498 Att.
1315 450 1371 498 V.
1405 452 1478 511 5.)

381 527 464 563 Ser.
491 526 683 565 Venusiae
707 526 764 561 Id.
791 526 881 561 Mai.
908 527 956 562 A.
981 526 1027 562 U.
1054 527 1097 562 c.
1125 528 1204 562 703.
1231 528 1279 570 (a.
1306 527 1349 562 c.
1375 527 1451 570 51.)

184 596 381 642 Significat
413 607 456 633 se
493 606 563 631 nec
595 595 696 639 quod
720 594 861 629 scribat
884 605 954 630 nec
978 595 1080 639 quod
1108 595 1257 629 mandet
1280 596 1439 640 habere,
1465 599 1503 630 et
1525 592 1645 630 Attici

542 642 672 677 literas
696 641 891 676 Brundisii
915 648 1150 687 exspectare.
1179 642 1282 678 1—2.
1299 658 1306 663 ’

675 710 864 757 cicERo
887 711 1083 746 ATTICO
1109 711 1149 747 s.

293 770 426 810 Plane
456 771 595 823 deest,
632 770 747 823 quod
776 770 971 810 scribam.
1030 770 1139 812 Nam
1168 782 1272 819 nec,
1304 769 1405 822 quid
1434 767 1642 822 mandem,

181 825 344 876 haben,
384 828 494 869 nihil
532 828 645 868 enim
683 828 1024 881 praetermissum
1063 830 1151 870 est:
1191 840 1271 868 nec
1311 826 1413 878 quid
1451 839 1641 875 narrem;

180 884 282 925 novi
311 883 423 924 enim
455 886 584 927 nihil:
615 897 695 925 nec
724 885 893 926 iocandi
921 886 1042 925 locus
1073 888 1156 935 est;
1187 886 1249 926 ita
1277 898 1344 925 me
1365 886 1500 924 multa
1529 884 1644 924 solli·

179 941 328 981 citant.
387 943 569 983 Tantum
598 944 738 982 tamen
768 941 891 990 scito,
923 941 1068 983 Idibus
1086 943 1187 982 Mai.
1211 955 1288 982 nos
1306 942 1491 981 Venusia
1519 952 1642 981 mane

178 997 498 1049 proficiscentes
527 1001 605 1041 has
636 1000 810 1040 dedisse.
869 1000 934 1040 Eo
965 1002 1104 1040 autem
1134 1000 1203 1039 die
1232 999 1358 1040 credo
1379 998 1543 1050 aliquid
1573 1009 1642 1038 ac-

179 1058 271 1095 tum
299 1055 346 1094 in
376 1059 538 1100 senatu.
600 1057 842 1107 Sequantur
871 1057 1003 1110 igitur
1041 1069 1117 1097 nos
1146 1059 1243 1097 tuae
1274 1056 1446 1103 literae,
1488 1055 1642 1106 quibus

175 1124 263 1152 non
291 1112 415 1152 modo
444 1127 512 1154 res
541 1125 700 1161 omnes,
730 1113 803 1154 sed
832 1115 961 1154 etiam
989 1126 1181 1154 rumores
1211 1125 1527 1166 cognoscamus.
1556 1112 1643 1152 Eas

177 1169 436 1221 accipiemus
465 1171 697 1213 Brundisii.
755 1169 822 1210 lbi
859 1171 973 1211 enim
1002 1171 1274 1224 Pomptinum
1303 1170 1356 1211 ad
1386 1182 1481 1210 eam
1512 1169 1638 1217 diem,

127 1228 156 1267 2
179 1239 306 1278 quam
334 1228 382 1266 tu
411 1228 635 1280 scripsisti,
666 1228 913 1268 exsnectare
952 1229 1176 1269 consilium
1204 1230 1276 1268 est.
1333 1227 1421 1268 Nos
1450 1227 1638 1274 Tarenti,

176 1295 283 1335 quos
324 1295 422 1323 cum
459 1285 661 1336 Pompeio
701 1282 916 1331 διαλόγους
950 1284 1004 1325 de
1049 1297 1097 1326 re
1134 1284 1312 1336 publica
1350 1283 1638 1330 habuerimus,

175 1340 230 1380 ad
265 1341 309 1380 te
344 1341 676 1392 perscribemus,
717 1341 797 1380 etsi
834 1341 879 1380 id
915 1340 1056 1394 ipsum
1093 1342 1204 1382 seire
1242 1341 1394 1393 eupi0‚
1434 1340 1546 1391 quod
1585 1339 1639 1380 ad

174 1399 344 1450 tempus
379 1399 498 1438 recte
537 1398 590 1438 ad
627 1398 669 1437 te
705 1397 894 1439 scribere
921 1399 1102 1450 possim,
1141 1397 1186 1437 id
1216 1399 1300 1449 est,
1330 1397 1531 1448 quamdiu
1559 1396 1640 1438 Ro·

175 1467 270 1495 mae
299 1456 464 1494 futurus
493 1455 564 1504 sis,
595 1456 642 1495 ut
671 1457 745 1495 aut
775 1466 858 1506 quo
898 1454 993 1494 dem
1021 1454 1200 1507 posthac
1230 1454 1376 1494 literas
1405 1455 1538 1494 sciam
1565 1456 1640 1494 aut

174 1525 229 1552 ne
258 1511 354 1551 dem
383 1513 556 1552 frustra.
624 1511 707 1551 Sed
745 1514 974 1561 antequam
1001 1510 1293 1564 proficiscare,
1325 1511 1474 1562 utique
1505 1512 1639 1564 expli·
1774 1523 1783 1543 ¹³

175 1570 319 1610 catum
348 1570 404 1610 sit
432 1569 543 1610 illud
571 1568 660 1611 HS.
691 1580 763 1611 xx.
794 1568 837 1607 et
866 1579 995 1608 nccc.
1071 1567 1167 1608 Hoc
1206 1567 1335 1608 velim
1370 1568 1417 1608 in
1445 1568 1637 1609 maximis
1772 1586 1780 1622 ξ

171 1693 271 1736 sicat.
316 1692 416 1726 Dum
447 1696 530 1726 acta.
560 1694 595 1725 et
617 1701 782 1726 rumores
808 1690 908 1735 (scil.
934 1691 1034 1734 sunt)
1058 1691 1116 1724 vel
1140 1691 1251 1725 etiam
1280 1691 1316 1724 si
1338 1689 1507 1726 Stinneri
1532 1702 1633 1737 susp.
1768 1695 1773 1749 j

168 1739 302 1774 Malim
327 1738 522 1782 equidem:
548 1738 749 1780 significat.
798 1738 946 1771 Dudum
970 1741 1053 1771 acta
1077 1741 1111 1770 et
1134 1747 1300 1770 rumores
1325 1738 1423 1779 (scil.
1453 1750 1501 1772 ex
1526 1750 1632 1783 seqq.

168 1785 420 1830 supplendum
446 1785 731 1829 „exspecto:“)
763 1784 822 1816 vel
844 1784 975 1824 etiam,
1007 1783 1052 1817 si.
1080 1784 1109 1817 I.
1137 1783 1198 1818 Fr.
1227 1783 1393 1817 Gronov.
1422 1795 1523 1828 susp.
1549 1786 1636 1819 dum.

170 1836 256 1865 acta
280 1835 316 1865 et
340 1842 506 1865 rumores
530 1832 622 1864 velis
647 1830 729 1864 scil.
755 1829 803 1864 ad
837 1841 895 1864 me
918 1829 1169 1874 perscribere.
1207 1830 1369 1864 Orelli.
1411 1830 1538 1865 Ueber
1573 1832 1634 1866 die

170 1888 343 1912 rumores
366 1888 395 1912 s.
423 1889 481 1922 ep.
511 1876 743 1919 CLXXXV,
766 1878 790 1912 3
813 1876 882 1910 Sub
906 1876 969 1909 fin.
995 1887 1030 1909 u.
1059 1876 1317 1918 CLXXXVI,
1345 1878 1377 1910 l.
1405 1895 1449 1901 -—
1474 1877 1636 1922 Pompti-

168 1935 216 1957 no
258 1923 297 1958 S.
331 1934 378 1958 zu
409 1924 437 1966 §.
471 1925 492 1957 2
532 1934 588 1957 am
619 1923 739 1956 Ende.
777 1940 823 1947 --
878 1922 1080 1964 diligenter
1102 1933 1148 1955 =
1172 1922 1422 1966 aussuhrlich,
1459 1924 1535 1958 wie
1571 1935 1631 1969 ep.

171 1970 325 2013 CXCV,
351 1971 372 2003 2
396 1970 595 2012 diligenter
624 1969 745 2002 literis
777 1967 885 2002 datis.
935 1968 1000 2004 Sic
1023 1968 1071 2003 de
1094 1968 1261 2002 Ernestii
1286 1968 1385 2004 coni.
1412 1970 1498 2005 Sch.
1535 1971 1632 2005 Liin.

169 2017 369 2059 diligentes
394 2017 492 2050 Cett.
524 2027 605 2050 cum
629 2015 707 2050 Md.
737 2015 935 2049 ORELLI.

264 2065 297 2097 l.
347 2063 434 2107 quid
465 2063 629 2096 mandem
657 2061 738 2095 tibi.
771 2062 865 2105 qaod
889 2062 923 2095 h.
952 2061 976 2096 1.
1005 2066 1043 2096 et
1074 2059 1197 2095 statim
1228 2060 1275 2094 de
1301 2061 1397 2095 coni.
1423 2062 1516 2097 Ern.
1544 2062 1631 2098 Sch.

164 2109 263 2144 Liin.
290 2109 356 2143 cfr.
377 2109 486 2143 Hand
505 2109 550 2142 ad
567 2107 748 2152 Wopkens
762 2118 797 2151 p.
820 2109 899 2142 168.
916 2126 961 2132 —-
980 2111 1197 2152 praeiet-m„
1216 2118 1430 2151 vergessen.
1450 2129 1493 2133 --
1513 2120 1590 2144 me.
1604 2136 1632 2145 ..

168 2156 305 2198 sollio„
330 2166 371 2189 so
395 2155 469 2189 viel
495 2155 622 2198 Dinge
645 2155 768 2198 gehen
801 2154 872 2187 mir
897 2152 1016 2188 durch
1039 2154 1111 2187 den
1136 2153 1251 2198 Kopf.
1277 2172 1324 2180 —
1356 2155 1407 2188 id.
1434 2155 1551 2198 Mai„
1577 2166 1634 2190 am

168 2204 227 2238 15.
253 2201 344 2237 Mai.
374 2221 414 2227 —
444 2200 617 2244 Venusia,
639 2203 735 2243 Jetzt
758 2200 913 2236 Venosa
936 2200 1003 2234 mit
1027 2200 1200 2245 wenigen
1226 2200 1389 2243 Ruinen‚
1415 2201 1499 2234 eine
1524 2201 1633 2236 stadt
1765 2183 1768 2222 i

167 2259 226 2282 am
243 2247 401 2283 Aufidus
425 2248 464 2281 in
487 2248 627 2292 Apulia
649 2245 811 2290 Daunia,
835 2247 1028 2281 Horazens
1042 2247 1276 2281 Geburtsort.
1302 2265 1347 2273 -
1370 2249 1514 2291 profic„
1538 2247 1634 2283 kurz

167 2305 238 2328 vor
269 2295 413 2329 meiner
445 2294 606 2329 Abreise
636 2304 709 2326 von
741 2293 799 2327 da.
829 2310 876 2319 —
905 2303 988 2327 eo..
1023 2293 1082 2327 die
1106 2294 1198 2327 Nam
1223 2293 1302 2327 fere
1327 2301 1475 2328 senatus
1499 2295 1632 2337 Nonis,

168 2341 321 2384 Idibus,
347 2340 528 2375 Kalendis
560 2339 777 2374 habebatur.
825 2339 932 2374 Mem.
959 2357 1004 2365 —
1027 2343 1222 2383 sequantur
1242 2351 1290 2375 =
1312 2340 1464 2375 schicke
1487 2341 1559 2374 mir
1578 2341 1634 2375 ei-

170 2398 242 2422 nen
279 2387 390 2422 Brief
421 2388 516 2420 nach
540 2405 583 2411 —-
615 2397 792 2420 rumores.
816 2396 845 2420 s.
872 2397 930 2430 ep.
967 2385 1199 2430 CLXXXV,
1234 2388 1269 2421 3.
1304 2387 1564 2432 CLXXXVI,
1595 2389 1630 2423 l.

169 2432 442 2475 CLXXXVII,
466 2434 499 2467 4.
527 2451 571 2458 —-
593 2432 734 2476 Pompt.
760 2443 788 2466 s.
817 2442 874 2476 ep.
903 2431 1175 2475 CLXXXVII,
1200 2432 1235 2467 2.

259 2481 293 2514 2.
346 2480 508 2514 Tarenti.
537 2479 575 2514 S.
603 2489 649 2512 zu
673 2490 732 2523 ep.
760 2478 990 2522 CLXXXV,
1015 2489 1072 2512 am
1096 2479 1215 2513 Ende.
1263 2478 1402 2513 Besser
1425 2477 1524 2512 wird
1548 2477 1631 2512 hin-

171 2530 229 2560 ter
257 2527 408 2560 Tarenti
434 2526 506 2559 und
531 2525 762 2559 habuerimus
786 2524 851 2558 das
866 2525 1022 2558 Komma
1046 2525 1194 2569 getilgt.
1221 2542 1265 2551 —-
1289 2525 1385 2570 quod
1407 2525 1455 2558 ad
1478 2527 1629 2568 tempus,

170 2572 245 2606 wie
269 2574 379 2617 lange
404 2572 465 2607 ich
490 2573 585 2605 noch
609 2571 675 2605 mit
700 2571 913 2606 Sicherheit
937 2571 1010 2606 Dir
1033 2572 1127 2605 nach
1150 2572 1246 2606 Rom
1271 2571 1468 2606 schreiben
1492 2570 1629 2604 kenne.

171 2637 215 2643 -—
240 2628 308 2663 quo
332 2620 425 2662 dem,
452 2618 580 2652 wohin
616 2618 676 2652 ich
702 2617 939 2652 addressiren
974 2618 1107 2652 musse.
1137 2637 1180 2643 —
1210 2619 1448 2661 proficiscare
1474 2615 1511 2650 in
1535 2616 1631 2661 Epi-

170 2674 263 2698 rum.
294 2665 332 2699 S.
360 2677 418 2710 ep.
447 2664 678 2707 CLXXXV,
690 2666 724 2700 3.
749 2681 796 2691 ·--
818 2664 941 2708 utique
962 2664 1093 2708 explic.
1118 2663 1168 2697 sit
1191 2664 1287 2698 illud
1308 2665 1370 2706 (de
1394 2662 1485 2697 Ern.
1512 2663 1629 2707 susp.)

170 2711 314 2746 HSXX
335 2715 370 2745 et
391 2712 537 2753 DCCC,
564 2711 703 2753 „sollte
729 2709 935 2754 allerdings
960 2710 1023 2744 die
1047 2709 1189 2746 Schuld
1213 2710 1280 2744 der
1304 2710 1457 2752 820‚00⁰
1481 2706 1630 2743 Sester-

171 2756 249 2792 tien
276 2759 321 2801 (s.
346 2768 406 2803 ep.
434 2757 686 2802 CLXXXIV,
722 2757 757 2793 2.
784 2756 1067 2803 CLXXXVII,
1095 2758 1132 2795 3.
1159 2756 1400 2794 CLXXXIX
1428 2765 1486 2791 am
1508 2755 1628 2791 Ende.
