1795 3043
421 75 733 123 EPISTOLA
779 74 1101 122 cccfflxlv.
1393 82 1492 129 523

39 188 369 232 mansuetudinis
398 189 440 230 in
464 189 660 235 Metelle,
693 187 938 228 divitiarum
967 188 1011 228 in
1031 187 1204 228 aerario,
1262 187 1373 240 Iam,
1403 191 1494 239 qui-

37 247 116 288 bus
146 250 288 288 utatur
315 247 383 287 vel
414 246 540 287 sociis
570 246 636 285 vel
665 244 885 296 ministris,
926 245 960 284 si
988 245 1021 284 ii
1050 244 1307 296 provincias,
1340 246 1376 285 si
1404 258 1494 286 rem

36 305 250 357 publicam
286 306 453 357 regent,
500 314 677 354 quorum
713 313 833 340 nemo
872 301 953 341 duo
994 314 1158 342 menses
1197 303 1335 353 potuit
1363 303 1494 355 patri·

37 363 224 401 monium
243 373 360 401 suum
381 357 644 414 gubernare?
681 357 772 398 Non
805 359 899 397 sunt
930 359 1068 398 omnia
1099 360 1356 412 colligenda,
1386 371 1494 411 quae
1517 365 1545 405 ’7

40 421 86 458 tu
127 419 366 458 acutissime
403 416 629 469 perspicis:
676 414 749 454 sed
787 416 924 454 tamen
964 427 1013 455 ca
1052 428 1160 467 pone
1201 418 1298 455 aute
1328 417 1494 466 oculos3

38 475 124 515 iam
162 475 398 525 intelliges,
450 473 493 513 id
522 484 695 525 regnum
733 471 806 511 vix
836 473 1033 511 semestre
1064 485 1152 512 esse
1181 485 1315 524 posse.
1377 474 1498 521 Quod

40 532 77 572 si
117 544 182 571 me
211 531 435 578 fefellerit,
478 530 631 580 feram,
678 529 787 568 sicut
822 528 942 568 multi
979 529 1202 570 clarissimi
1232 530 1421 571 homines
1451 532 1497 571 in

39 601 88 629 re
113 588 285 639 publica
315 588 569 628 excellentes
599 587 808 625 tulerunt:
856 585 937 625 nisi
975 586 1084 626 forte
1123 599 1189 626 me
1220 587 1498 639 Sardanapali

40 646 178 685 vicem
218 646 261 685 in
300 657 393 685 meo
429 644 588 684 lectulo
627 643 734 682 mori
775 643 905 682 malle
946 643 1159 683 censueris
1199 656 1325 695 quam
1368 645 1497 685 exilio

42 703 375 744 Themistocleo:
427 700 500 751 qui
544 712 673 751 quum
712 700 880 746 fuisset,
923 701 970 739 ut:
1000 701 1058 740 ait
1087 701 1372 754 Thucydides,
1415 702 1499 740 τῶν

42 758 117 808 μὲν
154 757 366 807 παρόντων
405 757 456 795 δι’
494 757 703 806 ἐλαχίστης
739 756 887 808 βουλῆς
920 753 1134 805 κράτιστος
1177 757 1367 810 γνώμων,
1417 759 1499 798 τῶν

44 815 88 854 δὲ
115 813 342 863 μελλόντων
379 814 445 852 ἐπὶ
481 818 667 853 πλεῖστον
695 814 768 852 τοῦ
799 815 1067 862 γενησομένου
1099 814 1261 864 ἀριστος
1297 815 1499 867 εἰκαστής,

46 875 185 914 tamen
215 872 364 913 incidit
392 872 436 912 in
467 883 538 912 eos
562 884 705 919 casm,
727 874 840 923 ‘quos
861 872 1052 924 vitasset,
1083 873 1118 913 si
1140 886 1235 913 eum
1256 875 1364 914 nihil
1383 875 1503 915 fefel-

47 930 180 971 lisset.
238 930 330 970 Etsi
372 928 409 969 is
445 931 558 981 erat,
609 931 655 968 ut
693 929 752 968 ait
792 929 922 976 idem,
973 931 1046 980 qui
1083 928 1130 968 τό
1159 929 1324 978 ἄμεινον
1358 933 1428 969 καί
1455 929 1504 970 τᾶ
1537 952 1539 954 >

40 990 177 1035 χεῖρον
206 988 249 1025 ὲν
276 986 332 1037 τῷ
361 983 513 1037 ἀφανεῖ
542 987 602 1024 ἔτι
629 983 817 1035 προεώρα
843 984 1039 1037 μάλιστα,
1088 988 1228 1028 famen
1268 1001 1353 1028 non
1382 988 1505 1041 vidit,

43 1133 181 1169 lassen.
213 1151 258 1158 —
304 1131 367 1176 qui
394 1142 440 1166 =
471 1131 612 1177 quippe
636 1132 700 1176 qui
732 1133 791 1166 vel
817 1143 928 1175 quum
954 1131 984 1166 is
1012 1159 1020 1167 .
1039 1158 1046 1166 .
1066 1158 1074 1166 .
1102 1135 1139 1167 in
1165 1135 1313 1168 aerario
1347 1136 1504 1169 effracto

43 1187 81 1213 et
113 1178 285 1224 pecuniis
320 1178 407 1211 inde
433 1179 588 1220 ablatis,
627 1178 726 1222 quod
754 1190 847 1223 opus
873 1189 946 1211 non
970 1178 1121 1222 suisset,
1163 1181 1194 1214 si
1220 1181 1362 1215 divitiis
1388 1182 1506 1216 abun-

45 1226 187 1268 dasset‚
215 1224 317 1266 „und
343 1225 488 1258 sowohl
515 1225 630 1258 durch
642 1224 926 1267 Misshandlung
952 1225 1016 1258 des
1037 1225 1231 1260 Tribunen
1248 1228 1424 1261 Metellus
1449 1232 1508 1262 als

45 1272 162 1305 durch
188 1271 431 1312 Pliinderung
455 1271 522 1304 der
548 1270 961 1304 Staatsschatzkammer
986 1271 1055 1304 den
1082 1273 1347 1307 erheuchelten
1369 1274 1510 1308 Schein

45 1318 188 1352 zweier
219 1316 523 1360 hochgefeierten
555 1317 845 1360 Eigenschasten
889 1316 1104 1361 eingebiisst
1134 1319 1212 1362 hat,
1260 1320 1330 1353 den
1368 1320 1510 1355 Schein

47 1365 117 1398 der
136 1363 255 1398 Milde
281 1362 352 1396 und
381 1364 446 1396 des
472 1363 748 1397 Reichthums.⁷’
800 1364 886 1396 Man
917 1364 1002 1403 sah,
1042 1363 1125 1398 dass
1151 1365 1251 1399 diess
1275 1367 1382 1400 Alles
1409 1368 1512 1402 Ver-

47 1411 214 1453 stellung
240 1409 313 1442 und
339 1409 555 1452 Kunstgriff
574 1420 662 1442 war.
697 1408 734 1443 S.
761 1410 856 1442 oben
883 1421 940 1453 ep.
957 1410 1196 1455 CCCLXVI,
1222 1412 1256 1452 8,
1281 1414 1312 1447 9.
1338 1432 1383 1437 ——
1411 1417 1510 1457 patr.

49 1468 79 1492 s.
105 1457 322 1498 gubernare.
371 1456 462 1490 Nam
498 1462 535 1490 et
558 1454 742 1489 Antonius
773 1461 809 1488 et
842 1456 954 1489 Curio
989 1463 1025 1489 et
1051 1457 1252 1492 Dolabella
1283 1460 1512 1504 plurimique

50 1502 221 1538 Caesaris
247 1502 341 1535 socii
377 1512 508 1545 magno
534 1512 659 1534 omnes
685 1512 772 1536 aere
797 1501 919 1546 alien-o
945 1503 1115 1546 oppressi
1147 1505 1263 1539 suere.
1302 1506 1511 1540 MANUT.

144 1552 175 1583 7.
209 1548 293 1582 Non
318 1552 398 1581 sunt
424 1559 517 1581 omn.
545 1548 693 1590 collig.,
725 1559 836 1591 qnae,
875 1549 934 1581 ich
971 1549 1131 1583 brauche
1164 1551 1247 1584 hier
1277 1552 1381 1585 nicht
1404 1553 1513 1586 Alles

50 1595 318 1637 auszuffihren,
350 1593 440 1627 weil
467 1605 506 1627 es
533 1594 690 1627 Deinem
716 1595 873 1638 eigenen
890 1594 1126 1629 Schart'blick
1151 1597 1252 1632 nicht
1276 1599 1442 1642 entgeht.
1468 1617 1514 1623 —-

52 1643 151 1685 iam,
193 1641 322 1674 sosort.
354 1660 398 1665 —
446 1650 620 1682 regnum,
657 1640 886 1684 Konigthum
919 1641 984 1675 des
1011 1642 1154 1678 essars.
1181 1664 1226 1669 ——
1275 1646 1377 1680 Quod
1401 1646 1514 1678 sime

52 1689 137 1731 fef„
178 1687 288 1721 sollte
329 1686 424 1719 mich
460 1686 554 1719 mein
594 1687 805 1729 Vorgefnhl
843 1688 947 1720 darin
989 1690 1178 1723 taus-chen.
1216 1710 1261 1715 —-
1308 1691 1514 1735 Sardanap.

53 1735 168 1767 vicem
191 1746 235 1765 Ξ
260 1732 352 1766 nach
381 1732 507 1765 Vl'eise
533 1733 598 1766 des
621 1732 912 1777 Sardanapalus.
961 1733 998 1768 S.
1022 1736 1170 1769 Ramsh.
1198 1736 1226 1778 ἕ.
1246 1738 1324 1781 132,
1351 1739 1381 1772 5.
1417 1738 1515 1771 Gro-

55 1780 117 1814 tef.
144 1780 265 1822 §.224.
308 1779 433 1811 Ueber
459 1778 530 1811 den
556 1779 771 1822 Weichling
797 1779 1024 1823 Sa1·danap.‚
1051 1782 1118 1815 der
1144 1783 1223 1816 sich
1248 1785 1310 1818 bei
1336 1784 1404 1817 der
1428 1785 1517 1817 Em-

52 1829 199 1872 porung
225 1826 292 1858 der
309 1825 474 1858 Grossen
493 1825 558 1858 des
572 1825 710 1859 Reichs
737 1826 801 1859 auf
814 1827 933 1859 einem
949 1826 1257 1862 Scheiterhaufen
1275 1831 1515 1873 verbrannte,

55 1884 83 1907 s.
111 1872 241 1905 lustin.
269 1871 305 1912 1,
339 1872 372 1904 3.
420 1871 559 1904 Vellei.
588 1871 623 1912 Ι,
651 1873 684 1905 6.
734 1872 810 1906 Cic.
837 1873 990 1906 Tuscul.
1019 1874 1073 1917 V,
1099 1876 1156 1909 35.
1206 1876 1335 1910 Iuven.
1361 1877 1410 1919 X,
1435 1877 1515 1912 362.

0 1955 1 1959 ,
55 1918 166 1952 Ovid.
205 1917 238 1950 in
274 1916 368 1950 Ibin.
393 1917 472 1951 312.
522 1917 685 1950 Mat-[tal.
719 1918 797 1961 XI,
834 1919 898 1961 12,
931 1921 965 1954 6.
999 1940 1042 1945 —-
1090 1921 1126 1954 in
1160 1933 1236 1955 meo
1263 1924 1416 1966 lectulo,
1455 1922 1519 1956 auf

56 1965 212 1999 meinem
238 1963 445 1997 Faulbette.
480 1963 590 1996 Errat
612 1964 779 2005 Ernest„
806 1976 916 2008 quum
942 1966 1034 1999 dicit
1061 1967 1095 2000 in
1122 1967 1189 2001 hac
1208 1969 1373 2002 formula
1397 1968 1519 2002 omitti

0 2004 1 2043 ἒ
57 2023 77 2044 a
113 2011 190 2045 Cic.
225 2020 428 2054 pronomen
460 2020 623 2053 possess.
684 2010 798 2043 Immo
837 2011 976 2056 ubique
1006 2013 1045 2046 id
1082 2013 1272 2049 inseritur.
1322 2017 1388 2049 cfr.
1423 2015 1519 2048 infra
1575 2036 1578 2039 ,

0 2062 3 2097 ζ
58 2058 130 2102 Ep.
161 2057 235 2090 14.:
273 2056 384 2088 mullo
410 2065 445 2087 se
471 2058 507 2087 in
532 2067 595 2088 suo
623 2056 752 2089 lectulo
777 2058 898 2091 malle.
949 2059 1057 2093 Catil.
1086 2062 1125 2101 1,
1158 2061 1186 2103 §.
1214 2062 1246 2095 9.
1297 2061 1343 2095 de
1367 2061 1519 2096 Finibb.

57 2105 96 2145 2,
121 2105 188 2138 30:
227 2101 435 2146 philosophi
459 2106 575 2134 autem
615 2103 691 2135 suis
715 2103 753 2135 in
779 2103 920 2137 lectulis
941 2105 1151 2149 plerumque
1175 2109 1393 2141 moriuntur.
1443 2109 1522 2141 lam

0 2171 3 2186 ἦ
58 2150 196 2184 acriter
221 2160 278 2182 me
304 2148 502 2180 nonnullos
528 2149 821 2192 reprehensuros
847 2161 928 2184 esse
954 2152 1176 2195 praevideo,
1216 2154 1314 2198 quod
1348 2153 1524 2188 Lambini

0 2192 3 2210 ‘¹
60 2196 237 2230 iudicium
264 2200 411 2228 secutus
438 2205 518 2227 cum
536 2195 702 2228 Corrado
726 2195 901 2230 audacter
925 2208 989 2230 suo
1016 2198 1051 2231 in
1076 2210 1152 2231 meo
1178 2201 1407 2234 mutaverim.
1445 2199 1523 2235 Sed

61 2253 125 2275 suo
160 2241 246 2275 inde
277 2240 407 2282 fluxit,
447 2241 545 2283 quod
581 2241 654 2274 Md.
683 2242 805 2274 Oxou.
831 2243 863 2277 2.
891 2245 956 2285 (l.)
984 2250 1052 2278 cet.
1085 2245 1245 2290 pessime
1272 2248 1407 2280 habent
1441 2257 1523 2280 cen-

63 2291 210 2321 suerunt
234 2298 263 2320 s.
289 2287 500 2320 censuerint.
525 2287 596 2321 ΘΗ.
623 2306 667 2311 -
702 2298 808 2331 quam
826 2289 938 2322 exilio
957 2290 1099 2334 Them„
1125 2293 1179 2325 als
1197 2292 1243 2326 im
1263 2293 1421 2335 Elende‚
1448 2293 1526 2326 wie

62 2333 351 2369 Themistokles.
381 2351 424 2356 —
460 2335 541 2368 τῶν
567 2338 642 2378 μὲν
670 2333 924 2380 παρόντων.
959 2336 1017 2379 lta
1042 2349 1074 2371 v.
1100 2338 1348 2384 Thucydidea
1374 2339 1419 2381 (Ι,
1439 2339 1522 2380 138)

63 2391 84 2414 e
109 2380 185 2414 suis
211 2379 302 2413 Cdd.
328 2378 430 2412 dedit
454 2379 542 2413 Bos.
570 2379 683 2422 Seqq.
727 2380 919 2415 Nescimus
945 2389 1065 2416 utrum
1081 2385 1215 2418 Cicero
1242 2396 1285 2418 ea
1308 2385 1525 2419 memoriter

64 2427 253 2459 dumtaxat
278 2424 429 2458 laudans
457 2424 537 2469 ipse
562 2426 740 2460 nonnulla
764 2426 984 2472 immutarit,
1012 2440 1055 2463 an
1082 2431 1228 2464 librarii
1255 2443 1298 2464 ea
1322 2443 1342 2464 a
1367 2431 1524 2465 veritate

65 2471 305 2506 deflexerint.
335 2470 529 2505 ORELLI.
576 2472 757 2514 „mittelst
783 2473 850 2506 der
873 2474 1073 2510 kiirzesten
1101 2477 1172 2510 und
1199 2475 1426 2511 sclinellsten
1451 2478 1526 2511 Be-

64 2519 224 2560 rathung
251 2517 359 2550 oder
385 2518 475 2550 nach
495 2518 716 2552 schnellster
735 2519 952 2564 Besinnung
968 2522 1035 2556 der
1052 2523 1157 2556 beste
1172 2524 1413 2557 Beurtheiler
1427 2524 1526 2558 Des-

66 2576 153 2607 sen,
200 2574 276 2597 was
309 2563 356 2596 im
391 2564 695 2607 gegenwartigen
722 2567 984 2609 Augenblicke
1017 2579 1063 2602 zu
1089 2570 1180 2602 thun
1206 2570 1281 2613 sei,
1319 2571 1408 2603 aber
1433 2570 1528 2604 auch

67 2610 243 2644 meistens
275 2609 342 2642 der
372 2610 658 2653 zuverlassigste
684 2611 865 2646 Errather
889 2613 1055 2657 Dessen,
1082 2626 1160 2649 was
1185 2627 1256 2650 von
1283 2617 1527 2660 zukiinftigen

66 2657 219 2699 Diogen
254 2654 431 2688 wirklich
464 2655 657 2689 eintreffen
689 2659 828 2692 werde.
869 2678 912 2684 —
961 2663 1024 2704 qui
1054 2660 1100 2695 τὸ
1133 2663 1200 2705 ἄμ.
1228 2688 1235 2696 .
1258 2688 1291 2696 ..
1316 2663 1527 2706 μάλιστα,

68 2703 136 2736 der
161 2702 226 2735 das
250 2701 411 2735 Bessere
437 2701 509 2734 und
536 2701 779 2738 Schlimmere
805 2705 894 2747 (wie
920 2706 1165 2752 Thucydides
1189 2711 1305 2752 sago,
1331 2719 1407 2742 was
1432 2709 1528 2743 noch

70 2749 119 2783 im
147 2747 298 2782 Dunkel
323 2747 405 2791 lag,
438 2757 492 2780 am
518 2748 656 2783 Besten
682 2752 894 2785 voraussah.
924 2771 967 2777 —
1015 2764 1085 2786 non
1111 2779 1121 2788 .
1141 2778 1150 2788 .
1169 2780 1179 2789 .
1205 2766 1279 2789 nec.
1313 2753 1351 2790 S.
1377 2755 1526 2789 Ramsh.
