1795 3043
252 83 354 131 524
515 78 582 124 Μ.
618 77 672 124 Τ.
710 76 1049 124 CICERONIS
1082 77 1451 125 EPISTOLAE.

252 204 333 233 nec
372 203 457 243 quo
493 189 617 231 modo
661 190 1090 231 Lacedaemoniorum
1139 203 1218 232 neo
1259 204 1343 243 quo
1381 189 1506 232 modo
1544 202 1714 232 suorum

253 251 411 292 civium
440 248 645 289 invidiam
674 246 879 300 effugeret
921 260 1000 288 nec
1040 247 1139 300 quid
1170 247 1397 289 Artaxerxi
1426 247 1715 301 polliceretur.

254 308 348 350 Non
389 306 537 346 fuisset
575 306 653 345 illa
691 317 775 345 nox
811 307 896 345 tam
937 305 1095 346 acerba
1129 306 1356 355 Africano,
1406 305 1715 358 sapientissimo

254 366 369 416 vim,
415 376 499 403 non
530 365 617 403 tam
646 362 764 402 dirus
792 363 869 403 ille
898 363 986 403 dies
1017 363 1217 403 Sullanus
1249 363 1518 403 callidissimo
1548 362 1640 402 viro
1671 362 1716 401 C.

254 423 414 474 Mario,
444 421 480 460 si
510 420 620 460 nihil
651 422 877 471 utrumque
907 433 1051 460 eorum
1080 421 1313 461 fefellisset.
1373 420 1459 461 Nos
1476 421 1617 459 tamen
1635 418 1718 459 hoc

255 479 551 520 confirmamus
581 478 657 518 illo
686 478 887 530 augurio,
921 490 1004 529 quo
1036 477 1241 527 diximus,
1286 490 1365 518 nec
1392 490 1469 517 nos
1497 477 1610 517 fallit
1637 487 1719 516 nec

202 545 231 586 8
253 538 380 577 aliter
409 535 590 577 accidet.
649 535 828 575 Corruat
857 536 937 575 iste
965 548 1137 576 necesse
1162 537 1224 575 est
1254 538 1327 576 aut
1355 548 1431 587 per
1453 533 1718 574 adversarios

254 596 328 635 aut
358 593 450 646 ipse
479 606 556 646 per
575 605 643 639 se,
676 592 752 642 qui
781 592 949 643 quidem
979 592 1061 632 sibi
1083 595 1145 633 est
1174 593 1438 633 adversarius
1464 603 1573 631 unus
1603 602 1719 631 acer-

251 652 400 693 rimus.
458 651 508 691 Id
545 662 666 702 spero
705 650 813 690 vivis
851 649 971 689 nobis
1009 650 1114 689 fore.
1173 650 1431 702 Quamquam
1458 650 1624 700 tempus
1654 647 1719 687 est

251 721 330 751 nos
358 708 410 748 de
439 707 517 748 illa
545 708 751 760 perpetua
778 707 882 754 iam,
915 719 999 747 non
1028 706 1078 746 de
1108 707 1188 748 hac
1220 708 1370 761 exigua
1397 706 1486 747 vita
1515 706 1717 758 cogitare.

254 767 330 808 Sin
361 765 463 818 quid
492 765 697 806 acciderit
726 764 956 812 maturius,
987 763 1101 804 haud
1132 777 1230 805 sane
1258 778 1352 806 mea
1380 765 1558 804 multum
1587 763 1719 802 inter-

250 824 401 872 fuerit,
444 824 588 863 utrum
616 822 775 862 factum
804 821 989 873 videam,
1032 835 1085 862 an
1116 822 1304 862 futurum
1333 834 1424 862 esse
1453 821 1588 860 multo
1620 820 1720 860 ante

251 880 445 923 viderim.
505 880 622 928 Quae
653 892 781 931 quum
810 880 871 920 ita
899 880 1005 931 sint,
1046 891 1131 919 non
1161 881 1222 919 est
1251 877 1618 924 committendum,
1671 876 1720 916 ut

250 939 306 981 iis
336 950 582 991 pareamus,
613 948 718 988 quos
747 938 895 977 contra
923 949 988 977 me
1019 938 1208 986 senatus,
1236 949 1290 976 ne
1320 936 1423 988 quid
1450 947 1518 975 res
1544 932 1721 987 publica

202 995 498 1041 9detrimenti
538 995 773 1046 acciperet,
819 995 1012 1035 armavit.
1072 993 1169 1034 Tibi
1205 996 1303 1034 sunt
1343 993 1483 1033 omnia
1511 987 1721 1032 commen-

254 1054 352 1094 data
362 1067 375 1103 3
407 1066 516 1104 quae
546 1051 923 1092 commendationis
943 1063 1060 1092 meae
1089 1064 1166 1103 pro
1192 1052 1263 1092 tuo
1293 1051 1338 1091 in
1358 1062 1435 1091 nos
1464 1061 1605 1089 amore
1634 1059 1720 1088 non

253 1111 458 1163 indigent.
516 1108 580 1150 Ne
616 1109 793 1149 hercule
835 1121 910 1160 ego
939 1108 1107 1160 quidem
1136 1109 1327 1160 reperio,
1384 1106 1487 1158 quid
1526 1105 1720 1146 scribam.

256 1168 390 1210 Sedeo
432 1167 542 1207 enim
580 1166 831 1206 πλουδοκοῖν.
889 1166 981 1205 Etsi
1021 1165 1131 1205 nihil
1165 1177 1350 1216 unquam
1390 1167 1476 1203 tam
1506 1163 1588 1203 fuit
1617 1162 1722 1203 scri-

251 1225 459 1277 bendum,
503 1236 629 1274 quam
656 1224 767 1262 nihil
807 1221 912 1261 mihi
940 1235 1124 1273 unquam
1153 1234 1205 1262 ex
1234 1221 1429 1275 plurimis
1457 1220 1543 1260 tuis
1572 1220 1720 1261 iucun-

251 1281 458 1324 ditatibus
496 1279 655 1333 grat-ius
684 1278 913 1330 accidisse,
953 1292 1080 1330 quam
1111 1279 1223 1330 quod
1252 1291 1386 1319 meam
1415 1278 1600 1318 Tulliam
1629 1290 1722 1317 sua-

252 1340 425 1382 vissime
464 1337 872 1390 diligentissimeque
907 1337 1091 1376 coluisti.
1148 1335 1280 1376 Valde
1310 1348 1360 1376 eo
1389 1335 1481 1388 ipsa
1510 1334 1723 1375 delectata

253 1399 339 1439 est:
391 1409 466 1450 ego
504 1397 644 1435 autem
681 1407 766 1435 non
807 1394 968 1442 minus3
1011 1393 1132 1434 cuius
1161 1393 1331 1445 quidem
1359 1393 1494 1433 virtus
1523 1390 1719 1432 mirifica.

255 1456 347 1504 Quo
370 1453 494 1495 modo
523 1453 602 1493 illa
631 1453 714 1492 fert
743 1451 958 1505 publicam
989 1451 1171 1492 cladem!
1215 1463 1297 1502 quo
1319 1449 1440 1490 modo
1471 1449 1722 1490 domesticas

254 1604 375 1648 §.173,
391 1603 427 1645 3,
446 1600 536 1634 Not.
550 1618 593 1623 -
619 1598 849 1642 quidm-tax.
864 1599 1008 1642 pellic„
1029 1598 1110 1632 dem
1121 1597 1271 1641 Konige
1285 1596 1513 1640 dei-Perses,
1539 1596 1575 1630 in
1588 1596 1724 1631 dassen

253 1649 396 1685 Schutz
411 1647 486 1681 und
503 1646 663 1681 Dienste
689 1656 730 1678 er
756 1645 835 1678 sich
862 1645 995 1689 begab,
1021 1645 1074 1678 als
1100 1645 1163 1678 ihn
1189 1644 1252 1677 die
1273 1642 1540 1677 undankbaren
1556 1644 1725 1677 Athener

253 1697 499 1730 verbannten.
546 1693 601 1726 Er
638 1692 750 1725 sollte
781 1691 857 1724 ihm
889 1691 1142 1735 versprochcn
1176 1690 1322 1733 haben,
1367 1689 1643 1724 Griechenland
1675 1700 1723 1724 zu

254 1741 515 1777 unteriochen.
572 1738 643 1772 Als
679 1749 720 1771 er
755 1738 846 1771 aber
877 1738 938 1771 die
969 1736 1278 1781 Unmoglichkeit
1316 1736 1436 1769 davon
1477 1736 1722 1780 eingesehen,

253 1789 350 1823 habe
384 1799 425 1822 er
458 1785 539 1821 sich
562 1784 753 1828 vergistet.
803 1784 842 1818 S.
869 1784 1020 1818 Cornel.
1048 1784 1108 1826 ll,
1135 1785 1201 1825 10,
1229 1783 1262 1816 5.
1309 1782 1489 1816 Plutarch
1514 1782 1552 1816 in
1577 1783 1722 1817 Cimon.

255 1847 287 1870 c.
315 1837 368 1870 18.
418 1832 599 1867 Themist.
627 1843 659 1865 c.
677 1832 733 1866 31.
786 1829 985 1864 Scholiast.
1019 1840 1065 1863 zu
1101 1829 1297 1874 Aristoph.
1321 1828 1448 1871 Equit.
1475 1839 1510 1862 v,
1537 1830 1593 1864 83.
1642 1829 1721 1863 Cic.

254 1883 360 1916 Brut.
389 1883 455 1924 10,
481 1880 538 1913 41.
586 1879 651 1921 11,
683 1879 739 1912 43.
789 1877 837 1910 de
862 1876 980 1911 Amic.
1009 1887 1040 1910 c.
1057 1876 1112 1910 12.
1151 1894 1196 1901 --
1243 1876 1425 1918 Africano
1458 1875 1614 1919 minori,
1657 1875 1721 1918 qui

255 1940 361 1964 mane
386 1928 423 1961 in
449 1924 623 1959 cubiculo
642 1935 710 1958 suo
736 1929 901 1957 mortuus
927 1929 1099 1967 repertus
1126 1928 1276 1967 putatur
1300 1932 1452 1956 suorum
1466 1923 1610 1956 scelere
1635 1922 1722 1956 sub-

255 1976 363 2010 latus.
401 1971 608 2008 MANUT.
658 1970 696 2005 S.
728 1970 812 2003 Liv.
850 1970 1087 2013 XXXVIII,
1122 1981 1149 2004 c.
1174 1969 1217 2003 54
1252 1975 1290 2002 et
1319 1970 1376 2003 5⁴6.
1411 1986 1456 1992 -
1505 1968 1544 2002 C.
1577 1968 1723 2010 Mario,

256 2022 321 2065 qui
354 2032 435 2054 cum
467 2019 511 2053 L.
539 2017 646 2053 Sulla
677 2027 861 2059 nunquam
894 2017 1064 2061 profecto
1100 2014 1373 2049 contentionem
1400 2015 1650 2059 suscepisset,
1689 2016 1722 2048 si

255 2069 352 2102 diem
368 2067 492 2109 illum,
519 2075 593 2108 quo
610 2064 703 2097 urbe
729 2063 857 2108 pulsus
874 2070 948 2105 est,
974 2062 1106 2096 mentis
1131 2061 1212 2095 acic
1238 2060 1478 2106 providisset.
1511 2060 1720 2096 MANUT.

256 2114 296 2151 S.
322 2113 517 2149 Plutarch.
545 2110 710 2155 Appiani.
738 2109 769 2153 1,
791 2110 836 2144 55
861 2110 899 2143 fl.
945 2109 1083 2145 Vellei.
1110 2109 1158 2151 II,
1186 2110 1237 2142 17.
1274 2107 1357 2142 Liv.
1381 2107 1481 2151 Epit.
1510 2110 1552 2141 77
1579 2118 1612 2141 u.
1631 2118 1720 2141 s.W.

255 2180 301 2187 --
332 2171 400 2205 quo
427 2159 596 2193 diximus.
647 2156 687 2192 S.
714 2156 863 2190 Ramsh.
892 2156 920 2199 §.
939 2157 1027 2199 159,
1052 2156 1092 2198 2,
1117 2156 1141 2189 f.
1193 2154 1337 2188 Grotef.
1365 2153 1475 2195 §.372
1501 2154 1592 2187 iiber
1617 2153 1722 2187 diese

257 2204 669 2243 Griech..Attraction.
730 2202 794 2237 Sic
824 2203 902 2237 Md.
936 2204 1023 2238 Asc.
1049 2213 1104 2247 pr.
1145 2200 1245 2237 Vict.
1270 2200 1304 2234 2.
1340 2199 1430 2233 Bos.
1464 2199 1578 2243 Seqq.
1629 2200 1724 2244 quod

257 2256 344 2290 Asc.
370 2264 443 2287 sec.
478 2251 577 2285 Crat.
611 2250 741 2284 Lamb.
776 2249 850 2283 ΟΒ.

349 2301 382 2335 S.
417 2309 490 2331 non
522 2301 573 2330 est
604 2308 754 2338 comm.‚
789 2300 828 2328 ut
861 2300 955 2339 cet.‚
998 2306 1040 2328 So
1077 2294 1161 2327 (lars
1191 2293 1250 2327 ich
1283 2292 1345 2326 die
1370 2291 1511 2326 Schuld
1538 2291 1640 2325 nicht
1663 2292 1728 2327 auf

257 2347 357 2382 mich
383 2345 512 2387 ladem,
544 2344 641 2377 Dem
666 2343 762 2376 mich
789 2353 833 2376 zu
858 2342 1132 2382 unterwert'en,
1162 2350 1282 2384 gegen
1308 2339 1491 2372 welchcn.
1518 2358 1562 2363 -
1601 2349 1726 2372 arma-

257 2395 312 2427 vit
344 2390 687 2432 senatusconsulto,
731 2400 774 2421 ne
805 2389 892 2433 quid
926 2396 994 2422 cet.
1059 2387 1205 2430 „durch
1237 2386 1306 2419 den
1341 2385 1500 2428 Auftrag
1533 2384 1644 2418 dahin
1677 2395 1725 2418 zu

258 2441 395 2482 sehen,
436 2439 520 2472 dass
554 2436 615 2470 die
640 2435 834 2479 Republik
867 2435 969 2468 nicht
993 2433 1163 2469 Schaden
1199 2432 1336 2467 leide.”
1384 2430 1424 2466 S.
1451 2443 1509 2476 ep.
1528 2431 1662 2474 CCCI,
1688 2433 1722 2466 3.

258 2487 399 2522 Dieser
425 2485 586 2527 Austrag
610 2493 689 2516 war
714 2492 757 2514 an
784 2481 845 2515 die
871 2481 1034 2516 Consuln
1061 2479 1133 2512 und
1160 2490 1206 2512 an
1230 2479 1336 2520 Alle,
1370 2476 1435 2520 qui
1460 2488 1540 2510 cum
1566 2477 1725 2522 imperio

260 2539 388 2575 erant,
422 2531 497 2566 und
520 2529 681 2573 solglich
706 2528 798 2562 auch
825 2539 870 2561 an
896 2528 959 2561 ihn
985 2526 1178 2571 gerichtet.
1227 2525 1335 2559 Eben
1364 2524 1540 2558 desshalb
1571 2523 1725 2558 entliess

261 2591 302 2614 er
328 2579 422 2613 auch
446 2577 550 2612 scine
576 2576 730 2610 lictores
754 2574 868 2609 nicht.

354 2626 387 2659 9.
425 2623 712 2666 πλουδοκῶιι,
745 2622 810 2655 auf
831 2619 1029 2665 gunstigen
1054 2618 1189 2660 Wind,
1215 2618 1388 2663 giinstige
1412 2616 1526 2651 Fahrt
1549 2615 1723 2650 harrend.

264 2691 306 2699 ·-
338 2671 423 2706 Etsi
448 2696 484 2706 ..
506 2696 515 2704 .
540 2669 673 2712 scrib„
716 2667 917 2711 gleichwol
949 2667 1031 2699 hab’
1064 2665 1125 2699 ich
1150 2665 1223 2699 Dir
1255 2664 1316 2698 nie
1341 2664 1469 2698 Etwas
1500 2673 1541 2697 so
1575 2662 1725 2706 angele-

262 2718 471 2762 gentliches
496 2727 543 2751 zu
568 2714 766 2750 schreiben
792 2713 941 2758 gehabt.
966 2731 1012 2737 —
1047 2712 1213 2753 iucund„
1245 2709 1621 2752 Freundlichkesten,
1649 2708 1726 2743 Ge-

262 2763 518 2809 ffiuigkeiten‚
543 2761 839 2798 Hossichkeiten.
864 2779 907 2785 -
947 2759 1050 2794 cutus
1074 2758 1154 2794 scil.
1183 2757 1333 2793 Tulliae
1357 2756 1487 2791 viv-ms.
1514 2774 1557 2782 -
1595 2754 1725 2797 nime,
