1795 3043
270 92 371 143 512
539 88 604 136 Μ.
639 87 694 135 Τ.
730 85 1063 136 CICERONIS
1096 87 1466 139 EPISTOLAE.

440 224 755 271 EPISTOLA
790 224 1069 272 CCCLXXI.
1115 225 1197 284 (ad
1231 227 1336 272 Div.
1374 225 1452 274 IV.
1488 229 1560 288 2.)

381 312 463 348 scr.
491 313 530 347 in
553 314 717 348 Cumano
743 319 902 348 exeunte
925 312 1049 359 Aprili
1075 314 1122 347 Α.
1148 312 1193 348 U.
1218 313 1260 348 G.
1284 314 1363 349 705.
1396 317 1444 359 (a.
1470 315 1511 350 C.
1537 314 1613 359 49.)

272 382 474 420 Quaerenti
500 381 690 426 Sulpicio,
722 382 812 426 quid
836 382 1043 418 faciendum
1067 380 1132 425 sit,
1170 381 1373 427 respondet
1393 394 1474 418 cum
1498 383 1608 418 laude
1632 383 1728 428 eius,

271 430 305 466 si
330 435 432 464 recta
454 429 666 472 sequenda,
686 435 830 473 fvcertam
856 429 1036 463 rationem
1061 438 1161 470 esse3
1197 439 1270 462 non
1296 429 1406 471 item,
1432 430 1466 464 si
1490 429 1615 474 utilia,
1640 431 1729 474 quia

269 475 440 511 Caesaris
474 485 584 510 causa
619 475 783 519 firmior,
831 475 1023 509 honestior
1048 474 1233 519 Pompeii.
1280 473 1450 518 Longius
1484 487 1576 520 ergo
1608 476 1728 511 disce·
1783 482 1784 496 ¹

270 522 429 557 dendum
455 522 500 555 ab
517 521 628 564 urbe,
654 521 690 555 in
717 532 789 565 qua
813 532 908 565 quae
932 521 1022 555 fiant
1046 526 1155 564 turpe
1173 519 1221 554 sit
1245 521 1430 564 probare:
1463 532 1536 555 non
1552 522 1727 567 probare,
1782 536 1783 566 ᾗ

269 568 534 615 periculosum.
590 567 684 610 Sed,
728 578 802 611 quo
836 567 1015 609 eundum,
1054 566 1247 601 difficilem
1285 577 1366 601 esse
1405 567 1726 604 deliberationem»

428 615 509 652 Qua
538 613 585 648 de
616 625 659 648 re
687 612 719 648 si
752 613 922 656 colloqui
946 614 1058 654 velit,
1098 623 1207 656 quam
1232 612 1410 658 primum,
1449 619 1575 659 rogat,
1782 623 1783 626 ’

829 658 1013 694 adveniat.
1049 660 1164 694 1—4.

575 740 630 775 M.
656 740 847 777 CICERO,
875 739 915 774 S.
941 738 992 773 D.
1026 737 1135 773 SER.
1170 738 1420 775 SULPICIO.

380 811 431 852 A.
460 811 501 853 d.
532 823 603 853 111.
628 811 722 850 Kal.
751 809 886 850 Maias
923 819 1052 861 quum
1092 820 1224 850 essem
1252 808 1297 850 in
1329 810 1536 859 Cumano,
1579 810 1729 863 accepi
1780 843 1781 858 2

267 871 362 911 tuas
390 870 561 910 literas:
601 866 756 919 quibus
783 865 909 907 lectis
939 864 1118 918 cognovi
1154 877 1239 906 non
1280 868 1382 908 satis
1409 867 1641 920 prudenter
1667 869 1729 908 fe·
1779 869 1781 901 J

267 928 376 969 cisse
405 926 705 974 Philotimum
743 924 843 976 qui,
880 934 1010 975 quum
1040 921 1115 962 abs
1144 923 1187 962 te
1215 922 1412 964 mandata
1441 924 1640 977 haberet,
1681 925 1728 964 ut

266 985 443 1032 scribis,
481 982 533 1023 de
563 981 755 1023 omnibus
785 980 936 1027 rebus,
977 979 1069 1030 ipse
1097 978 1151 1019 ad
1181 991 1248 1019 me
1277 992 1360 1021 non
1391 980 1595 1032 venisset,
1632 981 1729 1021 lite-

266 1054 336 1083 ras
366 1043 458 1082 tuas
487 1040 689 1087 misisset:
727 1050 830 1089 quas
858 1035 1048 1077 intellexi
1077 1035 1292 1077 breviores
1314 1037 1466 1086 fuisse,
1498 1037 1609 1089 quod
1632 1050 1727 1079 eum
1777 1038 1779 1062 ³

265 1099 529 1151 perlaturum
576 1098 781 1149 putasses.
849 1093 933 1134 Sed
972 1095 1134 1145 tamen,
1183 1095 1404 1146 postquam
1449 1096 1544 1134 tuas
1582 1095 1727 1135 literas
1776 1085 1779 1142 J

265 1155 375 1208 legi,
429 1153 650 1195 Postumia
686 1153 758 1192 tua
796 1162 864 1191 me
904 1151 1102 1192 convenit
1140 1151 1182 1189 et
1221 1151 1393 1191 Servius
1432 1152 1588 1191 noster.
1647 1151 1729 1193 His
1776 1148 1778 1164 ⁸

267 1211 455 1264 placuit,
500 1211 548 1249 ut
588 1211 634 1248 tu
674 1209 721 1248 in
751 1207 980 1247 Cumanum
1016 1207 1204 1247 venires:
1252 1208 1363 1258 quod
1394 1208 1518 1248 etiam
1546 1219 1726 1256 mecum,

213 1276 246 1315 2
267 1271 316 1309 ut
344 1267 396 1309 ad
413 1269 457 1306 te
486 1265 738 1310 scriberem,
779 1264 966 1315 egerunt.
1027 1261 1156 1309 Quod'
1175 1275 1313 1303 meum
1335 1264 1559 1304 consilium
1580 1265 1726 1318 exqui-

266 1326 347 1378 ris,
376 1323 421 1364 id
451 1328 514 1363 est
542 1323 651 1369 tale,
684 1322 731 1360 ut
760 1331 912 1372 capere
940 1319 1111 1359 facilius
1139 1318 1231 1371 ipse
1248 1320 1428 1371 possim,
1460 1333 1583 1371 quam
1598 1320 1725 1362 alteri

264 1383 380 1424 dare.
439 1380 548 1427 Quid
587 1378 698 1418 enim
727 1378 812 1425 est,
862 1375 974 1428 quod
1003 1375 1179 1416 audeam
1208 1376 1385 1418 suadere
1414 1377 1517 1429 tibi,
1563 1378 1725 1419 homini

261 1451 426 1482 summa
453 1436 704 1478 auctoritate
734 1445 976 1485 summaque
1003 1432 1260 1484 prudentia?
1307 1433 1375 1484 Si,
1405 1433 1505 1485 quid
1535 1434 1748 1476 rectissi·'

263 1510 379 1540 mum
422 1496 501 1548 sit,
543 1492 804 1546 quaerimus,
852 1490 1125 1543 perspicuum
1163 1492 1250 1531 est:
1301 1491 1360 1542 si,
1402 1490 1505 1542 quid
1535 1492 1722 1533 maxime

262 1553 485 1607 expediat,
521 1550 771 1591 obscurum:
814 1548 878 1588 sin
908 1547 941 1587 ii
971 1560 1134 1595 sumus,
1165 1547 1240 1598 qui
1268 1548 1460 1600 profecto
1490 1560 1580 1590 esse
1598 1548 1724 1590 debe-

262 1624 381 1658 mus,
410 1611 460 1651 ut
488 1606 601 1648 nihil
630 1606 883 1647 arbitremur
913 1604 1135 1655 expedire,
1167 1604 1249 1644 nisi
1277 1604 1388 1656 quod
1415 1607 1578 1646 rectum
1595 1605 1723 1646 hone-

262 1670 458 1719 stumque
503 1667 575 1716 sit,
631 1660 728 1703 non'
757 1662 896 1714 potest
943 1671 1035 1699 esse
1074 1659 1273 1712 dubium,
1333 1661 1434 1712 quid
1481 1663 1722 1704 faciendum

212 1734 243 1774 3
265 1725 388 1766 nobis
418 1724 483 1764 sit.
541 1720 659 1770 Quod
698 1719 912 1759 existimas
946 1729 1082 1757 meam
1118 1717 1597 1760 causam-coniunctam
1632 1732 1723 1760 esse

262 1795 362 1823 cum
391 1784 486 1822 tuat
534 1780 648 1820 certe
687 1775 837 1816 similis
875 1775 919 1814 in
948 1775 1130 1825 utroque
1157 1775 1364 1821 nostrum,
1410 1787 1536 1826 quum
1565 1777 1722 1828 optime

261 1838 539 1888 sentiremus,
596 1846 714 1874 error
742 1833 835 1873 fuit.
894 1830 1001 1872 Nam
1028 1830 1168 1871 omnia
1197 1831 1415 1882 utriusque
1449 1829 1627 1873 consilia
1667 1832 1722 1874 ad
1766 1831 1768 1842 ²

263 1894 535 1937 concordiam
564 1890 881 1944 spectaverunt:
917 1900 1000 1939 qua
1030 1899 1159 1938 quum
1180 1887 1263 1940 ipsi
1285 1887 1454 1928 Caesari
1482 1888 1591 1929 nihil
1612 1891 1722 1931 esset

262 1953 433 2000 utilius,
474 1950 653 2004 gratiam
690 1958 857 2000 quoque
893 1957 970 1985 nos
998 1944 1108 1984 inire
1149 1943 1200 1984 ab
1231 1957 1280 1984 eo
1318 1944 1578 1987 defendenda
1613 1958 1720 1999 pace
1764 1955 1766 1994 ς

352 2073 457 2107 SER.
484 2067 733 2106 SULPICIO.
781 2067 818 2101 S.
856 2077 902 2100 zu
928 2060 994 2111 cp(
1011 2066 1215 2103 CCCLXV
1246 2067 1404 2102 inrAns.
1451 2068 1538 2103 Man
1563 2068 1719 2103 beachte
1764 2045 1765 2050 ¹

259 2120 324 2155 die
348 2117 543 2159 Feinheit,
575 2114 704 2149 womit
729 2112 863 2148 Cicero
889 2112 951 2146 ihn
979 2112 1189 2147 behaudelt.

352 2168 390 2199 l.-
419 2165 495 2198 111.
522 2162 612 2196 Kal.
646 2160 762 2202 Mai„
807 2171 863 2193 am
894 2160 949 2193 29.
971 2158 1094 2202 April.
1130 2177 1173 2184 -
1219 2158 1477 2200 Philotimum
1511 2161 1575 2204 qui
1602 2171 1648 2193 =
1679 2165 1719 2194 ut
1761 2187 1763 2212 f
1789 2173 1795 2195 ι

260 2213 316 2256 is,
346 2211 489 2256 quippe
515 2208 589 2252 qui,
623 2226 666 2232 -
714 2207 756 2240 de
781 2206 945 2239 omnibus
969 2205 1094 2245 rebus,
1135 2204 1182 2238 de
1207 2204 1341 2248 quibus
1367 2215 1508 2239 mecum
1534 2205 1719 2240 delibera-

259 2266 367 2293 turus
393 2267 504 2291 esseS.
538 2274 579 2279 —
630 2265 709 2287 eum
733 2252 864 2298 ipsum.
903 2270 943 2277 —
991 2251 1197 2293 Postumia,
1234 2261 1330 2284 uxor
1360 2249 1439 2285 Ser.
1466 2250 1641 2296 Sulpicii.
1673 2269 1720 2279 —-

260 2305 435 2347 Serv-ius,
484 2301 568 2337 Ser.
607 2299 769 2345 Sulpicii
814 2298 929 2332 filius.
968 2315 1014 2324 -
1067 2300 1206 2336 noster,
1255 2296 1452 2331 Ausdruck
1496 2298 1719 2333 Romischer
1765 2310 1795 2325 ‘-

260 2353 518 2431 Euq‘g.etgziod
543 2417 552 2427 .
569 2418 578 2426 .
594 2417 601 2426 .
630 2391 810 2436 exquiris,
843 2390 882 2425 in
905 2389 1053 2425 Betreff
1072 2388 1227 2431 dessen,
1262 2387 1346 2422 dass
1370 2388 1434 2422 Du
1457 2388 1602 2423 meinen
1619 2388 1718 2424 Rath
1758 2374 1760 2398 ὲ

261 2443 468 2486 verlangst,
499 2444 681 2474 antworte
706 2438 765 2471 ich
792 2448 826 2470 u.
852 2448 881 2471 s.
906 2447 954 2470 w.
980 2454 1025 2461 —
1070 2445 1198 2478 capere
1221 2433 1440 2477 consilium,
1473 2435 1582 2469 einen
1604 2441 1717 2478 guten

259 2490 378 2530 Rath,
406 2486 624 2522 Entschluss
649 2484 707 2517 sur
732 2483 830 2517 mich
852 2483 994 2523 fassen‚
1020 2480 1090 2514 mir
1108 2481 1221 2514 selbst
1238 2481 1358 2524 geben
1383 2480 1449 2514 od.
1476 2491 1521 2514 =
1545 2481 1718 2526 accipere

260 2537 307 2570 ab
332 2536 426 2577 alio,
460 2533 568 2567 einen
594 2537 707 2574 guten
734 2530 831 2563 Rath
856 2539 927 2562 von
952 2527 1074 2561 einem
1099 2526 1252 2560 Andern
1277 2526 1529 2569 gebrauchen.
1554 2546 1597 2552 —-
1629 2537 1716 2571 per-
1794 2558 1795 2561 ,

259 2584 350 2626 spic.
375 2585 447 2623 est,
482 2579 558 2612 Das
584 2578 677 2620 liegt
712 2586 767 2608 am
793 2575 911 2618 Tage.
946 2592 991 2598 —-
1037 2573 1096 2606 sin
1120 2573 1151 2606 ii
1174 2584 1220 2607 =
1245 2574 1339 2607 tales
1377 2572 1427 2607 im
1453 2573 1614 2616 Gegens.
1642 2584 1715 2607 von
1786 2590 1789 2593 >

261 2629 323 2672 qui
347 2639 392 2660 =
416 2626 559 2670 quales.
607 2622 646 2656 Izi
677 2621 794 2665 Neap.
828 2623 913 2654 Asc.
946 2619 1044 2653 Crat.
1079 2618 1207 2653 Lamb.

349 2675 383 2708 3.
421 2675 540 2714 certe,
572 2680 613 2703 so
638 2668 792 2712 geste'ne
817 2665 877 2699 ich
901 2665 1130 2709 wenigstens
1156 2676 1190 2698 u.
1217 2674 1247 2698 s.
1272 2674 1319 2698 w.
1352 2681 1395 2689 —-·
1441 2665 1626 2708 utriusque
1650 2674 1715 2697 no-

258 2719 374 2754 ceram
398 2716 636 2759 Mara-Lag.
663 2714 756 2748 Liin.
775 2718 905 2746 contra
923 2711 1000 2746 Md.
1030 2711 1225 2745 ORELLI.
1244 2729 1287 2735 -
1319 2710 1484 2753 gratiam
1501 2736 1508 2744 .
1523 2734 1532 2744 .
1544 2733 1554 2744 .
1571 2710 1715 2751 arbitr„

259 2776 301 2800 ιο
327 2765 504 2810 glaubten
528 2761 600 2797 wir
623 2761 740 2796 durch
765 2757 1068 2802 Vertheidigung
1093 2758 1159 2793 des
1183 2756 1364 2792 Friedens
1389 2756 1485 2791 noch
1508 2755 1622 2791 Dank
1654 2755 1715 2791 bei
