1795 3043
255 70 355 119 188
520 67 588 113 Μ.
623 65 678 111 Τ.
716 65 1054 113 CICERONIS
1088 65 1458 114 EPISTOLAE.

450 201 770 251 EPISTOLA
806 202 965 250 CCLI.
1004 203 1086 262 (ad
1119 203 1225 249 Div.
1262 204 1393 249 XIII.
1431 205 1534 263 63.)

394 290 477 326 Ser.
501 289 714 324 Laodiceae
737 301 863 324 mense
888 289 1027 325 Martio
1053 291 1097 324 A.
1124 291 1168 326 U.
1196 292 1236 326 c,
1263 293 1340 327 704.
1375 293 1422 336 (a.
1448 292 1489 327 c.
1514 290 1587 334 50.)

619 358 796 393 Laenium
822 359 1105 402 diligentissime
1130 361 1365 395 commendat.

561 427 614 463 M.
640 428 827 463 CICERO
853 428 892 463 S.
918 429 969 462 D.
995 429 1040 464 P.
1068 427 1204 464 SILIO
1230 430 1420 465 PROPR.

370 497 465 538 Non
495 498 641 550 putavi
670 498 765 539 fieri
790 511 928 549 posse,
959 501 1005 539 ut
1034 499 1139 539 mihi
1167 499 1299 541 verba
1329 499 1541 541 deessent:
1572 498 1644 539 sed
1663 499 1725 538 ta·
1794 506 1795 525 ³

257 567 354 597 men
393 555 438 594 in
470 555 513 595 C.
533 555 690 595 Laenio
730 556 1063 597 commendando
1103 557 1264 597 desunt.
1332 558 1480 608 Itaque
1516 568 1606 596 rem
1643 555 1725 596 tibi

255 625 461 665 exponam
490 613 639 663 paucis
668 612 836 653 verbis:
866 613 939 653 sed
968 609 1122 666 tamen,
1152 616 1199 654 ut
1228 616 1356 666 plane
1374 613 1616 667 perspicere
1634 626 1726 665 pos·
1772 632 1776 635 ¹

254 670 314 710 sis
344 670 607 711 voluntatem
643 681 790 709 meam.
857 670 1116 710 Incredibile
1146 673 1229 718 est,
1274 672 1421 724 quanti
1450 670 1653 711 faciamus
1684 670 1727 709 et
1788 676 1795 720 ζ

255 738 333 778 ego
363 729 405 767 et
433 727 566 766 frater
595 737 734 773 meus,
774 727 848 778 qui
878 727 983 766 mihi
1014 728 1254 769 carissimus
1292 731 1379 778 est,
1419 728 1478 768 M.
1499 726 1722 767 Laenium:
1789 731 1795 765 'i

253 783 301 823 id
330 783 377 823 fit
407 795 536 834 quum
565 783 761 834 plurimis
792 783 882 823 eius
912 783 1087 836 officiis,
1123 786 1211 824 tum
1241 799 1399 826 summa
1436 784 1653 837 probitate
1683 784 1726 822 et

254 840 459 893 singulari
479 840 698 881 modestia.
748 841 858 880 Eum
877 853 952 893 ego
972 855 995 881 a
1013 854 1080 881 me
1108 843 1383 883 invitissimus
1413 841 1566 893 dimisi,
1595 853 1726 893 quum

255 899 432 950 propter
470 897 807 938 familiaritatem
856 899 899 937 et
942 899 1260 939 consuetudinis
1309 899 1584 945 suavitatem,
1633 899 1723 937 tum

203 972 234 1013 2
260 954 371 1006 quod
402 955 581 994 consilio
611 955 702 994 eius
731 954 847 994 fideli
878 967 928 995 ac
960 955 1072 996 bono
1104 956 1289 996 libenter
1318 955 1482 997 utebar.
1543 954 1626 995 Sed
1656 966 1725 994 ve-

257 1024 379 1064 reor,
409 1024 462 1052 ne
489 1013 574 1052 iam
603 1024 820 1064 superesse
849 1011 954 1052 mihi
983 1012 1114 1053 verba
1142 1015 1279 1066 putes,
1308 1025 1415 1066 quae
1446 1013 1634 1052 dixeram
1657 1011 1726 1051 de-

253 1070 412 1111 futura.
473 1068 726 1109 Commendo
764 1069 844 1109 tibi
882 1069 1119 1118 hominem,
1159 1071 1269 1111 sieut
1297 1070 1501 1123 intelligis
1542 1081 1633 1119 me,
1672 1067 1725 1107 dc

254 1138 338 1178 quo
369 1139 420 1165 ea
447 1138 576 1177 supra
605 1127 866 1178 scripserim,
910 1126 1063 1167 debere
1092 1128 1406 1168 commendare:
1448 1141 1472 1167 a
1502 1128 1628 1178 teque
1656 1137 1726 1165 ve·

252 1183 475 1224 hementer
505 1183 634 1222 etiam
663 1185 787 1235 atque
817 1183 944 1222 etiam
981 1186 1103 1236 peto,
1140 1186 1209 1232 ut,
1251 1185 1362 1236 quod
1400 1184 1528 1224 habet
1566 1183 1611 1222 iu
1652 1184 1725 1222 tua

252 1240 477 1292 provincia
506 1240 680 1291 negotii,
713 1239 932 1292 expedias:
965 1241 1076 1291 quod
1106 1242 1185 1282 tibi
1206 1242 1419 1282 videbitur
1439 1241 1601 1281 rectum
1621 1251 1724 1289 esse,

253 1297 338 1350 ipsi
368 1296 498 1337 dicas.
558 1296 785 1337 Hominem
821 1297 1075 1338 facillimum
1114 1298 1544 1349 liberalissimumque
1576 1308 1726 1349 cogno-

253 1366 359 1394 sces.
421 1354 571 1404 Itaque
600 1354 642 1393 te
672 1365 796 1407 rog0‚
837 1356 884 1393 ut
914 1366 1010 1393 eum
1040 1356 1246 1403 solutum,
1285 1355 1486 1402 liberum,
1519 1353 1725 1394 confectis

254 1412 347 1451 eius
376 1411 554 1463 negotiis
583 1412 738 1462 perte,
770 1423 895 1462 quam
924 1412 1107 1464 primum
1136 1413 1190 1453 ad
1218 1425 1285 1453 me
1303 1413 1502 1453 remittas,
1548 1410 1597 1451 Id
1618 1409 1726 1450 mihi

251 1468 463 1519 fratrique
494 1479 585 1509 meo
614 1469 898 1521 gratissimum
927 1470 1096 1511 feceris.

485 1599 525 1635 P.
552 1600 700 1634 SILIO.
751 1598 789 1635 s.
817 1610 863 1634 zu
889 1577 948 1645 e'p.
969 1600 1213 1635 ccxxxm
1238 1599 1287 1633 im
1311 1600 1494 1644 Ansange.

346 1661 377 1694 1.
406 1659 445 1693 C.
472 1658 625 1691 Laenio.
661 1657 700 1692 S.
727 1667 774 1691 zu
800 1669 857 1702 ep.
875 1658 1129 1700 CCXXVIII,
1150 1659 1183 1692 8.
1211 1657 1320 1699 CCL,
1337 1658 1358 1691 4
1384 1669 1418 1691 u.
1439 1659 1492 1691 lo.
1509 1676 1551 1681 -—-
1595 1655 1725 1700 paucis

254 1706 388 1740 verbis.
422 1704 644 1749 Suspectum
676 1704 797 1737 verbis
823 1704 1015 1738 Gronovio
1049 1715 1091 1737 ac
1117 1703 1202 1738 Sch.
1241 1703 1281 1738 S.
1308 1704 1459 1737 Ranish.
1487 1704 1516 1746 §.
1533 1703 1614 1745 206,
1632 1704 1672 1745 C,
1689 1702 1723 1743 2,

253 1764 288 1787 c.
315 1753 408 1786 iiber
433 1751 495 1785 die
520 1749 748 1795 Ellipsis.—
780 1751 843 1784 sed
868 1754 986 1784 tamen
1011 1751 1090 1784 scil.
1118 1750 1179 1784 ita.
1206 1750 1335 1793 Lapib.
1362 1751 1415 1783 ita
1441 1754 1570 1783 tamen.
1604 1749 1723 1792 Beng.
1751 1763 1755 1766 ⁴

252 1810 354 1843 susp.
380 1810 434 1840 v.;
461 1798 515 1831 sic
540 1801 669 1831 tamen.
686 1816 731 1821 —
765 1797 946 1839 faciamus
971 1797 1019 1831 ist
1044 1797 1188 1840 neg-el,
1212 1796 1315 1830 nicht
1341 1796 1402 1829 die
1420 1796 1559 1839 Figura
1572 1794 1726 1839 Syllep-

253 1845 318 1880 sis.
364 1845 401 1879 S.
424 1844 575 1878 Ramsh.
611 1844 639 1887 §.
665 1845 727 1885 96,
752 1845 783 1877 3.
833 1843 908 1886 vgl.
942 1843 1008 1876 mit
1032 1843 1121 1886 206,
1144 1844 1192 1884 C,
1215 1845 1257 1885 3,
1277 1853 1367 1876 a.—
1411 1842 1556 1885 officiis,
1598 1841 1637 1875 S.
1666 1852 1723 1885 ep.

254 1890 547 1925 DCLXXXIII.
574 1901 609 1923 u.
636 1889 698 1923 die
715 1890 818 1924 Orat.
843 1901 912 1934 pro
938 1889 1095 1925 Plancio
1121 1900 1151 1923 c.
1169 1890 1226 1923 41.
1254 1895 1291 1922 et
1302 1888 1435 1924 Sextio
1462 1889 1560 1923 c.63.
1595 1887 1720 1921 Ablat.

255 1948 355 1972 caus.
374 1957 418 1962 —
442 1936 571 1971 dimisi
592 1948 638 1970 =
663 1936 809 1969 dimitto
835 1936 884 1970 im
908 1936 1063 1971 Briefst.

345 1995 379 2028 2.
414 2004 618 2039 superesse,
645 1993 729 2027 dass
753 1993 815 2027 ich
839 1993 907 2027 der
931 1994 1068 2027 VVorte
1092 2003 1162 2026 nur
1187 2002 1233 2026 zu
1258 1991 1349 2027 Viel
1373 1992 1479 2026 habe.
1507 2009 1550 2015 —-
1584 1990 1724 2024 intelli-

254 2041 318 2084 gis
341 2040 447 2077 Vict.
462 2041 495 2075 2.
521 2040 717 2082 intelliges.
743 2040 871 2073 Lamb.
898 2050 954 2073 me
979 2051 1071 2083 eum,
1097 2040 1140 2074 de
1165 2050 1245 2083 quo.
1263 2057 1305 2062 —
1338 2049 1390 2076 ea,
1418 2049 1458 2071 so
1485 2037 1560 2071 viel
1585 2037 1726 2071 Rfihm-

254 2087 384 2122 liches.
434 2088 511 2122 Auf
538 2087 664 2120 debere
698 2085 793 2130 liegt
826 2086 893 2120 der
917 2087 1070 2120 Acceut.
1091 2105 1136 2110 -
1175 2096 1197 2118 α
1228 2089 1339 2128 teque.
1374 2084 1501 2117 Ueber
1525 2093 1609 2127 que,
1641 2083 1724 2116 dem

254 2134 434 2167 niichsten
464 2134 599 2168 Worte
632 2133 726 2167 nach
759 2133 826 2166 der
849 2133 1005 2178 Priipos.
1038 2132 1267 2175 angeliiingt,
1300 2140 1326 2164 s.
1352 2130 1502 2164 Ramsh.
1529 2131 1557 2173 §.
1577 2130 1653 2163 179.
1679 2129 1724 2171 Β,

255 2191 289 2221 a,
310 2181 343 2213 1.
372 2180 517 2214 Grotef.
544 2180 573 2222 §.
590 2181 670 2214 360.
696 2180 801 2214 Anm.
822 2179 853 2213 5.
869 2198 912 2204 —-
952 2183 1071 2221 negot.
1090 2177 1367 2221 Geldgeschiist.
1383 2196 1426 2202 —
1459 2177 1603 2220 expeti„
1628 2175 1725 2209 auf's

256 2225 379 2261 Reine
409 2226 581 2269 bringen.
606 2244 648 2251 —·
693 2226 767 2270 ipsi
791 2225 912 2268 dicas,
952 2225 1014 2258 ich
1046 2225 1211 2268 begehre
1242 2223 1377 2257 iedoch
1413 2222 1549 2256 keinen
1584 2221 1724 2256 andern

258 2272 406 2316 Spruch
431 2273 490 2305 fiir
516 2273 601 2314 ihn,
626 2272 680 2305 als
707 2272 778 2306 den
803 2272 867 2305 Du
900 2272 1017 2305 selbst
1040 2271 1100 2304 fiir
1126 2271 1231 2304 recht
1256 2270 1444 2304 erkenust.
1462 2287 1507 2294 —
1539 2268 1724 2312 facillim„

256 2318 538 2364 handliehsten‚
564 2318 749 2354 traitable.
789 2319 954 2362 liberal„
980 2316 1242 2362 gratissimum.
