1795 3043
221 89 320 136 ,106
477 83 541 130 Μ.
578 82 633 128 Τ.
673 80 1010 127 CICERONIS
1045 80 1416 128 EPISTOLAE.

220 206 315 235 sum
344 195 436 235 sore
453 223 464 242 ‚
512 206 638 245 quam
677 194 725 233 ut
752 194 859 234 haec
888 192 951 234 rei
981 192 1179 246 publicae
1209 205 1336 234 causa
1364 191 1410 233 in
1440 192 1567 234 Italia
1595 205 1680 233 non

224 253 364 304 posset
393 251 500 290 duce
528 253 571 290 te
600 250 846 293 consistere.
903 250 1052 302 Neque
1071 262 1171 290 vero
1190 263 1304 290 nunc
1323 250 1545 291 consilium
1563 252 1682 290 tuum

225 307 513 360 reprehendo,
552 307 624 347 sed
653 308 866 348 fortunam
896 308 959 347 rei
990 306 1188 357 publicae
1217 309 1360 360 lugeo:
1402 319 1496 356 nec,
1526 305 1562 345 si
1592 319 1683 359 ego,

227 365 326 415 quid
355 365 401 402 tu
429 364 485 403 sis
515 365 706 412 secutus,
736 377 820 404 non
851 364 1083 417 perspicio,
1120 363 1282 404 idcirco
1313 363 1450 403 minus
1478 363 1684 414 existimo,

177 418 205 457 6
229 424 269 461 te
298 420 407 460 nihil
435 420 518 460 nisi
546 433 706 461 summa
733 423 898 462 ratione
928 422 1091 461 secisse.
1148 421 1246 461 Mea
1275 432 1384 471 quae
1405 432 1569 472 semper
1595 421 1686 459 fue·

227 477 284 517 rit
314 477 543 530 sententia,
586 478 773 530 primum
816 478 867 518 de
896 490 1003 529 pace
1041 478 1111 518 vel
1141 478 1285 529 iniqua
1316 477 1559 518 conditione
1586 476 1687 517 reti-

227 534 384 585 nenda,
435 534 586 575 deinde
621 535 672 574 de
709 535 816 575 urbe
857 557 916 564 —
971 547 1070 575 nam
1111 534 1164 575 de
1202 535 1328 575 ltalia
1363 533 1534 587 quidem
1573 533 1685 573 nihil

227 590 332 631 mihi
366 603 551 642 unquam
590 592 833 632 ostenderas
868 614 926 622 —
982 592 1222 632 meminisse
1258 593 1300 631 te
1340 591 1533 631 arbitror.
1605 589 1688 630 Sed

228 647 333 687 mihi
363 660 448 687 non
478 661 617 698 sumo,
647 649 693 688 ut
722 660 861 688 meum
877 649 1100 688 consilium
1129 650 1273 690 valere
1302 647 1514 688 debuerit:
1572 658 1690 686 secu-

227 708 296 745 tus
326 717 416 744 sum
445 707 589 754 tuum3
619 717 758 756 neque
786 705 829 744 id
858 705 923 745 rei
952 705 1149 756 publicae
1178 718 1327 752 causa,
1360 703 1411 744 de
1435 717 1518 755 qua
1546 702 1690 755 despe-

227 760 343 813 ravi,
381 774 490 812 quac
520 763 562 801 et
591 774 704 802 nunc
736 761 898 802 afflicta
928 763 990 801 est
1018 773 1098 802 nec
1120 762 1298 802 excitari
1328 761 1418 802 sine
1448 760 1566 801 civili
1596 772 1691 812 per-

227 817 504 858 niciosissimo
543 816 657 858 bello
694 820 855 871 potest,
903 818 975 858 sed
1017 819 1059 858 te
1096 819 1372 870 quaerebam,
1418 820 1560 858 tecum
1600 828 1693 856 esse

229 875 477 926 cupiebam,
524 887 662 927 neque
693 876 782 915 eius
811 875 873 915 rei
903 875 1173 927 facultatem,
1217 875 1254 915 si
1284 887 1394 926 quae
1423 875 1530 922 erit,
1570 885 1693 925 prae-

179 934 206 974 7
229 931 473 971 termittam.
534 932 624 984 Ego
655 945 720 972 me
757 932 805 972 in
835 933 915 972 hac
954 931 1066 971 omni
1096 944 1222 972 causa
1250 932 1376 973 facile
1405 929 1693 983 intelligebam

228 988 443 1041 pugnandi
473 989 639 1039 cupidis
667 989 909 1029 hominibus
939 1001 1022 1029 non
1054 988 1312 1030 satisfacere.
1369 987 1557 1028 Primum
1581 987 1692 1026 enim

230 1057 333 1097 prae
362 1057 430 1084 me
459 1046 539 1085 tuli
566 1059 633 1086 me
662 1046 772 1086 nihil
802 1047 930 1086 malle
959 1058 1089 1097 quam
1111 1057 1284 1098 pacem3
1320 1044 1405 1084 non
1427 1045 1527 1096 quin
1549 1043 1694 1084 eadem

230 1101 444 1149 timerem,
491 1115 598 1153 quae
637 1103 726 1142 illi:
789 1103 861 1142 sed
903 1114 952 1143 ea
989 1102 1102 1142 bello
1133 1102 1253 1142 civili
1289 1102 1451 1141 leviora
1479 1101 1696 1141 ducebam.

231 1159 360 1206 Inde,
400 1161 594 1211 suscepto
624 1158 764 1206 bello,
805 1171 933 1210 quum
962 1159 1080 1210 pacis
1109 1158 1371 1199 conditiones
1400 1157 1451 1197 ad
1481 1161 1524 1197 te
1553 1155 1697 1198 afferri

233 1230 259 1256 a
287 1217 413 1266 teque
440 1215 492 1255 ad
517 1228 566 1255 ea
597 1215 832 1256 honorifice
861 1218 904 1255 et
933 1216 1050 1267 large
1078 1215 1328 1266 responderi
1348 1214 1556 1262 viderem,
1596 1213 1698 1254 duxi

232 1284 369 1312 meam
392 1272 626 1320 rationem3
658 1284 784 1322 quam
802 1272 883 1312 tibi
911 1272 1037 1312 facile
1063 1283 1130 1311 me
1149 1271 1425 1323 probaturum
1453 1283 1531 1323 pro
1560 1271 1632 1311 tuo
1650 1271 1696 1311 in

232 1341 298 1369 me
322 1327 530 1368 beneficio
553 1327 806 1370 arbitrabar.
856 1327 1132 1368 Memineram
1151 1340 1219 1368 me
1238 1339 1328 1368 esse
1347 1340 1489 1378 unum,
1518 1328 1592 1378 qui
1619 1339 1698 1379 pro

230 1386 335 1426 meis
365 1385 557 1426 maximis
584 1385 629 1426 in
651 1397 739 1426 rem
756 1385 971 1438 publicam
993 1385 1154 1430 meritis
1175 1384 1384 1438 supplicia
1405 1385 1639 1425 miserrima
1656 1386 1699 1424 et

233 1498 394 1542 assequi,
435 1497 622 1531 errathen.
661 1516 703 1521 —
753 1498 847 1540 qnod
874 1521 883 1531 .
902 1523 910 1532 .
932 1522 941 1532 .
967 1497 1066 1540 fore,
1110 1496 1197 1533 weil
1232 1496 1294 1531 ich
1318 1497 1409 1530 eher
1432 1497 1537 1531 Alles
1561 1496 1700 1530 andere

233 1546 292 1579 fiir
317 1544 480 1587 mbglich
505 1543 679 1586 gehalten
704 1543 816 1577 hatte.
851 1562 893 1567 —-
941 1545 1162 1587 consistere,
1194 1543 1431 1584 verfochten‚
1465 1543 1701 1588 ausgemacht

234 1590 400 1625 werden.
436 1589 533 1623 Eine
559 1588 700 1629 bitt're‚
738 1589 834 1629 aber?
860 1588 973 1622 seben
1008 1591 1227 1634 vergoldete
1259 1589 1379 1624 fille!
1418 1609 1461 1614 —
1507 1588 1701 1624 consilium

236 1640 336 1669 tuum
361 1635 629 1678 relinquendae
645 1635 786 1670 Italiae.
833 1635 935 1670 Vide
960 1647 1069 1678 quam
1096 1636 1229 1669 blande
1253 1637 1299 1669 de
1325 1638 1395 1669 hoc
1421 1636 1581 1670 consilio
1606 1635 1702 1671 scri·

237 1683 329 1716 bens
354 1682 399 1716 ad
425 1681 646 1725 Pompeium
670 1681 866 1725 loquatur,
900 1681 1000 1724 qnod
1024 1682 1063 1715 in
1089 1693 1173 1726 epp.
1200 1682 1243 1715 ad
1263 1682 1424 1715 Atticum
1451 1683 1565 1715 multo
1591 1691 1702 1727 aper-

237 1728 312 1762 tius
348 1734 386 1762 et
417 1728 576 1762 liberius
608 1726 862 1771 reprehendit.
894 1727 1002 1761 SCH.
1051 1727 1089 1761 S.
1126 1739 1187 1772 ep.
1213 1728 1301 1771 334,
1325 1728 1358 1762 2.
1389 1747 1434 1753 —
1476 1728 1562 1773 quid
1587 1732 1625 1761 tu
1648 1727 1701 1760 sis

236 1778 378 1808 secutus
395 1785 441 1808 Ξ
460 1773 610 1807 Deinen
634 1773 910 1817 Beweggrund.
943 1773 1209 1818 AmplificatiO.

331 1822 366 1855 6.
399 1821 442 1853 de
470 1831 561 1864 pace
586 1846 593 1853 .
612 1845 643 1854 ..
670 1820 879 1863 retinenda,
922 1819 1006 1854 dass
1037 1831 1118 1853 man
1151 1820 1221 1854 den
1255 1818 1418 1854 Frieden
1451 1829 1498 1853 zu
1530 1818 1701 1853 erhalten

239 1865 359 1900 selbst
383 1865 466 1900 eine
491 1865 719 1909 missliebige
743 1866 967 1910 Bedingung
993 1866 1177 1910 eingehen
1201 1869 1322 1909 moge.
1348 1884 1393 1890 —
1439 1866 1482 1899 de
1505 1866 1614 1908 urbe,
1639 1864 1701 1898 die

241 1911 349 1946 stadt
373 1912 475 1946 nicht
499 1922 545 1945 zu
561 1912 763 1955 verlassen,
788 1922 861 1944 non
887 1912 1144 1955 relinquenda.
1160 1931 1204 1937 —
1243 1913 1286 1946 de
1301 1911 1417 1947 Italia
1441 1910 1701 1955 relinquenda,

242 1958 361 2000 denn,
413 1958 498 1991 dass
530 1958 592 1991 Du
628 1958 727 1991 Dich
759 1958 1027 1992 entschliessen
1063 1959 1239 1992 konntest
1275 1958 1370 1992 auch
1401 1958 1536 1993 Italien
1572 1958 1700 1991 auszu-

241 2004 385 2047 geben,
417 2004 496 2037 Das
522 2004 657 2038 hattest
676 2004 737 2037 Du
764 2004 861 2037 mich
887 2004 946 2038 nie
980 2004 1045 2038 mit
1070 2005 1191 2039 einem
1216 2005 1355 2038 Winke
1387 2004 1540 2038 mei-ken
1565 2004 1699 2038 lassen.

240 2068 287 2075 —-
317 2049 410 2083 mihi
433 2061 503 2083 non
527 2061 645 2093 sumo,
677 2049 738 2083 ich
762 2051 894 2084 nehme
919 2050 988 2084 mir
1014 2050 1115 2084 nicht
1140 2052 1286 2084 heraus.
1311 2069 1357 2077 -·
1395 2051 1536 2093 valere,
1560 2050 1701 2094 gelten.

240 2114 286 2121 —
317 2096 475 2137 afflicta,
510 2106 555 2129 zu
571 2096 703 2130 Boden
727 2097 976 2140 geschlagen3
1014 2097 1130 2131 daher
1154 2095 1330 2135 excitari,
1356 2097 1573 2139 aufgerulen
1588 2121 1598 2139 ,
1622 2095 1703 2129 auf-

241 2142 417 2187 geholfen
444 2142 610 2178 werden.
638 2162 681 2167 —
727 2143 762 2177 si
784 2154 884 2186 quae.
920 2142 983 2177 Sic
1008 2143 1084 2177 Md.
1108 2155 1155 2176 =
1177 2154 1247 2187 qua
1272 2142 1369 2176 Cett.
1720 2164 1724 2165 ν

331 2190 365 2222 7.
405 2198 477 2220 uon
507 2189 740 2232 satisfacere,
782 2188 884 2222 nicht
915 2189 1020 2223 recht
1050 2189 1214 2223 machen.
1260 2188 1336 2222 Zur
1369 2187 1489 2222 Sache
1529 2186 1606 2230 vgl.
1643 2197 1702 2231 ep.

242 2234 387 2276 CCCX,
412 2234 444 2267 2.
471 2252 514 2258 —
550 2246 642 2277 prae
666 2245 721 2268 me
745 2235 831 2274 tuli,
865 2235 925 2269 ich
950 2235 1094 2269 machte
1118 2235 1206 2269 kein
1232 2233 1468 2268 Geheimniss
1493 2232 1638 2266 darans.
1658 2251 1702 2257 —

243 2291 314 2313 non
339 2280 444 2324 quin,
488 2279 589 2313 nicht
615 2281 668 2314 als
694 2281 742 2314 ob
768 2281 882 2315 nicht.
934 2281 972 2316 S.
998 2282 1147 2315 Ramsh.
1172 2282 1200 2324 §.
1220 2282 1297 2316 186.
1337 2279 1481 2315 Grotef.
1508 2279 1632 2321 §.394.
1659 2296 1702 2303 -

243 2327 352 2368 Inde,
386 2326 518 2369 Margo
545 2326 643 2360 Crat.
682 2327 834 2361 Deinde.
870 2327 906 2362 S.
933 2328 1083 2361 Ramsh.
1110 2327 1136 2370 §.
1156 2329 1233 2361 177.
1261 2346 1302 2352 -—
1351 2326 1481 2369 afferri
1505 2335 1526 2358 a
1543 2326 1703 2359 Caesare

238 2372 345 2416 pacis
370 2373 496 2415 cond„
537 2372 954 2417 Friedensvorschlage.
989 2392 1031 2398 —
1079 2384 1102 2406 α
1126 2377 1225 2417 teque
1268 2372 1307 2407 S.
1333 2373 1485 2407 Ramsh.
1510 2372 1537 2415 §.
1553 2372 1630 2406 179.
1655 2370 1702 2413 B,

245 2430 279 2459 a,
308 2420 340 2452 1.
365 2437 408 2443 -
448 2419 497 2451 ad
520 2429 562 2451 ea
586 2430 632 2451 =
655 2419 717 2452 auf
742 2420 1016 2463 Dergleichen,
1042 2419 1164 2453 wosiir
1190 2418 1344 2453 Coi-rad.
1372 2429 1433 2452 eccs
1457 2418 1703 2459 vermuthete‚

244 2475 321 2498 was
345 2464 470 2498 Lamb.
496 2464 679 2499 ansnahm.
725 2465 763 2499 S.
792 2466 926 2499 iedoch
951 2466 1043 2499 iiber
1068 2465 1171 2500 diese
1196 2466 1377 2509 Enallage
1402 2464 1551 2499 Ramsh.
1579 2464 1607 2506 §.
1623 2463 1703 2505 203,
1760 2466 1762 2468 ’

248 2512 281 2553 l,
306 2521 339 2552 a,
364 2511 397 2544 5.
430 2511 510 2553 206,
536 2512 581 2553 A,
605 2510 640 2554 2,
667 2510 701 2545 b.
744 2512 890 2545 Grotef.
916 2513 944 2555 §.
963 2512 1042 2553 208,
1068 2511 1103 2544 b.
1131 2529 1175 2536 —·
1223 2512 1350 2554 large,
1387 2511 1452 2545 auf
1472 2510 1554 2544 eine
1579 2519 1706 2553 gross-

247 2557 413 2600 miithige
444 2558 524 2590 Art.
554 2575 598 2582 --
645 2556 735 2590 daz-z·
767 2569 882 2591 meam
918 2557 1117 2600 rationem,
1157 2558 1203 2591 da
1234 2559 1377 2592 machte
1410 2557 1468 2590 ich
1496 2567 1567 2590 nun
1606 2555 1704 2588 auch

250 2602 368 2636 meine
392 2603 598 2646 Rechnung
635 2603 725 2636 iiber
759 2604 856 2643 Das,
900 2614 977 2637 was
1010 2603 1068 2636 ich
1101 2604 1170 2638 mir
1199 2605 1316 2638 selbst
1353 2602 1524 2646 schuldig
1555 2600 1621 2635 sei.
1661 2619 1704 2624 —
1766 2602 1770 2622 ·’

250 2649 382 2690 benef.‚
424 2652 601 2692 vermoge
626 2648 769 2683 Deines
800 2650 871 2682 mir
901 2649 1132 2683 erwiesencn
1160 2650 1448 2684 Wohlwollens.
1479 2667 1523 2673 -
1569 2646 1706 2681 Memi-

251 2705 395 2737 ncram,
433 2695 491 2728 ich
518 2695 710 2729 bedachte.
740 2715 779 2720 —
830 2707 884 2728 me
909 2707 982 2729 esse
1006 2708 1052 2729 Σ
1075 2697 1155 2730 sore
1180 2707 1306 2738 unum,
1330 2695 1393 2740 qui
1416 2721 1425 2728 .
1446 2721 1454 2729 .
1472 2720 1479 2728 .
1506 2694 1705 2727 subiicere·-

251 2740 445 2781 (obiicerer
469 2741 558 2776 Cld.
584 2741 723 2776 Manut.
752 2741 819 2776 Cd.
846 2742 930 2777 Urs.
956 2742 1042 2778 sch.
1069 2743 1127 2776 ed.
1152 2742 1254 2784 min.)
1280 2742 1413 2776 eisdem
1428 2740 1581 2786 proeliis
1605 2741 1705 2784 (pro-
