1795 3043
225 93 323 141 338
499 86 564 132 M.
601 85 655 130 T.
692 81 1034 130 CICERONIS
1066 81 1443 132 EPISTOLAE.

228 202 271 242 ct
308 198 544 253 praefectos
572 198 614 237 et
644 195 966 237 contubernales
1004 194 1217 236 dumtaxat
1255 207 1370 237 meos
1397 194 1560 236 delatos
1589 207 1694 238 esse.
1789 198 1795 235 l

229 259 279 298 In
310 269 392 308 quo
423 254 595 306 quidem
622 266 688 294 me
716 254 824 293 ratio
855 253 1028 293 fefellit:
1057 252 1240 294 liberum
1269 252 1381 293 enim
1401 252 1502 293 mihi
1533 254 1696 306 tempus
1789 251 1792 275 ³

229 315 283 356 ad
324 326 393 353 cos
433 311 681 352 deserendos
720 310 1008 351 existimabam
1047 308 1165 360 dari3
1217 313 1363 362 postea
1401 311 1558 350 certior
1601 322 1694 350 sum
1789 310 1792 332 ·’

229 373 369 412 factus
397 369 574 421 triginta
602 367 749 408 diebus
779 367 935 407 deferri
972 378 1146 407 necesse
1175 378 1286 418 esse,
1323 366 1480 418 quibus
1507 368 1695 408 rationes

231 428 482 469 retulissem.
557 426 668 466 Sane
704 426 877 464 moleste
919 424 999 463 tuli
1028 436 1112 464 non
1153 424 1231 463 illa
1260 422 1469 464 beneficia
1497 425 1594 464 tuae
1623 436 1696 475 po·
1788 443 1795 466 ,A

231 485 317 524 tius
355 482 574 524 ambitioni
609 483 823 522 reservata
860 493 972 529 esse,
1015 493 1142 533 quam
1179 492 1319 533 meae,
1358 480 1434 533 qui
1470 480 1698 521 ambitione
1785 465 1795 536 i!

233 542 342 581 nihil
382 543 537 580 uterer.
607 539 671 579 De
711 537 1028 578 centurionibus
1072 540 1212 578 tamen
1251 540 1293 577 et
1334 538 1386 578 de
1432 537 1699 578 tribunorum
1786 537 1795 598 ᾗ

234 598 483 638 militarium
513 595 887 637 contubernalibus
915 607 983 635 res
1022 596 1085 635 est
1121 595 1165 634 in
1196 595 1380 648 integr03
1421 606 1553 647 genus
1584 594 1697 634 enim
1790 605 1795 626 ⁴

183 644 211 683 8
234 655 384 695 horum
412 653 713 694 beneficiorum
736 650 952 691 definitum
982 653 1074 704 lege
1098 664 1181 691 non
1213 654 1319 692 erat.
1378 652 1603 703 Reliquum
1633 652 1698 691 est

233 711 286 752 de
315 712 387 752 HS
434 712 602 751 centum
630 707 843 755 millibus,
884 707 935 747 de
966 707 1118 759 quibus
1145 709 1316 748 memini
1346 709 1452 748 mihi
1483 722 1508 749 a
1536 710 1579 748 te
1608 707 1698 762 My-

232 833 500 875 Proconsules,
525 831 801 874 Propraetores
827 827 901 861 und
927 827 1021 861 auch
1045 827 1107 861 die
1133 828 1380 872 Quaestores‚
1416 838 1525 863 wenn
1552 828 1607 863 sie
1630 837 1697 861 aus

232 880 301 913 der
323 879 488 914 Provinz
523 887 592 910 vor
627 875 689 909 die
721 874 829 910 stadt
861 873 1002 907 zurfick
1037 874 1257 918 gekommen
1282 886 1431 918 waren,
1471 874 1533 908 die
1557 875 1697 908 Namen

232 926 300 959 der
324 926 512 968 Legaten,
538 923 734 956 Priit'ecten
759 921 832 954 und
859 920 1161 954 Contubernalen
1186 921 1287 954 ihres
1313 921 1505 964 Gefolges,
1529 920 1591 954 die
1617 919 1698 954 sich

232 978 327 1011 tien,
355 971 472 1014 thatig
487 969 561 1003 und
574 967 756 1002 riihmlich
773 966 969 1000 verhalten
994 967 1132 1008 hatten,
1158 967 1225 1000 mit
1250 974 1364 1010 guten
1382 967 1613 1009 Zeugnissen
1631 967 1696 1000 be-

232 1018 364 1062 gleitet
388 1017 480 1050 nach
505 1015 724 1059 abgelegter
748 1013 956 1056 Rechnung
982 1012 1043 1046 bei
1080 1012 1148 1046 der
1181 1012 1485 1047 Schatzkammer
1514 1013 1695 1056 angaben.

233 1064 309 1098 Die
334 1074 374 1097 so
398 1063 586 1096 Belobten
612 1060 750 1102 deferri
774 1058 970 1092 beneficiis
994 1059 1225 1092 dicebantur.
1276 1060 1337 1092 Da
1361 1059 1466 1092 diese
1491 1058 1698 1103 Zeugnisse

233 1111 380 1152 Denen,
404 1108 574 1143 welchen
597 1106 653 1140 sie
678 1105 897 1148 ausgestellt
920 1115 1068 1146 waren,
1095 1105 1401 1138 Gratificationen
1427 1116 1490 1139 aus
1517 1105 1598 1138 dem
1623 1105 1698 1138 Ae-

233 1156 333 1190 rario
359 1154 433 1189 und
467 1153 608 1187 andere
633 1151 835 1188 Vortheile
871 1151 1117 1184 verschafften
1155 1151 1226 1184 und
1260 1151 1465 1184 besonders
1498 1151 1597 1184 beim
1622 1151 1699 1184 An-

234 1203 359 1236 halten
386 1212 444 1234 um
470 1199 532 1233 die
558 1197 836 1233 Staatswiirden
862 1196 916 1230 als
940 1196 1112 1230 Beweise
1146 1197 1288 1230 bereits
1322 1197 1565 1231 erworbener
1597 1197 1698 1232 Ver-

233 1249 379 1282 dienste
404 1257 472 1280 zur
488 1244 741 1288 Empselilung
763 1243 999 1287 gereichten3
1025 1253 1067 1276 so
1091 1253 1170 1276 war
1188 1243 1253 1276 das
1268 1243 1481 1277 Ausstellen
1499 1242 1697 1278 desselben

232 1294 293 1327 fiir
318 1293 379 1325 die
417 1290 635 1325 Statthalter
668 1289 761 1321 auch
795 1288 855 1321 ein
887 1288 1029 1330 Mittel‚
1065 1288 1147 1322 sich
1177 1290 1243 1321 auf
1271 1289 1375 1322 diesc
1408 1291 1478 1323 Art
1508 1289 1696 1331 Freunde‚

232 1339 434 1381 Anhanger
459 1336 533 1369 und
559 1335 735 1369 Klienten
762 1344 808 1367 zu
835 1334 1040 1367 erwerben.
1101 1333 1254 1375 Cicero,
1285 1335 1353 1367 der
1383 1335 1511 1368 solche
1543 1334 1697 1368 kleinli-

233 1386 302 1419 che
326 1383 463 1421 Mittel,
489 1382 570 1416 sich
595 1380 745 1424 geltend
771 1390 817 1412 zu
842 1380 1006 1422 macheu,
1033 1380 1287 1413 verschmiihte
1312 1380 1386 1414 und
1411 1380 1473 1414 die
1498 1380 1697 1424 politische

232 1426 335 1475 Lage
359 1431 474 1464 Roms
500 1428 548 1462 im
573 1427 679 1472 Kopf
706 1427 827 1468 hatte,
860 1437 1012 1469 vel‘gass
1046 1437 1114 1459 vor
1146 1426 1268 1460 lauter
1301 1426 1408 1470 Eile,
1442 1425 1545 1460 seine
1575 1426 1697 1460 Rech-

233 1487 381 1520 nungen
406 1475 443 1509 in
470 1474 539 1508 der
556 1473 858 1509 Schatzkammer
872 1482 916 1505 zu
935 1472 1168 1515 hinterlegen
1189 1473 1263 1506 und
1287 1473 1348 1506 die
1362 1473 1698 1517 Belobungszeug-

233 1523 332 1557 nisse
358 1520 644 1561 einum-ichen,
680 1519 854 1553 Mehrere
883 1517 1007 1551 seiner
1033 1518 1210 1552 Officiere
1234 1519 1307 1552 und
1333 1520 1511 1553 Beamten
1537 1530 1580 1552 zu
1608 1530 1696 1553 nen-

234 1580 304 1602 nen
331 1568 404 1602 und
429 1577 475 1600 zu
501 1567 671 1611 preisen‚
709 1564 865 1598 Manche
897 1564 1042 1597 mochte
1068 1575 1110 1598 er
1139 1566 1233 1598 auch
1264 1565 1365 1598 nicht
1398 1566 1510 1599 loben
1544 1565 1693 1600 wollen.

234 1616 353 1649 Diese
378 1614 501 1646 hatten
527 1611 606 1645 sich
632 1609 728 1644 beim
762 1610 924 1645 Quastor
954 1610 1073 1643 Rufus
1099 1610 1152 1644 als
1177 1611 1258 1644 dem
1284 1612 1468 1645 Nachsten
1496 1612 1585 1645 nach
1612 1612 1695 1645 dem

234 1659 444 1696 Proconsul
476 1658 637 1691 dariiber
670 1657 898 1690 beschwert:
943 1666 1020 1689 was
1056 1656 1174 1689 Rufus
1209 1656 1246 1690 in
1277 1658 1415 1691 seinem
1448 1657 1577 1691 Briese
1609 1658 1693 1691 dem

235 1708 369 1743 Cicero
395 1705 589 1746 erijffnete,
616 1702 763 1737 worauf
784 1702 908 1735 dieser
922 1700 1004 1734 hier
1022 1709 1231 1736 antwortet.
1257 1722 1300 1727 —-
1349 1704 1513 1737 tribunos
1535 1704 1695 1737 militum

235 1752 443 1787 duodecim.
503 1749 592 1784 Seni
625 1749 724 1782 enim
755 1748 975 1781 creabantur
1000 1747 1036 1781 in
1062 1748 1220 1791 singulis
1245 1748 1478 1792 legionibus,
1513 1756 1551 1783 ut
1576 1750 1694 1794 Poly-

234 1799 319 1833 bius
344 1798 464 1831 docet.
512 1796 700 1840 Legiones
725 1800 846 1829 autem
872 1793 981 1836 duas,
1008 1793 1071 1837 qui
1097 1794 1299 1828 consularis
1325 1802 1404 1828 erat
1428 1795 1630 1837 exercitus,
1657 1796 1694 1829 in

236 1843 432 1891 provincia
455 1841 588 1876 Cicero
620 1840 749 1875 habuit
780 1843 828 1884 (v.
855 1851 913 1885 ep.
933 1839 1133 1883 CCVIIL).
1182 1841 1389 1875 MANUT.
1416 1860 1460 1866 —
1507 1842 1694 1876 contuber-

236 1892 357 1930 males,
392 1887 538 1922 nobiles
564 1887 841 1928 adolescentes,
868 1885 932 1929 qui
958 1896 1039 1919 cum
1065 1886 1300 1929 consulibus,
1339 1887 1624 1931 proconsulibus
1657 1893 1694 1922 et

236 1935 475 1982 praetoribus
502 1933 632 1973 etiam,
658 1940 697 1967 ut
713 1943 836 1967 rerum
852 1943 918 1966 usu
934 1938 1075 1966 mature
1099 1933 1390 1976 instruerentur,
1418 1933 1454 1967 in
1481 1933 1693 1979 provincias

236 1982 400 2017 exibant.
447 1979 654 2014 MANUT.
698 1978 785 2014 Vid.
819 1989 889 2021 pro
921 1978 1024 2013 Coel.
1057 1989 1090 2013 c.
1108 1981 1164 2014 30.
1198 1990 1265 2023 pro
1297 1980 1424 2014 Plane.
1450 1991 1480 2014 e.
1500 1981 1553 2014 ll.
1587 1980 1693 2014 Brut.

237 2040 267 2062 c.
286 2029 341 2062 27.
367 2027 520 2062 Sueten.
548 2027 653 2061 Caes.
678 2036 709 2060 c.
728 2026 761 2059 5.
810 2024 854 2058 In
886 2024 979 2058 urbe
1011 2024 1121 2059 etiam
1151 2030 1254 2059 erant
1285 2026 1570 2060 contubernales
1604 2036 1694 2060 con-

236 2075 368 2109 sulum.
417 2072 507 2108 Vid.
541 2072 607 2107 Or.
647 2082 705 2116 pr.
737 2070 843 2106 Sulla
873 2081 904 2104 c.
923 2071 976 2105 12.
1014 2089 1058 2096 —
1104 2081 1159 2104 me
1190 2071 1287 2104 ratio
1317 2072 1468 2114 fefellit,
1506 2072 1566 2105 ich
1598 2073 1693 2106 habe

237 2120 335 2155 mich
361 2118 465 2152 darin
490 2118 724 2152 verrechnet.
749 2135 793 2142 —-
839 2116 1060 2159 triginta...
1087 2116 1289 2150 retulissem
1315 2128 1398 2161 pro:
1436 2117 1589 2161 triginta
1613 2118 1693 2151 die-

237 2168 307 2201 bus
345 2172 430 2210 post
464 2175 570 2207 quam
600 2164 764 2198 rationes
796 2163 1016 2197 retulissem.
1074 2163 1235 2205 Tempus
1273 2163 1466 2197 deferendi
1499 2163 1691 2206 trigesimo

238 2213 300 2247 die
325 2222 346 2246 a
370 2211 498 2245 relatis
523 2210 729 2244 rationibus
755 2209 1012 2243 definiebatur.
1061 2208 1265 2244 MANUT.
1290 2228 1335 2234 —-
1381 2214 1462 2243 tuae
1486 2210 1691 2253 ambitioni,

238 2258 381 2303 gratiae
396 2262 433 2290 et
448 2255 755 2291 demonstrationi
770 2254 885 2290 studii
901 2255 939 2289 in
956 2254 1125 2299 clientes,
1152 2254 1334 2289 damitDu
1352 2255 1410 2289 dir
1421 2260 1509 2300 gnte
1520 2256 1692 2291 Freunde

238 2303 352 2338 damit
375 2303 566 2336 machtest.
615 2301 810 2346 Significat
833 2312 874 2336 se
897 2301 1008 2335 facile
1031 2301 1108 2346 pati
1132 2301 1314 2345 potuisse,
1341 2309 1379 2336 ut
1404 2303 1496 2336 hanc
1511 2302 1609 2346 apud
1626 2302 1691 2337 de-

237 2351 332 2385 latos
357 2348 510 2393 gratiam
534 2347 647 2382 iniret
669 2348 806 2391 Rufus,
838 2358 949 2390 quum
981 2347 1062 2392 ipse
1089 2346 1372 2381 deferendorum
1404 2359 1476 2381 non
1512 2348 1562 2382 sit
1585 2359 1691 2383 secu-

238 2403 296 2431 tus
320 2395 498 2440 gratiam,
525 2393 591 2428 sed
616 2405 756 2428 morem
775 2400 812 2428 et
836 2393 1027 2428 veritatem
1045 2397 1081 2426 et
1099 2392 1239 2427 merita.
1290 2393 1505 2429 GRONOV.
1531 2394 1578 2429 de
1602 2395 1689 2430 Pec.

237 2444 330 2480 Vet.
353 2442 440 2476 libr.
461 2440 532 2476 III.
558 2458 602 2465 --
649 2440 710 2484 qui
733 2440 824 2473 amb.
850 2439 945 2473 nihil
967 2442 1100 2479 uterer,
1129 2439 1187 2473 cui
1212 2450 1286 2473 non
1313 2451 1406 2485 opus
1432 2445 1510 2474 erat
1533 2441 1690 2484 gratiam

237 2488 335 2533 apud
360 2487 514 2522 clientes
539 2496 717 2529 quaerere
754 2496 894 2528 eosque
927 2486 1020 2518 hanc
1052 2485 1100 2518 ob
1133 2496 1278 2519 causam
1304 2486 1384 2520 istis
1410 2486 1599 2521 beneficiis
1624 2486 1690 2521 de-

237 2534 393 2568 vincire.
441 2532 550 2567 SOH.
573 2551 618 2557 --
662 2541 720 2565 res
745 2536 795 2565 est
819 2532 859 2565 in
882 2531 1044 2574 integro,
1081 2531 1181 2565 steht
1212 2531 1285 2565 Dir
1317 2532 1416 2566 diess
1441 2532 1536 2566 noch
1559 2532 1692 2567 immer

236 2580 320 2614 frei.
346 2598 390 2604 —
436 2588 552 2622 genus
570 2603 578 2612 .
598 2603 605 2612 .
624 2577 737 2619 benef.
751 2602 760 2619 ‚
785 2577 809 2611 i.
827 2588 860 2611 e.
883 2576 1095 2611 deferendis
1110 2578 1389 2613 centurionibus
1405 2583 1442 2612 et
1458 2578 1688 2613 tribunorum

237 2625 454 2661 militarium
480 2623 805 2658 contubernalibus
832 2629 969 2657 certam
991 2622 1089 2657 diem
1114 2623 1178 2657 lex
1196 2634 1268 2658 non
1294 2624 1436 2659 definit.
1478 2623 1686 2660 MANUT.

332 2683 365 2717 8.
405 2683 449 2716 de
486 2681 552 2716 HS
591 2684 731 2715 centum
764 2676 937 2713 millibus.
1002 2680 1047 2714 In
1085 2679 1249 2716 Cicero's
1287 2682 1495 2725 Rechnung
1532 2681 1687 2716 standen
1767 2718 1769 2727 Ι

237 2729 385 2772 100,000
410 2726 616 2763 Sestertien
638 2738 685 2763 =
708 2728 834 2770 10‚000
853 2725 1002 2762 Gulden
1031 2725 1087 2762 als
1122 2738 1204 2762 vom
1230 2728 1390 2764 Quastor
1420 2726 1623 2763 Mescinius
1647 2727 1686 2762 in
1766 2730 1769 2753 ¹
