1795 3043
177 124 279 172 534
444 118 511 165 Μ.
547 118 602 164 Τ.
640 115 981 164 CICERONIS
1014 117 1392 165 EPISTOLAE.

179 232 300 273 diora
330 230 472 272 adhuc
502 229 680 271 consilia
708 230 826 284 cepi3
874 232 938 282 et,
977 243 1060 283 quo
1097 230 1174 272 ille
1203 243 1269 272 me
1299 230 1525 272 cert10rem
1553 231 1646 277 vult

131 290 158 328 4
182 301 295 337 esse,
341 300 392 328 eo
421 288 552 341 magis
581 289 732 340 timeo,
771 301 825 328 ne
854 288 897 328 in
928 301 1022 328 eum
1051 290 1245 330 exsistam
1274 289 1500 329 crudelior.
1561 288 1645 329 Sed

180 345 392 387 Antonius
427 346 545 385 venit
582 345 677 385 heri
714 346 894 398 vesperi.
952 347 1043 386 Iam
1084 348 1260 387 fortasse
1309 346 1362 387 ad
1392 358 1458 386 me
1501 346 1645 388 veniet

178 404 255 443 aut
282 414 337 442 ne
366 401 410 442 id
434 402 623 453 quidem3
667 404 864 454 quoniam
895 404 1088 456 scripsit,
1120 404 1220 455 quid
1242 403 1337 444 fieri
1358 404 1502 445 vellet.
1562 402 1646 443 Sed

178 460 291 500 scies
322 460 550 512 continuo,
581 459 682 511 quid
704 463 846 501 actum
869 460 937 500 sit.
993 460 1079 501 Nos
1109 461 1194 502 iam
1225 461 1335 502 nihil
1365 460 1447 500 nisi
1465 460 1644 501 occulte.

179 517 245 558 De
274 517 420 568 pueris
450 517 552 569 quid
581 517 736 570 agam?
785 519 978 559 Parvoue
999 519 1167 571 navigio
1199 518 1488 560 committam?
1535 516 1646 565 Quid

178 573 289 614 mihi
331 575 462 614 animi
501 575 546 614 in
588 575 824 628 navigando
869 587 1015 616 censes
1052 576 1174 618 fore?
1259 574 1476 616 Recordor
1522 575 1647 627 enim,

177 632 339 671 aestate
370 644 465 672 cum
494 631 570 672 illo
587 632 847 673 Rhodiorum
879 628 1077 683 ἀφράκτῳ
1107 634 1311 686 navigans
1340 646 1465 684 quam
1491 632 1648 673 fuerim

176 688 401 729 sollicitus.
462 689 595 740 Quid,
634 689 740 730 duro
771 692 962 741 tempore
991 690 1116 742 anni,
1167 691 1403 732 actual-iola
1430 691 1524 730 fore
1552 702 1648 730 cen-

177 744 270 787 ses?
331 746 365 785 Ο
394 758 486 786 rem
516 746 702 798 undique
731 748 947 788 miseram!
1008 747 1233 788 Trebatius
1254 750 1345 788 erat
1363 759 1552 795 mecum,
1583 747 1652 788 vir

176 802 307 854 plane
337 804 380 843 et
410 804 516 844 civis
547 804 695 845 bonus.
757 805 872 853 Quae
902 805 976 844 ille
1007 807 1219 851 monstra,
1268 805 1328 846 dii
1366 805 1647 845 immortales!

176 858 377 900 Etiamne
417 859 577 901 Balbus
615 862 660 902 in
699 864 891 902 senatum
931 862 1078 902 venire
1121 862 1305 914 cogitet?
1365 863 1448 903 Sed
1493 863 1532 902 ei
1566 861 1649 914 ipsi

126 921 157 963 5
181 928 276 957 cras
306 917 359 958 ad
388 919 432 957 te
461 918 608 959 literas
638 919 761 962 dabo.
819 919 1070 960 Vectienum
1099 919 1205 959 mihi
1232 919 1441 967 amicum,
1472 921 1519 959 ut
1549 919 1651 959 scri-

178 972 271 1026 bis,
299 974 363 1015 ita
390 976 495 1027 puto
516 988 631 1016 esse:
676 989 774 1017 cum
804 989 877 1024 eo,
911 976 1022 1028 quod
1054 973 1267 1024 ἀποτόμως
1296 976 1349 1016 ad
1378 989 1445 1016 mc
1475 976 1652 1029 scripse-

177 1032 246 1073 rat
275 1031 330 1072 de
357 1033 539 1073 nummis
571 1034 791 1083 curandis,
823 1031 1110 1083 θυμικώτερον
1141 1046 1256 1074 eram
1273 1033 1452 1075 iocatus.
1512 1032 1560 1073 Id
1588 1034 1652 1081 -tu,

178 1087 215 1127 si
253 1088 329 1129 ille
368 1090 495 1130 aliter
523 1092 767 1143 acceperit,
812 1104 863 1131 30
894 1090 1064 1142 debuit,
1116 1091 1263 1132 lenies.
1333 1090 1658 1131 MONETALI

177 1145 320 1186 autem
349 1146 579 1201 adscripsi,
609 1148 721 1199 quod
750 1149 828 1188 ille
856 1148 910 1188 ad
939 1160 1029 1200 me,
1059 1150 1181 1189 PRO
1216 1149 1510 1189 CONSULE.
1570 1145 1654 1187 Sed

175 1289 427 1334 mattherzige
450 1289 712 1324 Entschliisse.
738 1306 782 1315 —
831 1290 1047 1334 cei-limem,
1083 1291 1248 1324 sesteren
1272 1290 1550 1324 Entschlusses.
1591 1289 1657 1325 Sic

177 1336 289 1379 (Md.)
324 1335 417 1371 Cdd.
442 1335 580 1380 Regii,
620 1331 756 1379 Malgo
794 1336 893 1371 Crat.
926 1337 1028 1372 Vict.
1054 1337 1087 1371 1.
1114 1338 1147 1370 2.
1188 1337 1278 1371 Bos.
1316 1337 1413 1370 Lall.
1447 1336 1534 1371 Sch.
1574 1336 1655 1380 (qui

175 1389 282 1417 recte
314 1382 493 1415 restituit
511 1392 592 1415 cum
619 1381 816 1416 Gronovio
848 1383 1014 1417 Diatrz'b.
1049 1394 1084 1437 Ρ.
1108 1384 1176 1418 489
1211 1390 1247 1417 et
1275 1382 1414 1425 Hand.)
1462 1383 1656 1425 fortiorem

175 1427 272 1463 Ball.
316 1428 473 1462 Helmst.
516 1429 641 1462 Oxou.
674 1430 706 1462 1.
740 1428 775 1463 2.
818 1430 903 1464 Asc.
942 1431 1043 1464 Crat.
1085 1429 1215 1464 Lamb.
1260 1429 1396 1464 Graev.
1435 1429 1526 1464 Ern.
1558 1430 1656 1467 Liin.

178 1474 381 1509 ORELLI.
429 1475 507 1508 Zur
531 1473 652 1509 Sache
677 1475 753 1518 vgl.
781 1487 841 1521 ep.
862 1476 952 1519 375,
978 1476 1010 1510 2.
1051 1477 1141 1519 347,
1167 1477 1200 1511 4.
1305 1481 1308 1484 ’

268 1532 304 1567 4.
344 1532 533 1566 Antonius
564 1532 682 1576 venit,
732 1531 783 1567 ist
815 1534 881 1568 auf
917 1532 1058 1567 seinem
1099 1533 1306 1567 Landsitze
1336 1528 1399 1566 bei
1435 1532 1549 1567 Cuma
1591 1543 1657 1566 an-

177 1578 344 1622 gelangt.
392 1578 433 1614 S.
472 1589 532 1623 ep.
565 1579 652 1621 374,
688 1580 745 1613 10.
782 1598 827 1605 —
876 1580 1038 1623 scripsit.
1090 1580 1179 1615 vid.
1209 1591 1269 1624 ep.
1297 1581 1384 1622 376,
1416 1579 1451 1612 2.
1490 1597 1532 1603 -
1581 1579 1657 1613 nisi

175 1625 317 1659 occulte
349 1634 543 1668 paramus,
581 1624 738 1667 agimus.
777 1644 822 1650 --
880 1627 976 1661 Quid
1007 1625 1100 1659 mihi
1128 1627 1247 1659 animi
1279 1633 1375 1669 cet.,
1415 1624 1490 1659 wie
1521 1624 1658 1659 meinst

175 1671 264 1714 Du,
314 1671 399 1704 dass
435 1671 527 1713 mir,
571 1681 613 1704 so
650 1670 761 1714 lange
792 1671 866 1705 wir
896 1672 959 1705 die
1005 1671 1079 1706 See
1118 1673 1267 1716 halten,
1316 1682 1362 1705 zu
1402 1672 1534 1706 Muthe
1576 1672 1657 1706 sein

176 1716 331 1752 werde‘.l
367 1736 411 1742 --
465 1716 708 1768 ἀφράκτω,
746 1717 888 1752 Schiffe
922 1717 1018 1751 ohne
1044 1718 1236 1752 Verdeck
1286 1717 1322 1752 S.
1351 1729 1398 1762 ep
1401 1718 1656 1762 ,CXCVIIL

176 1764 213 1799 4.
262 1763 418 1807 CC,1.
458 1782 504 1788 -
560 1763 792 1807 actuariolcz,
834 1764 998 1797 kleinem
1037 1729 1398 1799 Ruderschiffchenp
1438 1764 1476 1798 S.
1504 1765 1656 1799 Ramsh.

175 1811 209 1854 ξ.
235 1810 324 1852 143,
365 1810 400 1845 2.
474 1807 540 1843 Sic
582 1807 684 1844 Vict.
720 1811 753 1843 l.
797 1816 909 1853 atque
949 1821 1067 1854 genus
1109 1811 1325 1844 lemininum
1368 1811 1657 1854 praeferendum

176 1835 377 1891 videba'tur
409 1861 485 1889 tum
517 1860 676 1898 pr·opte1
715 1856 918 1907 σξιαλογίαιι
957 1867 989 1890 v.
1021 1858 1192 1890 actuaria
1236 1856 1391 1900 (ceteris
1425 1857 1543 1900 10015,
1592 1857 1657 1891 ubi

177 1907 236 1937 est
269 1901 508 1943 actuarioliS,
548 1911 667 1944 genus
701 1901 884 1946 distingui
917 1903 1064 1945 nequit:
1070 1905 1109 1946 ),
1149 1910 1223 1936 tum
1249 1910 1409 1948 propter
1433 1903 1658 1947 scripturam

179 1954 399 1993 corruptam
442 1947 542 1981 Md*
593 1948 822 1983 actuariovma
869 1949 1009 1991 (Oxon
1044 1951 1094 1992 l.)
1147 1951 1247 1984 Man.
1302 1950 1432 1983 Lamb.
1479 1949 1582 1986 Vict.
1621 1950 1656 1984 2.

179 1994 283 2039 Seqq
260 2007 293 2039 q.
342 1993 564 2028 actuariolo.
600 1994 723 2036 Marg.
762 1994 843 2028 Md.
885 1995 1008 2028 Oxou.
1044 1996 1078 2029 2.
1122 1997 1213 2030 Α50.
1250 1997 1282 2029 l.
1330 1996 1431 2030 Crat.
1472 1997 1656 2033 actuaria.

179 2041 381 2076 ORELLI.
417 2059 460 2065 -
513 2039 718 2074 Tomebatz'us
769 2040 809 2075 S.
845 2052 905 2085 ep.
929 2042 1116 2078 CXXXV
1142 2042 1190 2075 im
1216 2042 1302 2075 Anf
1355 2042 1588 2085 CXXXVI,
1614 2044 1655 2077 ff.

178 2106 223 2112 —
257 2092 422 2120 monstra
455 2085 535 2120 scil.
570 2086 758 2120 nairabat.
797 2106 842 2112 ——
892 2088 1052 2130 Balbus,
1089 2089 1149 2122 ein
1186 2089 1374 2131 geboruer
1399 2088 1560 2132 Spanier
1585 2100 1657 2122 von

178 2133 361 2178 geringer
379 2132 579 2166 Herkunft.
615 2132 656 2167 S.
682 2143 740 2177 ep.
763 2133 1051 2167 CCCXXXIX.
1086 2113 1361 2169 CCCXLVIII.
1396 2135 1590 2170 CCCLIV.
1613 2154 1656 2161 —

178 2180 214 2214 ei
238 2180 332 2224 ipsi,
368 2178 561 2213 Trebatio.
611 2179 723 2212 Danu
747 2179 866 2213 kanns
872 2186 883 2213 t
909 2181 971 2214 Du
996 2181 1102 2214 Alles
1128 2192 1200 2215 von
1226 2180 1300 2214 ihm
1326 2181 1444 2214 selbst
1469 2181 1598 2216 horen.

271 2237 306 2271 5.
349 2236 574 2271 Vectienum.
617 2235 656 2271 S.
683 2247 741 2281 ep.
763 2237 1049 2280 CCCLXVIII,
1075 2239 1109 2273 3.
1137 2257 1182 2262 ——
1230 2238 1324 2280 quod
1348 2238 1657 2281 αἠοτόιιωςε

179 2293 336 2328 aspere,
367 2282 562 2334 praecise,
598 2288 638 2315 ut
663 2283 752 2316 mihi
779 2290 920 2318 celtum
947 2295 989 2318 ac
1014 2284 1124 2318 nimis
1149 2283 1402 2328 propinquum
1429 2284 1528 2318 diem
1554 2285 1657 2318 solu-

179 2329 296 2364 tionis
322 2328 559 2374 praefiniret.
592 2329 699 2363 SCH.
752 2329 791 2364 S.
819 2341 878 2375 ep.
897 2332 987 2374 368,
1012 2333 1046 2366 3.
1074 2349 1118 2355 —
1161 2334 1240 2365 311
1231 2330 1494 2382 μικώτεροι,
1522 2336 1658 2364 stoma-

179 2375 673 2420 011ο51115.5.οΡ.368,3
699 2386 821 2428 gegen
842 2342 965 2410 lEnde.
994 2397 1038 2401 —
1087 2363 1379 2410 MONE'TALI.
1429 2376 1562 2410 Cicero
1587 2387 1658 2421 per

180 2422 303 2457 iocum
332 2421 379 2455 ad
403 2421 630 2458 Vectienum
657 2421 958 2467 510501·1Ρ501·;31
991 2424 1049 2456 M
1081 2423 1121 2456 Τ.
1150 2423 1279 2456 Cicero
1310 2422 1480 2456 vectiano
1511 2423 1658 2457 Trium-

180 2468 264 2503 viro
290 2468 478 2503 Monetali
501 2467 563 2501 vel
590 2467 814 2512 simpliciter
843 2469 879 2502 Ῐ
879 2469 1015 2502 ectieno
1030 2469 1236 2511 Monetali,
1272 2474 1310 2502 ut
1337 2481 1381 2502 eo
1408 2480 1498 2512 quas
1482 2469 1513 2502 51
1540 2469 1658 2502 hono-

181 2513 235 2549 ris
262 2514 373 2549 titulo
405 2513 554 2548 nimiam
582 2513 662 2548 eius
694 2513 731 2547 111
764 2514 951 2558 exigenda
977 2515 1166 2548 solutione
1200 2526 1322 2549 curam
1355 2522 1392 2548 et
1417 2515 1655 2549 severitatem

182 2561 448 2604 expr.obraret
481 2559 848 2594 SCH.Triumvi1i
872 2562 1077 2595 monetales
1109 2572 1236 2594 waren
1269 2562 1331 2595 die
1357 2561 1437 2595 diei
1465 2562 1657 2595 Obervor-

183 2608 312 2641 5101101
348 2607 416 2641 der
442 2608 601 2650 Miinze,
639 2607 833 2640 monetalis
858 2608 948 2641 aber
983 2618 1063 2640 war
1087 2607 1149 2640 die
1175 2607 1399 2651 allgemeiue
1424 2606 1658 2651 Benen'nung

183 2653 291 2687 einer
316 2653 378 2688 bei
405 2653 473 2687 der
498 2654 637 2687 Miinze
664 2653 702 2687 in
726 2654 822 2688 Rom
848 2654 1093 2697 angestellten
1118 2654 1277 2688 Person.
1305 2671 1351 2679 —-·
1380 2654 1478 2688 PRO
1504 2653 1657 2697 CONS.‚

184 2711 277 2741 non,
314 2699 438 2743 quod,
473 2704 513 2733 ut
538 2699 729 2734 Corradus
755 2701 928 2744 putabat,
969 2700 1103 2734 Cicero
1137 2700 1323 2737 Vectieno
1359 2700 1451 2733 vitio
1477 2704 1656 2742 verteret,

183 2746 286 2789 quod
311 2757 385 2780 non
401 2745 529 2791 potius
547 2745 763 2791 scripsisset
786 2747 1031 2791 Imperatori,
1063 2747 1129 2781 sed
1151 2747 1253 2791 quod
1272 2746 1421 2781 omuino
1440 2746 1533 2782 nihil
1553 2744 1656 2779 aliud

170 2803 206 2826 ‘a
231 2792 419 2830 Vectieno
453 2799 719 2838 exspectaret,
757 2804 866 2838 quain
901 2799 941 2828 ut
974 2792 1026 2828 ita
1058 2793 1257 2828 scriberet:
1302 2792 1495 2828 Vectienus
1525 2792 1581 2826 Μ.
1613 2792 1655 2827 Τ.
