1795 3043
229 73 328 123 116
485 65 551 114 Μ.
587 65 643 111 Τ.
681 61 1022 112 CICERONIS
1057 50 1433 112 EPISTOLAE.

229 180 360 235 loqui.
418 179 478 221 Te
507 179 648 219 autem
677 176 964 229 contemplans
988 175 1201 217 absentem
1232 177 1275 217 et
1305 175 1427 229 quasi
1455 175 1596 219 tecum
1625 186 1694 217 eo-

230 252 323 281 ram
351 239 570 289 loquerer:

349 298 444 336 Non
474 295 641 346 edepol,
680 298 888 345 quantam
927 294 1064 345 egeris
1093 304 1183 333 rem
1213 304 1345 344 neque
1373 297 1580 344 quantum

769 349 948 396 facinus
975 348 1150 397 feceris.

231 408 352 459 Quod
381 407 484 460 quia
510 407 683 461 praeter
710 405 954 458 opinionem
984 404 1089 444 mihi
1112 404 1343 455 acciderat,
1372 403 1608 446 referebam
1627 415 1694 445 me

231 467 285 508 ad
323 465 455 507 illud:

585 519 839 560 Incredibile
868 519 944 558 hoc
965 519 1095 569 factu
1124 519 1335 559 obiicitur.

232 580 422 633 Repente
435 589 536 620 vero
553 575 706 617 incessi
724 574 917 614 omnibus
932 575 1148 616 laetitiis...
1179 576 1228 615 In
1250 586 1333 626 quo
1356 586 1484 626 quum
1502 573 1695 626 obiurga-

234 650 320 687 rer,
344 636 455 689 quod
474 635 603 675 nimio
624 631 776 686 gaudio
795 643 929 684 paene
952 632 1198 683 desiperem,
1221 632 1284 671 ita
1308 643 1374 672 me
1396 629 1691 672 defendebam:

549 694 647 745 Ego
678 692 937 741 voluptatem
969 692 1106 729 animi
1131 693 1376 730 nimiam...

183 764 211 804 3
235 751 344 800 Quid
374 748 568 802 quaeris?
599 747 695 786 dum
724 745 847 786 illum
877 745 1008 793 rideo,
1039 758 1174 798 paene
1204 757 1295 785 sum
1311 747 1446 786 factus
1466 745 1554 786 ille.
1609 744 1693 785 Sed

233 811 340 850 haee
373 805 568 859 pluribus
607 804 823 854 multaque
853 803 938 842 alia
969 804 1010 842 et
1040 803 1091 842 de
1120 805 1161 842 te
1192 806 1234 842 et
1263 803 1311 842 ad
1345 805 1406 851 te,
1447 815 1576 854 quum
1605 802 1692 853 pri-

233 877 350 906 mum
368 876 440 904 ero
460 861 619 913 aliquid
638 862 786 901 nactus
807 859 894 899 otii.
934 861 994 899 Te
1022 872 1137 905 vero,
1170 861 1227 899 mi
1246 859 1369 911 Rufe,
1393 860 1537 913 diligo,
1568 871 1693 911 quem

233 923 339 964 mihi
368 922 538 962 fortuna
569 918 684 958 dedit
713 916 1059 969 amplificatorem
1089 916 1306 969 dignitatis
1335 929 1472 964 meae,
1509 918 1692 956 ultorem

233 993 318 1021 non
339 977 461 1018 modo
482 976 768 1026 inimicorum,
797 973 870 1014 sed
900 973 1024 1014 etiam
1054 974 1293 1014 invidorum
1316 969 1523 1014 meor'um:
1555 974 1602 1013 ut
1622 985 1693 1013 eos

233 1037 389 1091 partim
410 1035 618 1076 scelerum
636 1044 820 1078 suorum,
852 1031 1006 1082 partim
1023 1031 1148 1071 etiam
1169 1031 1425 1083 ineptiarum
1444 1030 1695 1085 poeniteret.

398 1158 712 1207 ErnsTOLA
748 1157 968 1203 ccxxv.
1005 1157 1086 1216 (ad
1122 1157 1225 1202 niv.
1262 1156 1385 1202 v111.
1424 1157 1527 1213 10.)

385 1238 467 1272 Ser.
491 1236 633 1269 Romae
659 1234 770 1269 XIV.
796 1233 879 1267 Kal.
905 1234 1001 1267 Dec.
1026 1235 1071 1268 Λ.
1098 1233 1141 1267 U.
1167 1234 1208 1267 C.
1235 1235 1311 1268 7⁰3.
1337 1235 1383 1276 (a.
1410 1233 1451 1268 C.
1472 1233 1545 1275 51.)

232 1294 375 1331 Scribit
401 1294 448 1327 de
473 1292 641 1327 Parthici
666 1290 757 1324 belli
783 1290 1005 1324 rumoribus.
1032 1291 1154 1324 1—2.
1179 1291 1226 1323 (le
1241 1289 1449 1335 provinciis
1474 1289 1564 1333 quid
1588 1295 1692 1333 putet

230 1350 351 1377 actum
377 1340 425 1375 iri
451 1346 487 1374 et
511 1339 559 1373 de
589 1337 798 1372 actionibus
825 1336 1011 1370 Curionis.
1044 1338 1168 1371 3—4.
1196 1336 1243 1369 de
1268 1347 1336 1370 suo
1363 1335 1505 1380 studio,
1531 1346 1578 1370 ne
1603 1346 1690 1380 pro-

641 1383 764 1419 vincia
789 1383 964 1416 Ciceroni
988 1390 1225 1427 prorogetur.
1252 1383 1285 1417 5.

692 1451 909 1486 CAELIUS
936 1451 1182 1486 CICERONI
1208 1451 1246 1486 S.

343 1525 583 1574 Sanequam
624 1522 762 1563 literis
791 1522 834 1562 C.
861 1521 992 1562 Cassii
1022 1524 1062 1562 et
1089 1521 1280 1562 Deiotari
1308 1534 1449 1562 sumus
1478 1519 1690 1562 commoti.

228 1650 302 1684 wie
329 1648 388 1681 ich
415 1646 513 1680 mich
539 1644 719 1688 geberdet
744 1644 852 1687 habe,
878 1644 934 1678 als
958 1643 1020 1678 ich
1046 1644 1107 1677 die
1122 1644 1541 1679 Nachrichterhielt.-—
1567 1645 1689 1688 loque-

229 1707 312 1729 rer:
340 1704 419 1736 erg.
446 1691 669 1726 exclamavi:
696 1691 782 1724 Non
806 1691 942 1734 edepol.
971 1690 1053 1724 scil.
1079 1691 1298 1725 describere
1322 1693 1381 1726 vel
1408 1691 1533 1725 verbis
1560 1690 1689 1735 expri-

228 1752 331 1775 mere
356 1740 477 1781 valeo,
504 1742 673 1782 quantam
701 1745 769 1770 cet.
798 1737 932 1770 Cicero
963 1736 1120 1770 iocatur.
1155 1738 1228 1771 Ein
1254 1739 1455 1774 Vel-§chen
1485 1749 1550 1771 aus
1583 1737 1689 1771 einer

228 1788 455 1822 verlorenen
475 1784 654 1818 Combdie
686 1783 752 1816 des
778 1783 965 1816 Caecilius
990 1782 1146 1827 Statius,
1173 1784 1235 1817 ein
1261 1784 1376 1817 lamb.
1404 1790 1628 1818 tetrameter.
1645 1802 1687 1806 —

228 1835 278 1867 ad
313 1833 409 1866 illud
443 1830 609 1863 ciusdem
643 1834 786 1873 poetae.
811 1847 855 1852 —-
896 1830 1007 1870 factu.
1040 1830 1127 1863 Asc.
1157 1832 1188 1863 1.
1226 1831 1447 1874 Marti-Lag.
1482 1830 1569 1864 sch.
1595 1830 1686 1863 Liin.

228 1882 364 1922 factum
391 1883 520 1911 contra
544 1876 621 1909 Md.
651 1876 712 1908 Or.
740 1874 805 1908 das
831 1874 1037 1909 Strichlein
1071 1876 1163 1909 iiber
1189 1876 1273 1910 dem
1304 1888 1328 1909 u
1361 1876 1411 1910 im
1444 1876 1522 1910 Md.
1554 1887 1687 1918 ausge-

227 1927 418 1959 lassen.—-
443 1922 608 1956 omnibns
632 1921 796 1954 laetitiis.
812 1922 1033 1964 Mart.-Lag.
1053 1920 1138 1956 Sch.
1157 1923 1269 1965 stigen
1291 1934 1356 1956 ἕως
1376 1923 1422 1956 de
1440 1922 1652 1962 Finibb.II,
1665 1922 1687 1955 4

227 1973 344 2005 laetus
375 1970 499 2002 hinzu.
535 1968 662 2011 „mich
695 1968 790 2001 aller
814 1968 963 2001 Frende
988 1968 1270 2002 uberlassend.⁷⁷
1303 1969 1391 2003 Man
1418 1968 1596 2002 bemerke
1621 1968 1687 2002 das

226 2016 482 2052 Mahlerische
508 2014 544 2047 in
570 2014 703 2047 incessi
733 2020 779 2047 st.
813 2014 881 2055 fui.
919 2014 1010 2057 Vgl.
1037 2014 1176 2057 Vix-gil.
1203 2016 1297 2049 Aen.
1319 2017 1352 2058 1,
1370 2015 1432 2049 46:
1467 2016 1566 2058 „Ast
1598 2025 1684 2057 ego,

227 2074 322 2108 quae
349 2062 471 2095 divom
498 2060 624 2093 incedo
658 2060 787 2102 regina
810 2060 988 2104 Iovisque
1013 2060 1061 2094 Et
1093 2071 1202 2094 soror
1235 2067 1271 2094 et
1301 2061 1476 2095 coniux.”
1509 2061 1684 2104 Propert.

226 2111 279 2153 Π,
301 2110 337 2151 2,
359 2110 397 2142 6:
434 2107 598 2149 „incedit
624 2106 683 2140 vel
709 2106 800 2139 Iove
825 2106 939 2149 digna
962 2108 1104 2140 soror.''
1142 2107 1219 2140 Die
1243 2108 1501 2141 scherzhaften
1526 2106 1688 2151 Anspie-

225 2157 368 2198 lungen
400 2154 465 2186 aut*
493 2153 555 2186 die
587 2152 670 2185 drei
702 2153 1010 2186 verstiimmelten
1037 2153 1161 2188 Verse
1194 2153 1348 2187 wiirden
1380 2154 1444 2186 auf
1472 2153 1544 2186 den
1568 2154 1688 2186 Leser

225 2202 339 2236 einen
363 2200 539 2243 griissern
564 2198 761 2231 Eindruck
784 2199 958 2241 macheu,
990 2209 1097 2232 wenn
1129 2198 1191 2231 die
1217 2199 1400 2233 Combdie
1431 2199 1498 2233 des
1521 2198 1686 2233 Cacilius

224 2248 322 2282 noch
349 2257 417 2280 vor
442 2244 516 2277 ihm
542 2244 626 2287 liige
652 2244 726 2278 und
753 2255 794 2277 er
818 2245 884 2278 mit
908 2245 1042 2278 Hirrus
1080 2244 1154 2278 und
1179 2245 1316 2278 dessen
1342 2245 1559 2290 Sippschaft
1590 2245 1684 2279 eben

224 2305 267 2329 So
294 2292 456 2327 bekannt
474 2291 587 2332 wiire,
610 2290 668 2324 als
693 2290 825 2324 Cicero
860 2291 934 2324 und
959 2290 1156 2325 Ciilius.·-
1187 2301 1255 2332 ego
1280 2292 1352 2325 vol.
1378 2293 1494 2325 anz'mz'
1517 2292 1682 2334 nimiam,
1705 2335 1710 2338 1

222 2340 286 2374 ich
313 2335 590 2379 entschuldigte
621 2336 719 2369 mich
746 2337 849 2369 bloss
874 2337 941 2370 mit
965 2337 1032 2370 der
1055 2336 1518 2379 Ueberschw‘finglichkeit
1540 2337 1683 2371 melnes

222 2384 475 2420 Entziickens.
514 2382 617 2424 „Ein
637 2382 873 2415 Bruchstiick
904 2382 1008 2416 eines
1029 2383 1172 2418 Verses
1205 2395 1289 2418 vom
1313 2384 1498 2418 Komiker
1524 2384 1679 2427 Trabea,

222 2432 289 2465 das
314 2427 587 2470 vollstiindiger
611 2428 712 2461 citirt
733 2428 830 2461 wird
841 2428 994 2462 Tuscul.
1020 2428 1280 2473 Disp.1V,15,
1297 2432 1342 2465 35
1362 2442 1396 2464 u.
1414 2431 1460 2463 de
1470 2430 1678 2473 Finibb.II‚

220 2480 256 2521 4,
281 2479 334 2511 13.
367 2476 494 2509 Ueber
508 2473 654 2507 Trabea
678 2485 707 2507 S.
726 2473 846 2518 Sedig
875 2474 974 2519 apud
1000 2474 1165 2509 Gellium
1182 2476 1276 2519 XV,
1296 2477 1353 2511 24.
1370 2495 1414 2502 —-
1451 2477 1544 2512 Quid
1573 2486 1681 2519 quae-

219 2524 302 2558 ris?
331 2523 439 2555 kurZ.
465 2539 509 2544 —

309 2571 343 2604 3.
370 2578 476 2611 quum
490 2566 664 2610 primum,
690 2565 768 2599 Md.
789 2565 891 2602 Vict.
905 2567 936 2599 l.
963 2577 1071 2610 quam
1089 2567 1320 2611 primzcm.—
1345 2568 1552 2612 amplificat.
1573 2567 1675 2610 dign.

219 2626 329 2650 meae.
368 2614 406 2648 S.
434 2614 538 2647 Brut.
560 2614 602 2647 79
628 2623 662 2644 u.
683 2613 738 2646 86.

628 2667 857 2702 CAELIUS.
890 2667 928 2702 S.
954 2679 999 2703 zu
1027 2680 1083 2714 ep.
1110 2670 1262 2704 CXCII.

1768 1312 1774 1351 :—
1767 1157 1776 1303 »ωε-ψ--

308 2729 337 2761 1.
367 2725 719 2763 SANEQUAM=
733 2725 940 2769 unleugbar
956 2726 1056 2771 sehr,
1087 2727 1286 2763 S.Ramsh.
1315 2728 1342 2770 §.
1356 2729 1434 2763 203.
1453 2728 1527 2770 IV,
1546 2726 1580 2770 2,
1595 2738 1679 2760 3,-
1699 2740 1709 2748 ,
1730 2767 1731 2770 Ἴ
1784 2735 1794 2751 ⁴»
