1795 3043
253 102 354 155 374
522 99 587 146 Μ.
623 98 679 144 Τ.
717 96 1054 146 CICERONIS
1088 96 1459 144 EPISTOLAE.

253 211 424 263 scripsit
441 210 633 252 consules
654 210 798 263 Capua
815 210 1071 252 discessisse.
1120 208 1214 251 Non
1236 208 1400 258 dubito,
1432 210 1534 263 quin
1551 210 1714 252 Gnaeus
1735 183 1740 235 ζ

255 269 299 309 in
330 271 433 366 fugi)
457 268 535 317 sit3
565 267 690 309 modo
719 266 902 323 effugiat.
958 270 996 311 A
1025 267 1206 309 consilio
1232 266 1436 321 fugiendi,
1468 269 1515 308 ut
1543 268 1590 309 tu
1619 279 1714 309 cen-

254 339 344 375 ses,
381 339 406 365 a
438 337 542 366 sum.

411 452 727 499 EPISTOLA
762 451 1030 499 CCCXXII.
1076 451 1158 511 (ad
1193 451 1285 497 Att.
1318 451 1423 497 VII.
1459 452 1563 510 25.)

304 527 386 564 Ser.
415 529 452 565 in
476 528 676 566 Formiano
701 540 734 564 a.
761 529 798 564 d.
825 529 896 564 111.
922 530 979 565 Id.
1002 529 1112 564 Febr.
1138 529 1186 563 A.
1211 528 1255 564 U.
1281 528 1323 564 C.
1347 528 1426 563 705.
1460 531 1508 572 (a.
1535 528 1575 563 C.
1601 528 1674 570 49.)

543 598 606 634 De
628 598 851 634 laetioribus
875 597 1035 641 nuntiis,
1065 608 1135 633 nec
1159 603 1281 633 tamen
1305 596 1432 632 certis.

748 667 936 703 CICERO
968 667 1159 702 ATTICO
1197 668 1236 703 S.

372 726 512 775 Quum
542 724 747 767 dedissem
776 726 831 767 ad
860 729 903 767 te
931 727 1077 767 literas
1104 727 1244 768 tristes
1281 728 1324 767 et
1350 728 1490 768 metuo
1520 737 1574 766 ne
1600 736 1722 765 veras
1788 733 1789 742 ¹

260 779 312 821 de
341 781 533 824 Lucretii
561 783 615 824 ad
647 783 834 824 Cassium
864 784 1002 824 literis
1025 783 1167 835 Capua
1195 784 1343 833 missis,
1373 783 1576 836 Cephalio
1606 782 1722 823 venit

261 852 286 879 a
315 839 448 887 vobis,
482 841 625 881 attulit
654 842 780 881 etiam
811 855 837 882 a
866 842 908 880 te
937 841 1082 881 literas
1112 841 1348 894 hilariores,
1377 854 1456 881 nec
1486 842 1625 880 tamen
1655 837 1724 879 fir-

261 908 364 943 mas,
395 899 442 937 ut
470 898 593 938 soles.
655 897 806 939 Omnia
835 899 1004 939 facilius
1033 898 1206 939 credere
1241 910 1422 951 possum,
1455 910 1581 948 quam
1610 895 1724 948 quod

262 954 476 1001 scribitis,
515 955 764 1008 Pompeium
796 955 1029 996 exercitum
1058 954 1232 997 habere.
1301 954 1434 995 Nemo
1463 956 1549 995 huc
1577 955 1637 994 ita
1666 955 1724 993 af·

263 1011 365 1058 sert,
397 1011 645 1063 omniaque,
675 1025 785 1064 quae
814 1012 958 1053 nolim.
1017 1012 1051 1053 O
1084 1025 1173 1053 rem
1189 1012 1405 1053 miseram!
1464 1012 1598 1052 Malas
1629 1023 1725 1052 cau·

263 1080 330 1107 sas
359 1080 526 1120 semper
553 1068 753 1117 obtinuit,
784 1070 828 1110 in
854 1071 1013 1122 optima
1041 1069 1240 1110 concidit.
1299 1067 1410 1117 Quid
1440 1067 1603 1109 dicam?
1642 1066 1726 1108 nisi

262 1124 371 1165 illud
403 1138 497 1165 eum
527 1126 676 1175 scisse3
722 1139 860 1177 neque
898 1127 1009 1166 enim
1040 1129 1132 1167 erat
1170 1125 1371 1174 difficile3
1410 1126 1492 1166 hoc
1531 1126 1727 1166 nescisse.

264 1181 372 1222 Erat
401 1183 515 1222 enim
545 1195 614 1223 ars
651 1183 843 1224 difficilis
882 1185 998 1224 recte
1037 1196 1125 1224 rem
1161 1182 1376 1235 publicam
1412 1194 1573 1235 regere.
1645 1180 1728 1223 Sed

265 1238 350 1278 iam
379 1238 545 1291 iamque
574 1240 715 1280 omnia
743 1241 922 1281 sciemus
953 1242 994 1281 et
1022 1240 1254 1281 scribemus
1283 1240 1336 1280 ad
1365 1242 1408 1279 te
1435 1240 1586 1281 statim.

412 1387 728 1434 EPlSTOLA
765 1388 1061 1435 cccxxm.
1108 1388 1188 1447 (ad
1224 1389 1313 1435 Aa.
1352 1388 1457 1434 vn.
1484 1389 1585 1446 26.)

506 1463 589 1500 Ser.
617 1464 716 1499 circa
740 1465 797 1499 Id.
824 1466 934 1500 Febr.
962 1467 1005 1500 A.
1031 1465 1077 1499 U.
1104 1465 1144 1499 C.
1170 1466 1248 1500 705.
1282 1465 1333 1508 (a.
1359 1466 1400 1500 C.
1427 1466 1501 1506 49.)

268 1520 411 1556 Scribit
435 1532 476 1555 se
500 1521 719 1556 melioribus
744 1523 790 1556 de
815 1535 856 1557 re
873 1523 1025 1567 publica
1049 1523 1189 1557 nuntiis
1215 1529 1437 1566 recreatuin3
1471 1533 1620 1557 suorum
1646 1534 1733 1557 con-

314 1567 485 1602 siliorum
511 1568 692 1605 rationem
719 1568 907 1612 defendit;
949 1576 1145 1614 praeterea
1171 1569 1217 1603 de
1243 1569 1433 1615 Dionysio
1459 1581 1500 1605 se
1526 1570 1686 1604 nondum

712 1615 952 1649 constituisse
979 1616 1131 1649 nuntiat.
1170 1617 1288 1650 1—3.

766 1683 953 1719 CICERO
985 1684 1179 1719 ATTICO
1205 1684 1242 1720 S.

383 1740 478 1783 Non
507 1742 625 1783 venit
653 1742 764 1784 idem
794 1756 872 1784 usu
901 1744 1020 1791 mihi,
1052 1743 1163 1795 quod
1192 1746 1238 1784 tu
1264 1743 1344 1783 tibi
1373 1743 1544 1783 scribis:
1575 1746 1737 1797 quotics

272 1799 475 1857 exorior-l
522 1800 614 1853 Ego
644 1801 756 1841 enim
785 1813 901 1841 nunc
930 1802 1121 1853 paullum
1151 1800 1333 1849 exorior,
1367 1802 1409 1841 et
1437 1801 1616 1841 maxime
1646 1801 1737 1852 qui·

275 1922 438 2004 “miil—
493 1921 664 1966 fugiendi
692 1934 775 1957 cum
808 1923 1004 1969 Pompeio,
1037 1941 1079 1948 -·
1141 1927 1180 1956 ue
1203 1926 1241 1956 tu
1266 1933 1404 1966 censes,
1448 1921 1593 1957 deinem
1618 1922 1740 1957 Rathe
1780 1934 1784 1955 ;

274 1981 320 2004 zu
379 1979 478 2013 oge.

367 2017 399 2051 1.
445 2019 564 2049 metuo
596 2026 639 2050 ne
674 2026 780 2049 veras
809 2015 996 2054 dederim,
1046 2015 1137 2050 aber
1170 2014 1246 2049 wie
1281 2014 1341 2049 ich
1374 2015 1544 2054 fiirchte,
1593 2025 1665 2048 nur
1693 2025 1736 2048 zu
1781 2041 1784 2046 .

276 2061 426 2096 wahren
452 2061 571 2096 Brief.
597 2079 644 2088 -
687 2063 731 2096 de
755 2063 903 2097 Luci-et.
929 2062 1061 2096 literis.
1095 2062 1134 2097 S.
1161 2061 1197 2096 d.
1225 2061 1345 2105 vorig.
1364 2061 1483 2096 Brief.
1509 2080 1552 2086 —
1602 2060 1740 2105 Cepha-
1781 2079 1784 2086 ·

277 2109 344 2152 lio,
378 2107 464 2142 dein
491 2108 641 2143 Sklave.
670 2128 713 2133 —
762 2120 784 2143 α
809 2109 922 2142 vobis.
958 2111 1044 2143 Asc.
1072 2110 1104 2142 1.
1137 2108 1235 2142 Crat.
1269 2109 1317 2141 ad
1342 2118 1416 2140 ηοε.
1443 2125 1487 2131 —-
1534 2117 1597 2140 nec
1622 2111 1741 2140 tamen
1781 2120 1785 2129 >

277 2157 425 2198 firmas,
457 2159 497 2188 ut
521 2155 616 2190 soles
641 2155 749 2198 dare,
776 2155 965 2198 scribere,
1005 2155 1074 2189 der
1098 2154 1188 2188 aber
1212 2152 1334 2187 wider
1358 2152 1469 2186 deine
1491 2152 1742 2186 Gewohnheit

278 2201 410 2236 Nichts
430 2208 591 2245 aussagt‚
617 2202 765 2236 worauf
786 2213 867 2236 man
895 2202 1021 2235 sussen
1046 2201 1196 2234 konnte.
1214 2217 1258 2223 -—-
1289 2199 1529 2241 huc..affert‚
1558 2199 1742 2233 berichtet
1794 2242 1795 2245 Ἴ

281 2249 346 2281 das
371 2247 514 2282 hieher.
540 2266 586 2273 —
633 2249 862 2293 omniaque,
895 2259 954 2281 wo
981 2258 1046 2292 que
1070 2247 1161 2281 nach
1187 2246 1301 2280 Nemo
1326 2257 1372 2278 Ξ
1396 2245 1480 2287 sed,
1508 2244 1581 2278 imo
1609 2245 1742 2288 omnia,
1783 2265 1787 2277 ,

280 2305 376 2337 quae
409 2293 525 2327 nolim
562 2293 614 2328 ita
645 2305 740 2329 esse.
773 2313 818 2319 —
872 2294 1045 2336 obtinuit,
1090 2292 1127 2327 in
1159 2293 1373 2326 schlechten
1406 2290 1550 2325 Sachen
1593 2302 1671 2325 war
1702 2302 1743 2325 er
1780 2300 1786 2321 ³

281 2341 412 2375 immor
435 2340 646 2385 gliicklich;
678 2341 717 2374 in
742 2342 879 2385 optima
905 2351 1015 2375 causa
1038 2337 1216 2380 concidit,
1240 2338 1331 2372 ietzt
1347 2337 1384 2371 in
1399 2338 1468 2372 der
1483 2337 1744 2372 bestenSache
1782 2347 1795 2387 ’ἵ

282 2386 383 2422 sinkt
407 2397 448 2420 er
474 2397 518 2420 zu
533 2387 684 2427 Boden3
711 2386 914 2430 unterliegt
939 2398 992 2420 er.
1018 2405 1062 2411 -
1109 2384 1204 2418 illud
1228 2395 1309 2418 eum
1331 2384 1442 2418 scisse
1467 2384 1548 2419 scil.
1566 2384 1606 2420 τὸ
1630 2384 1744 2418 malas

282 2443 411 2468 causas
437 2432 629 2475 obtinere;
664 2433 730 2466 hoc
754 2434 930 2475 nescisse,
956 2432 995 2467 τὸ
1021 2431 1195 2476 optimam
1221 2441 1365 2465 causam
1393 2430 1606 2465 defendere.
1633 2430 1741 2465 SCH.

283 2499 328 2505 —
366 2489 511 2522 regere.
542 2480 641 2513 Ball.
687 2489 836 2522 gerere,
870 2479 978 2524 prob.
1006 2477 1181 2512 Graevio.

377 2528 408 2561 1.
441 2526 525 2561 Νοη
550 2526 645 2560 venit
671 2531 762 2566 cen,
789 2526 867 2559 Das
892 2523 1111 2559 widerfahrt
1134 2522 1204 2557 mir
1229 2522 1278 2557 im
1294 2522 1422 2556 Leben
1449 2522 1549 2556 nicht
1575 2521 1641 2560 oft,
1666 2531 1745 2555 was

286 2573 347 2607 Du
373 2584 445 2606 von
471 2573 545 2607 Dir
568 2578 681 2616 sagst.
709 2571 776 2605 tibi
800 2571 883 2605 scil.
900 2581 967 2605 usu
984 2569 1123 2604 venire.
1150 2589 1193 2594 —
1240 2569 1379 2612 quoties
1403 2569 1574 2611 exorior,
1600 2565 1674 2601 wie
1691 2567 1746 2601 oft
1778 2579 1790 2589 -·

286 2619 414 2653 erheb'
438 2619 500 2653 ich
524 2618 619 2653 mich
645 2618 798 2652 wieder.
835 2617 992 2652 Sensus:
1025 2627 1125 2655 „non
1150 2626 1300 2661 possum
1325 2615 1372 2648 de
1396 2626 1453 2648 me
1479 2614 1618 2657 dicere,
1644 2614 1747 2656 quod

288 2672 325 2699 tu
360 2666 407 2700 de
439 2673 474 2699 te
506 2665 656 2699 scribis:
701 2663 848 2699 Quoties
877 2663 1048 2697 exorior!
1089 2661 1113 2696 i.
1147 2674 1179 2696 e.
1223 2661 1370 2705 quoties
1401 2661 1445 2695 ad
1480 2671 1581 2705 spem
1616 2660 1746 2693 melio·
1792 2687 1795 2689 .

288 2723 363 2746 rem
391 2711 559 2755 erigorP'
594 2712 702 2746 Nunc
731 2710 874 2744 demum
909 2720 980 2752 ego
1013 2708 1180 2753 paullum
1210 2714 1400 2741 recreatus
1424 2718 1513 2741 sum.
1549 2706 1743 2740 ORELLI.
1783 2700 1795 2788 1

287 2776 331 2784 -·
379 2759 527 2793 exorior
569 2759 594 2793 i.
627 2769 659 2792 e.
696 2768 717 2791 a
754 2763 851 2791 metu
889 2755 1068 2790 adversae
1101 2754 1272 2789 fortunae
1308 2754 1474 2799 paullum
1508 2751 1667 2797 respiro.
1704 2771 1745 2777 -
1780 2764 1782 2776 ÷
