1795 3043
201 77 301 126 548
453 77 518 122 M.
555 78 612 124 T.
651 77 994 125 CICERONIS
1028 78 1399 126 EPISTOLAE.
1751 0 1755 158 ι

150 184 181 225 6
203 185 315 227 inter
343 186 515 229 lictores
532 189 686 230 lectica
702 191 829 231 mima
857 192 1064 243 portatur.
1122 191 1209 243 Tu,
1239 191 1438 242 quoniam
1455 192 1663 243 quartana
1753 163 1756 289 Κ

202 255 324 284 cares
333 273 346 292 ‚
378 246 420 284 et
447 257 603 286 novum
631 246 823 288 morbum
852 248 1091 300 removisti,
1127 248 1200 288 sed
1223 249 1352 289 etiam
1382 249 1663 301 gravedinem,

201 300 247 340 te
286 303 480 354 vegetum
515 302 637 344 nobis
676 304 723 344 in
762 304 944 346 Graecia
978 305 1101 355 siste3
1160 306 1203 345 et
1241 305 1460 346 literarum
1503 306 1663 358 aliquid

203 357 379 399 interea.
1756 345 1758 434 Σ

333 507 651 555 EPISTOLA
686 509 1057 558 CCCLXXXIII.
1103 511 1185 571 (ad
1219 512 1312 559 Att.
1349 514 1406 559 X.
1439 512 1540 571 17.)

208 591 293 630 Ser.
316 592 358 629 in
379 595 544 632 Cumano
569 596 821 642 (Pompeiano
833 598 951 687 (8015.
961 599 1136 688 >433V1L
1161 599 1248 635 Kal.
1273 600 1356 636 Iun.
1379 600 1424 634 A.
1448 599 1495 635 U.
1521 599 1564 634 C.
1589 598 1669 634 705.

849 654 882 678 a.
941 670 949 679 .
1022 671 1030 678 .

207 706 450 745 Hortensium
470 716 508 747 et
519 709 763 756 Serapionem
779 710 928 746 venisse
952 712 1147 757 significat.
1174 715 1207 749 1.
1238 712 1521 760 Lippitudinem
1535 711 1670 746 crebro

208 753 398 793 refricare.
429 757 464 794 2.
513 757 790 800 aequinoctium
815 769 856 793 se
881 758 1030 793 morari.
1063 761 1097 795 3.
1130 759 1292 804 denique
1317 772 1358 796 se
1383 764 1518 806 purgat
1543 758 1591 792 ob
1616 757 1669 801 id,

511 803 615 848 quod
639 804 687 838 de
713 804 827 839 Attici
853 804 1058 849 diplomate
1082 806 1299 851 scripserat.
1330 807 1364 842 4.

703 873 892 908 CICERO
918 874 1113 909 ATTICO
1148 873 1189 909 S.

321 928 439 973 Prid.
476 929 576 972 Idus
620 930 873 973 Hortensius
912 932 967 973 ad
995 945 1063 973 me
1097 933 1238 981 venit,
1287 931 1446 985 scripta
1476 930 1669 983 epistola.

210 983 374 1025 Vellem
407 988 550 1028 cetera
591 987 696 1031 eius.
756 989 890 1038 Quam
927 990 973 1030 in
1013 1002 1082 1030 me
1119 988 1413 1031 incredibilem
1442 990 1671 1028 ἐκτένειαν]

210 1052 295 1094 qua
322 1041 487 1093 quidem
517 1045 657 1098 cogito
686 1046 762 1086 uti.
821 1046 984 1088 Deinde
1004 1048 1212 1099 Serapion
1241 1059 1338 1087 cum
1368 1045 1547 1098 epistola
1574 1046 1672 1086 tua:

209 1109 337 1150 quam
365 1099 607 1150 priusquam
638 1102 918 1156 aperuissem,
966 1103 1054 1144 dixi
1082 1105 1123 1144 ei
1161 1105 1203 1144 te
1233 1103 1285 1144 ad
1316 1116 1382 1144 me
1410 1103 1462 1143 de
1492 1115 1542 1143 eo
1570 1103 1672 1143 scri-

209 1155 344 1206 PSiSSe
373 1155 518 1207 antea,
564 1159 613 1200 ut
640 1159 818 1202 feceras.
877 1161 1063 1212 Deinde,
1103 1161 1284 1213 epistola
1312 1161 1448 1212 lecta,
1489 1160 1673 1199 cumula-

209 1209 372 1251 tissime
401 1213 569 1251 cetera:
610 1217 649 1250 et
677 1217 855 1257 hercule
884 1217 1099 1257 hominem
1128 1217 1280 1269 probo:
1320 1229 1419 1257 nam
1442 1218 1483 1257 et
1502 1217 1672 1256 doctum

211 1268 255 1307 et
284 1267 464 1319 Probum
494 1266 699 1307 existimo·
756 1273 867 1322 Quin
898 1274 1023 1314 etiam
1052 1275 1152 1314 navi
1172 1274 1262 1313 eius
1290 1286 1356 1313 me
1385 1275 1426 1313 et
1456 1273 1546 1326 ipso
1577 1285 1674 1314 eon-

300 1390 336 1425 6.
369 1393 563 1434 quartana.
609 1388 649 1424 S.
676 1400 735 1434 ep.
757 1389 850 1433 382,
877 1397 913 1431 4.
955 1413 997 1418 -
1046 1404 1178 1427 novum
1209 1393 1324 1427 morb.
1359 1392 1559 1427 removisti.
1610 1390 1676 1427 Sic

210 1433 290 1469 Md.
324 1435 390 1470 cd.
420 1436 603 1471 Tornaes.
636 1441 731 1469 teste
754 1437 884 1471 Lamb.
923 1440 999 1474 Alii
1031 1439 1123 1474 Cdd.
1157 1439 1292 1482 Margo
1324 1439 1421 1473 Crat.
1456 1438 1554 1474 Vict.
1580 1439 1613 1474 l.
1640 1438 1676 1473 2.

210 1480 350 1524 Recte3
394 1481 583 1526 significat
612 1492 726 1515 novas
756 1484 971 1518 tentationes
1003 1487 1070 1529 Ep.
1087 1496 1158 1529 seq.
1194 1486 1275 1519 scil.
1309 1486 1508 1532 ὃυσουρίαν
1538 1484 1601 1528 Ep.
1620 1485 1674 1518 10.

210 1527 281 1561 Est
305 1527 423 1571 igitur
447 1528 509 1562 hic
532 1528 639 1562 locus
663 1538 757 1562 unus
783 1528 830 1561 de
855 1529 920 1572 iis,
947 1530 1010 1564 ubi
1036 1540 1106 1564 non
1120 1532 1225 1565 modo
1250 1531 1311 1565 vel
1336 1530 1554 1564 aCicerone
1577 1530 1675 1575 ipso,

210 1573 293 1616 vel,
327 1585 437 1618 quum
462 1585 532 1619 per
557 1574 814 1617 compendium
841 1576 954 1608 scribi
981 1583 1152 1621 coeptum
1177 1583 1300 1620 esset,
1326 1588 1347 1610 a
1371 1576 1538 1610 librariis
1564 1576 1677 1610 omis-

210 1629 293 1653 sum
318 1625 376 1653 est
399 1625 485 1653 ante
510 1632 545 1654 v.
562 1621 626 1654 sed
638 1620 768 1661 etiam3
795 1620 842 1653 de
867 1632 940 1663 quo
966 1632 1105 1664 genere
1132 1622 1313 1657 Garatom·
1337 1623 1385 1656 ad
1400 1622 1561 1666 Philipp.
1581 1623 1624 1656 T.
1643 1623 1676 1657 2.

210 1675 251 1711 p.
270 1666 351 1700 491.
401 1667 450 1700 ad
474 1667 577 1700 Fam.
604 1668 667 1709 13,
699 1667 767 1710 64,
799 1666 832 1700 2.
884 1668 932 1700 ad
956 1668 1069 1701 Atlz'c.
1095 1670 1136 1709 9,
1170 1670 1225 1702 13.
1274 1670 1322 1701 ad
1348 1670 1386 1704 Q.
1412 1669 1477 1703 Fr.
1503 1671 1535 1702 1.
1567 1669 1594 1713 §.
1616 1669 1674 1702 44.

211 1714 246 1744 et
275 1712 405 1745 nedum
435 1725 482 1747 m.
521 1712 613 1747 Cod.
647 1713 804 1746 Decurt.
838 1712 1018 1747 Tornaes.
1056 1719 1151 1747 teste
1180 1713 1308 1747 Bosio.
1348 1714 1469 1747 Oxou.
1501 1715 1536 1748 2.
1582 1715 1676 1748 Cdd.

212 1757 372 1802 Malasp.
407 1759 554 1792 Memm.
587 1759 674 1793 Asc.
698 1761 729 1792 l.
759 1759 859 1793 Crat.
892 1759 981 1792 Bos.
1017 1759 1153 1793 GraeV.
1187 1760 1276 1794 Ern.
1305 1759 1391 1794 Sch.
1418 1759 1532 1799 L'un.;
1575 1761 1677 1804 quod

212 1804 283 1837 etsi
309 1804 589 1838 excusationem
614 1805 726 1839 habet
756 1804 794 1839 in
820 1805 930 1838 Balbi
955 1807 1020 1849 Ep.
1046 1805 1132 1839 Lib.
1154 1805 1199 1849 9,
1225 1808 1256 1840 7.
1282 1805 1352 1847 Α.,
1391 1806 1677 1841 ciceronianum

211 1855 335 1883 tamen
367 1861 440 1883 non
472 1857 539 1885 est.
589 1855 623 1884 et
648 1862 718 1885 non
742 1853 848 1886 modo
874 1863 920 1884 m.
949 1852 1088 1893 (Oxon.
1115 1852 1176 1894 12)
1208 1853 1308 1886 Man.
1344 1852 1472 1885 Lamb.
1499 1851 1598 1886 Oliv.
1642 1856 1678 1887 ee

212 1906 286 1929 non
316 1897 422 1929 modo
453 1900 608 1930 veterem
639 1898 803 1931 morbum
829 1909 861 1930 r.
907 1898 1040 1941 Margo
1075 1898 1175 1932 1584.
1218 1898 1415 1931 ORELLI.
1464 1897 1501 1932 S.
1528 1899 1678 1934 Ramsh.

212 1943 245 1984 §.
267 1943 354 1985 181,
379 1942 433 1985 Β,
461 1944 492 1977 l.
525 1943 570 1977 N.
596 1943 629 1976 b.
655 1962 697 1967 —
734 1944 991 1986 gravedinem,
1025 1944 1087 1977 die
1112 1944 1290 1978 Schwere
1316 1944 1383 1977 der
1409 1944 1584 1988 Glieder,
1617 1944 1679 1979 die

1749 1638 1764 1979 ,meva-..mssxmfmuq
1756 1598 1762 1621 2-
1753 1550 1761 1555 L
1764 1518 1766 1523 ⁴

212 1988 441 2032 Mattigkeit.
466 2008 511 2013 —
541 1993 729 2032 vegetum,
754 1989 870 2024 frisch
891 1990 963 2023 und
982 1996 1136 2024 munter.
1161 2008 1206 2014 -·
1237 1991 1323 2023 siste
1347 1991 1401 2023 als
1412 1990 1680 2035 Krastspracbe

211 2032 279 2067 des
305 2045 469 2069 warmen
494 2036 689 2069 Freundes
721 2036 780 2069 fiir
810 2047 915 2080 spero
948 2047 1013 2070 nos
1044 2041 1077 2069 te
1107 2040 1273 2078 vegetum
1297 2039 1336 2069 in
1363 2036 1519 2070 Graecia
1544 2037 1679 2082 ample-

211 2090 326 2114 xuros
349 2092 436 2115 esse.
471 2100 515 2106 —-
564 2086 668 2116 et:
693 2086 867 2116 attamen.
902 2102 946 2108 —
995 2085 1132 2116 interea
1157 2082 1290 2116 mittas.

305 2139 336 2171 1.
371 2138 476 2172 Prid.
512 2140 602 2174 Idus
637 2139 750 2181 Mai„
788 2150 847 2174 am
878 2140 934 2174 14.
971 2139 1093 2174 dieses
1131 2140 1316 2174 Monaths.
1359 2157 1404 2163 —
1451 2134 1680 2183 Hortensius,

212 2182 346 2217 dessen
373 2184 509 2227 vater,
552 2186 620 2219 der
645 2186 840 2220 beruhmte
864 2185 1037 2227 Redner,
1077 2197 1146 2220 vor
1171 2186 1334 2219 Kurzem
1359 2186 1562 2228 gestorben
1588 2197 1679 2220 war.

211 2229 251 2263 S.
280 2229 374 2262 iiber
400 2229 508 2263 ienen
535 2242 594 2275 ep.
616 2233 709 2276 264,
735 2233 769 2268 9.
801 2234 891 2273 366,
918 2233 950 2266 6.
984 2233 1070 2274 378,
1097 2234 1128 2266 1.
1156 2252 1198 2257 -
1245 2231 1383 2274 scripta
1408 2231 1580 2274 epistola,
1608 2232 1680 2266 seit

210 2274 367 2308 meinem
394 2276 532 2310 letzten
550 2277 692 2312 Briese.
718 2297 763 2304 -—
799 2278 938 2312 Vellem
963 2283 1080 2311 cetera
1105 2279 1182 2311 eius
1206 2277 1285 2311 scil.
1305 2288 1400 2318 qnae
1417 2277 1526 2320 fecit,
1555 2283 1679 2312 essent

212 2321 271 2355 vel
298 2322 453 2355 fuissent
478 2323 614 2357 similia
640 2323 696 2357 his
721 2335 815 2368 quae
841 2335 964 2357 coram
991 2324 1100 2358 dixit.
1133 2323 1366 2358 ERNESTI.
1414 2324 1507 2365 „Ich
1532 2324 1679 2358 mochte

212 2368 436 2409 wunschen,
476 2380 517 2402 er
548 2370 651 2403 ware
682 2369 720 2403 in
751 2370 848 2404 allen
875 2370 1039 2404 Stucken
1065 2381 1105 2404 so
1122 2396 1131 2412 9
1178 2368 1251 2402 wie
1277 2380 1318 2402 er
1343 2368 1424 2402 sich
1450 2369 1510 2403 bei
1538 2369 1678 2404 diesem

211 2413 361 2447 Besucil
386 2414 547 2458 zeigte.'’
570 2434 614 2440 —
651 2416 903 2459 ἐκτένειαν,
935 2427 1156 2460 propensam
1182 2416 1409 2459 voluptatem
1436 2416 1608 2450 ostendit.
1634 2434 1680 2443 —-
1745 2397 1759 2450 i

212 2458 410 2503 Serapion,
458 2460 612 2494 Attikus
642 2461 789 2495 scheint
826 2462 953 2495 diesen
987 2462 1113 2496 seinen
1147 2461 1363 2504 gebildeten
1401 2460 1559 2495 Sclaven
1597 2462 1679 2496 dem
1748 2471 1775 2505 3„

212 2504 347 2539 Cicero
374 2516 456 2539 zum
482 2506 714 2541 Hofmeister
744 2507 805 2541 bei
837 2508 906 2542 den
933 2508 1070 2552 iungen
1097 2508 1303 2542 Ciceronen
1330 2513 1464 2541 anstatt
1491 2508 1557 2541 des
1584 2507 1679 2542 Dio-
1749 2505 1775 2545 ,23

217 2551 346 2595 nysius
373 2553 585 2596 emptohlen
619 2563 664 2587 zu
690 2554 821 2587 haben.
855 2573 900 2579 -
948 2554 1232 2587 cumulatissime
1256 2557 1376 2587 cetera
1400 2553 1435 2587 ei
1461 2564 1540 2587 sum
1566 2554 1680 2598 poni-
1741 2546 1756 2600 '²¹

216 2597 324 2632 citus.
358 2617 401 2623 -—
450 2603 483 2632 et
514 2610 556 2632 re
581 2610 670 2633 vera
694 2599 842 2642 quidem
875 2599 1054 2633 hominem
1074 2600 1211 2643 probo.-
1250 2610 1334 2632 nam
1359 2603 1391 2632 et
1415 2600 1568 2634 doctum.
1616 2599 1681 2634 Sic
1755 2609 1776 2644 1,,

216 2643 293 2677 Md.
329 2654 350 2677 a
381 2654 437 2688 pr.
468 2656 514 2678 m.
552 2644 723 2685 (iunctim
761 2652 896 2680 tamen:
928 2647 1145 2689 probonam)
1181 2647 1305 2679 Oxou.
1334 2647 1365 2679 1.
1392 2645 1426 2679 2.
1464 2645 1561 2680 vict.
1588 2647 1620 2679 1.
1646 2646 1679 2680 2.

216 2689 357 2723 Manut.
390 2691 518 2724 Lamb.
552 2691 642 2724 Bos.
678 2691 812 2726 Graev.
862 2692 937 2725 Iam
972 2692 1008 2725 in
1043 2703 1155 2736 marg.
1182 2692 1261 2725 Md.
1288 2703 1357 2736 pro
1380 2692 1579 2734 probonam
1605 2698 1678 2726 est:

216 2735 358 2770 bonam.
411 2735 510 2772 Hinc
534 2737 624 2772 C2d.
651 2737 806 2784 Malasp.
836 2737 933 2773 Ball.
960 2738 1118 2773 Helmst.
1146 2738 1254 2772 Rom.
1290 2738 1377 2772 Asc.
1405 2739 1435 2772 l.
1462 2737 1563 2773 Crat.
1588 2738 1676 2772 Ern.
