1795 3043
547 57 860 106 EPISTOLA
896 59 1079 106 CXCII.
1487 66 1553 111 21

0 110 3 131 Ι

0 137 3 196 ξ
93 182 141 211 re
168 169 329 223 accepi.
387 170 617 212 Praeterea
645 170 899 224 Marcellus,
941 172 1054 222 quod
1083 171 1223 214 adhuc
1260 172 1370 212 nihil
1401 173 1553 213 retulit

0 209 3 282 i
93 228 144 268 de
172 227 441 268 successione
476 228 794 280 provinciarum
825 229 1064 269 Galliarum
1094 231 1135 269 et
1165 230 1207 269 in
1238 229 1453 269 Kalendas
1483 231 1553 269 lu-

1 287 3 304 *
89 285 196 335 uias,
226 287 275 325 ut
300 285 405 325 mihi
432 285 524 337 ipse
554 285 685 337 dixit,
714 298 807 325 eam
835 286 1000 325 distulit
1027 287 1292 337 relationem,
1321 299 1551 338 sanequam

1 308 4 385 1
89 354 161 382 eos
191 355 400 383 sermones
430 343 657 394 expressit,
695 342 769 393 qui
808 342 858 382 de
889 355 938 382 eo
967 344 1058 382 tum
1092 345 1274 393 fuerant,
1310 356 1439 395 quum
1471 343 1551 384 Ro-

1 393 4 438 3
87 411 183 439 mae
210 412 287 439 nos
315 411 509 439 essemus.
569 400 635 440 Tu
666 399 702 439 si
731 399 992 452 Pompeium,
1022 401 1070 439 ut
1097 401 1284 453 volebas,
1312 398 1548 441 offendisti:
1573 400 1600 440 3

2 443 4 478 Ι
87 456 160 508 qui
189 456 268 496 tibi
297 456 411 497 visus
441 456 496 496 sit
527 457 569 496 et
599 469 725 507 quam
753 458 990 497 orationem
1020 457 1219 497 habuerit
1238 459 1379 497 tecum
1406 471 1550 509 quam-

0 492 5 532 l
86 526 170 564 que
205 513 436 554 ostenderit
471 514 732 554 voluntatem
761 535 817 543 —-
859 515 967 554 solet
1004 515 1116 554 enim
1153 514 1271 555 aliud
1307 515 1467 554 sentire
1506 517 1550 555 et

0 537 5 601 1
84 570 207 621 loqui
237 582 375 622 neque
403 572 567 611 tantum
596 572 740 611 valere
769 572 967 623 ingenio,
996 574 1043 610 ut
1072 583 1158 611 non
1188 574 1415 624 appareat,
1446 572 1548 623 quid

1 662 5 692 t
85 628 255 680 cupiat:
287 651 342 659 —-
373 629 441 668 fac
469 628 575 668 mihi
603 627 855 680 perscribas.
914 628 1034 676 Quod
1064 628 1116 669 ad
1141 628 1375 680 Caesarem,
1405 628 1548 669 crebri
1574 628 1600 666 4

2 703 5 724 ι
86 687 130 724 et
165 697 251 724 non
289 684 394 724 belli
435 684 486 724 de
525 697 574 725 eo
620 697 832 737 rumores,
876 685 949 725 sed
989 688 1276 726 susurratores
1315 686 1549 737 dumtaxat,

85 743 286 782 veniunt:
322 742 432 781 alius
468 742 654 793 equitem
685 743 938 794 perdidisse,
969 743 1106 794 quod,
1136 743 1312 795 opinor,
1343 746 1460 784 certe
1488 745 1549 783 fa-

2 815 6 838 s
83 802 202 839 ctum
230 800 317 839 est:
352 799 461 839 alius
489 800 712 852 septimam
749 801 957 853 legionem
985 802 1231 852 vapulasse3
1267 800 1405 852 ipsum
1435 801 1548 852 apud

81 857 332 897 Bellovacos
362 856 689 906 circumsederi,
724 856 1006 897 interclusum
1043 857 1096 897 ab
1133 858 1302 908 reliquo
1333 858 1545 900 exercitu:

83 926 222 965 neque
251 913 390 954 adhuc
420 915 530 954 certi
559 914 793 965 quidquam
824 916 899 967 est,
928 927 1066 966 neque
1094 915 1202 955 haec
1219 915 1385 955 incerta
1404 916 1545 955 tamen

82 972 209 1023 vulgo
238 970 474 1011 iactantur:
504 971 578 1011 sed
607 972 720 1011 inter
751 985 924 1024 paucos,
954 984 1059 1023 quos
1088 974 1135 1012 tu
1164 972 1298 1021 nosti,
1327 973 1469 1024 palam
1484 985 1547 1011 se-

83 1031 202 1067 creto
232 1029 482 1068 narrantur:
515 1030 559 1068 at
589 1028 809 1081 Domitius,
839 1042 968 1081 quum
996 1041 1144 1070 manus
1175 1029 1227 1070 ad
1259 1042 1305 1069 os
1336 1029 1545 1082 apposuit.

81 1086 143 1125 Te
183 1098 222 1125 a.
253 1085 293 1125 d.
324 1098 383 1126 1x.
413 1085 511 1126 Kal.
543 1085 687 1126 Iunias
725 1086 1009 1136 subrostrani,
1050 1086 1185 1139 (quod
1212 1087 1386 1128 illorum
1416 1087 1545 1139 capiti

81 1226 146 1254 tet.
172 1239 216 1245 -—-
240 1221 458 1256 Marcellus.
508 1221 591 1255 Der
615 1222 759 1264 Anti-ag
792 1220 915 1255 dieses
947 1220 1126 1263 Consuls,
1164 1219 1276 1263 „dass
1310 1219 1392 1252 dem
1429 1220 1544 1254 Casar

81 1267 179 1300 noch
206 1278 272 1300 vor
296 1268 439 1302 Ablauf
460 1267 526 1301 des
552 1268 714 1301 zweiteu
733 1266 987 1310 Quinquennii
1009 1266 1068 1300 eiu
1085 1265 1315 1309 Nachfolger
1337 1265 1373 1299 in
1393 1265 1543 1299 Gallien

81 1314 194 1347 sollte
218 1314 411 1356 gesehickt
434 1314 589 1348 werden
604 1315 641 1356 ,“
678 1314 776 1348 wird
802 1313 885 1348 hier
919 1313 974 1347 als
1007 1313 1105 1346 noch
1131 1312 1405 1346 bevorstehend
1431 1323 1543 1355 ange-

81 1359 253 1402 kundig-gt.
306 1359 556 1393 Bekauntlich
592 1360 875 1403 beschleunigte
907 1358 1031 1393 dieser
1062 1360 1205 1401 Antrag
1239 1358 1310 1392 den
1344 1359 1543 1392 Ausbruch

81 1406 146 1439 des
172 1405 485 1449 Burgerkrieges.
512 1425 553 1430 -
577 1407 870 1450 provinciarum,
897 1406 997 1449 quod
1023 1416 1044 1441 e
1068 1406 1194 1448 glossa
1218 1404 1437 1447 accesserit,
1468 1405 1543 1439 Er-

81 1459 176 1486 nest.
215 1452 318 1486 uncis
354 1452 487 1487 inclus.
523 1452 611 1489 Sch.
641 1453 737 1486 Lun.
774 1452 896 1486 delev.
924 1471 965 1475 —
999 1456 1033 1485 et
1056 1451 1150 1484 nach
1184 1450 1279 1484 nihil
1301 1462 1347 1484 z:
1382 1451 1460 1486 sed.
1499 1450 1540 1487 S.

81 1499 231 1533 Ramsh.
258 1501 287 1542 §.
316 1499 393 1541 179,
419 1498 462 1532 B.
489 1509 519 1532 a.
546 1500 579 1533 6.
607 1518 650 1524 --
676 1498 871 1542 expressit,
911 1508 983 1530 von
1007 1498 1150 1531 Neuem
1175 1496 1384 1540 aufgeregt.
1409 1497 1539 1533 Lamb,

78 1547 264 1590 repressit.
290 1565 334 1569 —
358 1546 516 1588 fuerant,
540 1545 631 1580 Ern.
659 1544 745 1579 Sch.
764 1545 861 1579 Lun.
886 1544 1046 1586 fuerunt.

171 1605 206 1638 3.
255 1603 456 1645 offendisti,
483 1601 895 1646 „a11getroffenhast.“
944 1601 998 1635 Er
1023 1601 1099 1635 tras
1128 1600 1191 1635 ihn
1225 1610 1271 1635 zu
1297 1601 1450 1636 Tarent.
1501 1600 1542 1639 S,

79 1650 126 1683 ad
151 1649 265 1684 Amic.
293 1649 341 1691 V,
367 1650 388 1684 6
415 1650 509 1691 (189,
537 1650 572 1690 l)
600 1649 673 1682 und
697 1648 801 1682 blieb
827 1646 909 1681 drei
934 1648 1039 1691 Tage
1063 1647 1127 1682 bei
1152 1648 1239 1681 ihm.
1289 1646 1328 1682 S.
1355 1648 1401 1681 ad
1425 1647 1540 1684 Attic.

79 1697 128 1740 V,
155 1699 174 1730 7
201 1697 295 1738 (190,
322 1696 371 1738 l).
400 1714 443 1721 —-
468 1697 531 1740 qul
555 1696 623 1728 tibi
646 1696 746 1728 visus
769 1695 838 1733 sit,
873 1693 949 1728 wie
974 1705 1016 1728 ex·
1040 1695 1114 1729 Dir
1147 1693 1438 1737 vorgekommen
1473 1694 1542 1730 sei.

79 1761 123 1768 —
148 1747 180 1776 et
204 1742 296 1775 nach
329 1743 433 1775 aliud
457 1755 504 1775 Ξ
537 1753 592 1776 ac.
631 1741 670 1777 S.
704 1742 855 1775 Ramsh.
891 1740 921 1783 §.
955 1742 1044 1782 179,
1079 1742 1123 1775 B.
1156 1742 1191 1775 4.
1229 1740 1376 1775 Grotef.
1403 1741 1432 1783 §.
1457 1742 1540 1779 385,

79 1789 187 1824 Anm.
221 1799 330 1832 neque
365 1796 485 1822 tamen
519 1792 657 1821 tantum
695 1787 784 1830 (wie
808 1788 927 1830 Neap.
952 1788 1099 1830 Lamb.)
1135 1787 1258 1820 valere
1294 1787 1467 1831 ingenio,
1500 1791 1539 1820 ut

79 1842 171 1874 cet„
198 1835 271 1869 und
297 1835 359 1867 hat
394 1835 490 1870 doch
514 1835 618 1868 nicht
644 1834 744 1868 Witz
776 1844 918 1877 genug,
947 1834 1032 1868 dass
1064 1844 1145 1867 man
1180 1833 1283 1867 seine
1308 1833 1437 1866 wahre
1464 1833 1539 1867 Ge-

79 1882 238 1924 sinnung
269 1881 371 1915 nicht
409 1881 540 1916 immet·
570 1880 866 1915 durchscheinen
899 1879 1009 1915 sieht.
1047 1899 1093 1906 --
1127 1880 1351 1925 perscribam
1402 1879 1442 1915 S.
1477 1891 1537 1925 ep.

80 1928 258 1967 CXCIX,
284 1928 319 1962 2.

8 1975 10 2038 i
169 1985 203 2018 4.
232 1985 335 2019 Quod
358 1985 407 2018 ad
432 1984 637 2025 Caesarem,
665 1984 783 2029 Neap.
809 1984 937 2018 Lamb.
964 1985 1076 2028 stigen
1099 1984 1230 2017 attinet
1254 1983 1379 2019 hinzu.
1406 2001 1451 2008 --
1475 1984 1539 2017 sed

78 2035 328 2064 susurratores
353 2032 543 2064 dumtaxat
572 2043 618 2063 Ξ
642 2031 933 2072 susurrationes,
967 2031 1042 2065 wie
1067 2031 1218 2065 Andere
1243 2031 1379 2073 geben,
1408 2028 1540 2064 beides

9 2068 14 2107 ί
79 2077 407 2121 9111ἱέπαξλεγόμ.
432 2078 668 2117 ,‚Ge1·iichte,
705 2077 766 2111 die
799 2089 880 2110 man
914 2077 993 2111 sich
1029 2088 1098 2111 nur
1132 2077 1200 2111 in's
1236 2078 1316 2111 Ohr
1349 2077 1541 2110 fiiistert.“

79 2122 144 2156 Sie
160 2134 286 2156 waren
304 2123 438 2156 iedoch
462 2124 702 2158 ubertrieben
719 2124 791 2157 und
807 2125 1059 2158 veranlassten
1087 2135 1106 2157 v
1118 2123 1329 2167 oreilige
1354 2123 1539 2156 Hoffnun-

77 2180 163 2213 gen.
190 2189 231 2193 —
258 2171 393 2211 factum
417 2174 480 2205 est.
546 2171 662 2205 Henr.
689 2170 867 2214 Stephan.
893 2182 994 2215 susp.
1020 2172 1140 2213 fictum
1166 2174 1230 2205 est.
1254 2188 1302 2196 —-
1332 2169 1539 2213 vapulasse,

78 2215 132 2249 sei
158 2215 471 2259 niedergebauen.
542 2217 668 2250 Ueber
693 2217 793 2250 diess
825 2218 930 2252 verb.
957 2217 1126 2250 neutrale
1150 2215 1288 2260 passiv.
1321 2227 1351 2251 s.
1384 2215 1536 2250 Ramsh.

79 2261 109 2304 §.
144 2262 188 2296 48
225 2274 280 2295 am
313 2262 433 2297 Ende.
494 2262 640 2297 Grotef.
676 2264 703 2306 §.
739 2265 796 2297 51.
830 2283 874 2288 -
905 2264 1124 2298 Bellovacos
1157 2263 1193 2296 in
1233 2263 1358 2296 Gallia
1380 2261 1538 2305 Belgica

80 2307 187 2349 (ietzt
218 2308 436 2350 Beauvais);
473 2318 502 2343 s.
535 2309 681 2343 Hirtius
715 2309 782 2344 lib.
809 2310 916 2345 VIII.
951 2310 997 2343 de
1021 2310 1132 2342 Bello
1159 2309 1319 2343 Gallico.
1345 2327 1390 2332 --
1424 2308 1537 2348 vulgo

77 2355 179 2392 dact„
206 2354 279 2387 und
303 2355 421 2388 selb'St
444 2366 517 2388 von
542 2356 681 2389 diesem
699 2356 946 2399 Ungewissen
973 2356 1070 2389 wird
1089 2356 1185 2389 doch
1209 2355 1313 2389 nicht
1341 2354 1538 2388 offentlich

79 2400 325 2444 gesprochen.
356 2420 394 2424 —
417 2402 545 2444 palam
569 2406 724 2441 secreto,
752 2402 811 2435 ein
838 2402 1059 2436 drollichter
1083 2402 1283 2436 Ausdruck
1305 2412 1354 2434 ,τ-
1376 2400 1450 2434 wie
1476 2399 1538 2433 ein

80 2446 311 2480 offentliches
338 2447 584 2483 Gebeimniss.
635 2447 698 2482 Sic
724 2449 838 2482 reden
871 2455 978 2483 unter
1003 2449 1082 2483 sich
1106 2449 1184 2482 laut
1211 2448 1348 2486 davon,
1383 2448 1473 2480 aber
1499 2445 1537 2480 in

79 2495 245 2534 grosster
271 2493 549 2529 Heimlichkeit.
586 2494 661 2527 Die
683 2495 808 2539 pauci,
833 2506 920 2538 quos
952 2499 990 2528 tu
1014 2496 1127 2534 nosti,
1162 2494 1245 2528 sind
1272 2495 1403 2528 Casars
1428 2492 1538 2526 Fein-

35 2541 37 2543 ’
80 2538 138 2577 (19,
163 2538 335 2581 Bibulus,
362 2540 466 2578 Cato,
494 2540 703 2579 Domitius,
739 2541 800 2574 die
827 2542 1057 2586 Hauptchefs
1084 2541 1150 2574 der
1178 2540 1391 2584 Optimaten
1417 2550 1452 2573 u.
1479 2549 1539 2572 se-

80 2590 199 2619 nator.
227 2585 356 2619 Partei
382 2596 502 2629 gegen
529 2586 590 2620 die
615 2587 741 2620 Macht
767 2588 833 2620 des
859 2589 990 2622 Casars
1023 2588 1096 2621 und
1122 2586 1339 2631 Pompeius.
1386 2586 1540 2619 Letzte-

80 2641 140 2663 rer
165 2630 240 2674 fing
265 2631 400 2665 iedoch
425 2642 487 2671 an,
524 2631 631 2665 ienen
658 2632 694 2666 in
722 2633 893 2668 Hinsicht
917 2634 985 2667 der
1012 2633 1349 2676 Zuriickberusnng
1378 2631 1444 2665 des
1470 2631 1541 2665 Ca-

81 2686 157 2709 sars
183 2688 247 2710 aus
267 2677 414 2712 Gallien
441 2677 532 2711 ietzt
558 2678 803 2715 beizutreten.
830 2699 872 2704 —
921 2684 959 2713 at
981 2681 1025 2714 L.
1050 2680 1236 2713 Domitius
1259 2676 1543 2714 Ahenobarbus,

82 2723 285 2761 consularis
315 2730 399 2765 cet.‚
425 2725 516 2759 aber
541 2725 730 2761 Domitius
755 2727 873 2761 selbst
896 2726 998 2761 nicht
1022 2726 1156 2761 anders
1174 2725 1227 2760 als
1254 2724 1318 2759 mit
1343 2724 1411 2759 der
1436 2723 1545 2759 Hand
