1795 3043
539 65 852 114 EPISTOLA
896 63 1219 112 CCLXXXIV.
1509 62 1612 114 285

154 181 254 235 quia
283 181 335 223 de
363 193 431 222 me
459 182 550 222 erat
581 181 737 234 optime
765 178 962 226 meritus,
993 179 1193 224 alterum,
1225 172 1326 226 quia
1353 174 1515 215 tantum
1542 185 1613 214 va-

154 240 284 281 lebat.
341 240 447 280 Feci
473 239 614 292 igitur.
671 240 816 288 Itaque
846 233 970 275 effeci
999 235 1111 274 omni
1141 232 1365 284 obsequio,
1394 232 1442 271 ut
1471 229 1613 270 neutri

152 296 326 336 illorum
354 297 579 347 quisquam
609 297 716 335 esset
744 305 810 333 me
839 292 993 333 carior.
1034 293 1150 332 Haec
1173 291 1286 330 enim
1305 287 1588 342 cogitabamus
1598 300 1613 338 3
1634 291 1663 330 3

154 365 235 393 nec
276 353 400 405 mihi,
441 353 668 394 coniuncto
709 363 805 392 cum
833 348 1058 401 Pompeio,
1095 349 1186 387 sore
1224 358 1397 387 necesse
1432 355 1613 400 peccare

92 426 98 429 ·
155 411 201 451 in
230 422 277 450 re
307 409 479 462 publiea
507 409 756 461 aliquand03
784 419 863 447 nee
894 419 989 447 eum
1003 405 1181 445 Caesare
1210 403 1411 444 sentienti
1427 413 1615 457 pugnan-

155 467 256 507 dum
286 480 374 507 esse
405 479 500 508 cum
519 466 741 518 Pompeio:
772 466 888 504 tanta
907 465 998 503 erat
1012 463 1182 502 illorum
1198 462 1452 502 coniunctio.
1489 459 1614 501 Nune

156 524 392 577 impendet,
421 526 468 564 ut
497 525 539 565 et
567 525 614 563 tu
645 521 829 562 ostendis
859 522 901 560 et
930 532 1006 573 ego
1034 518 1180 571 video,
1219 530 1376 559 summa
1400 519 1513 559 inter
1542 527 1615 556 eos

157 582 386 622 contentio.
443 580 513 621 Me
543 580 685 620 autem
715 580 892 629 uterque
920 578 1115 617 numerat
1144 587 1284 627 suum,
1313 575 1397 615 nisi
1423 575 1532 614 forte
1563 572 1617 613 si-

155 639 288 678 mulat
317 639 439 679 alter.
495 636 604 678 Nam
632 636 858 688 Pompeius
885 646 971 675 non
1000 633 1178 679 dubitat,
1206 653 1264 661 —-
1291 644 1391 674 vere
1413 631 1527 671 enim
1555 629 1618 670 iu-

157 694 272 735 dicat
299 716 358 723 —
387 707 460 746 ea,
501 706 609 745 qnae
639 693 691 734 de
720 705 768 733 re
797 692 969 745 publica
999 703 1112 731 nunc
1141 690 1321 741 sentiat,
1360 688 1466 729 mihi
1492 687 1618 728 valde

154 751 342 803 probari.
399 751 630 802 Utriusque
668 752 812 791 autem
861 747 1010 800 accepi
1051 746 1255 788 eiusmodi
1288 747 1435 788 literas
1469 744 1619 785 eodem

156 811 366 859 tempore,
398 819 483 858 quo
513 809 620 856 tuas,
650 809 699 847 ut
728 808 879 846 neuter
906 818 1155 858 quemquam
1182 805 1365 844 omnium
1392 803 1529 854 pluris
1559 803 1619 841 sa-

154 876 253 905 cere
281 877 406 916 quam
435 876 501 904 me
528 865 759 906 videretur.
818 865 972 904 Verum
1010 862 1110 914 quid
1140 861 1291 914 agam?
1336 860 1430 901 Non
1460 870 1617 910 quaero
1639 862 1671 905 4

154 921 233 961 illa
261 922 431 973 ultima,
468 943 526 949 —
552 922 589 962 si
620 923 733 961 enim
764 921 913 961 castris
950 932 1016 960 res
1051 921 1241 971 geretur,
1281 917 1402 958 video
1433 929 1529 957 eum
1559 916 1620 956 al-

154 980 245 1017 tero
274 977 390 1018 vinci
418 978 548 1018 satius
578 991 681 1030 esse,
712 991 839 1029 quam
865 990 959 1018 cum
990 977 1125 1016 altero
1152 976 1324 1016 vincere
1342 995 1401 1003 —·
1429 973 1502 1013 sed
1529 973 1620 1025 illa,

156 1047 267 1085 quae
296 1036 386 1074 tum
416 1037 615 1087 agentur,
655 1046 787 1086 quum
813 1047 990 1081 vener03
1026 1045 1081 1072 ne
1109 1032 1219 1072 ratio
1250 1030 1436 1072 absentis
1465 1029 1622 1070 habea-

154 1094 249 1138 tur,
291 1093 338 1130 ut
374 1091 608 1132 exercitum
656 1092 855 1133 dimittat.
914 1092 1024 1131 DIC
1057 1091 1114 1130 M.
1160 1091 1352 1130 TULLI.
1411 1088 1525 1136 Quid
1561 1086 1622 1127 di-

155 1147 281 1188 cam?
337 1148 604 1201 „Exspecta,
651 1148 802 1188 amabo
843 1149 908 1196 te,
950 1147 1047 1187 dum
1083 1146 1271 1186 Atticum
1308 1142 1622 1185 conveniam3“

154 1204 250 1246 Non
280 1206 344 1244 est
371 1206 492 1244 loeus
522 1205 575 1245 ad
605 1205 980 1258 tergiversandum.
1042 1203 1198 1244 Contra
1229 1201 1476 1244 Caesarem?
1537 1201 1625 1242 Ubi

155 1261 258 1301 illae
297 1262 393 1301 sunt
423 1261 575 1301 densae
605 1261 835 1304 dexterae?
879 1261 1010 1311 Nam,
1056 1262 1104 1299 ut
1134 1261 1200 1300 illi
1229 1260 1311 1299 hoc
1342 1260 1512 1311 liceret,
1554 1257 1626 1299 ad-

155 1318 271 1369 iuvi,
309 1318 478 1370 rogatus
517 1317 570 1357 ab
609 1317 700 1369 ipso
731 1318 956 1359 Ravennae
997 1317 1049 1358 de
1080 1317 1224 1356 Caelio
1261 1315 1432 1356 tribuno
1471 1315 1624 1369 plebis.

157 1439 376 1480 Caesarem,
400 1437 489 1481 quia
513 1441 652 1471 tantum
676 1438 832 1480 valebat,
857 1439 947 1472 weil
974 1450 1016 1472 er
1040 1451 1082 1474 so
1107 1439 1183 1474 viel
1208 1439 1493 1473 vermochte.—
1526 1436 1631 1473 omni

157 1485 297 1527 obseq.‚
329 1483 445 1517 durch
470 1483 831 1526 Dienstwilligkeit,
865 1485 1112 1528 Gesalligkeit
1135 1486 1231 1519 aller
1254 1486 1337 1520 Art.

250 1531 282 1564 3.
315 1530 413 1563 Haec
439 1529 571 1562 weiset
595 1531 659 1562 auf
680 1530 743 1563 die
768 1531 858 1574 folg.
886 1542 1007 1564 accus.
1035 1543 1066 1565 c,
1093 1531 1284 1565 infinit.—
1322 1541 1421 1575 pecc.
1445 1531 1485 1564 in
1507 1541 1549 1564 re
1570 1542 1623 1575 p.,

158 1576 257 1610 mich
283 1586 327 1608 an
352 1575 421 1608 der
445 1575 637 1619 Republik
660 1586 708 1609 zu
733 1576 999 1620 versundigen.
1032 1578 1069 1611 in
1095 1588 1173 1610 rem
1192 1578 1378 1621 publicam
1402 1577 1508 1611 Rom.
1535 1578 1623 1612 Asc.

159 1624 194 1656 1,
221 1622 339 1655 Crat.:
372 1621 437 1655 sed
469 1622 533 1654 cfr.
562 1621 758 1655 Gernhard
791 1623 839 1655 ad
864 1622 967 1656 Lael.
1000 1634 1038 1666 p.
1058 1625 1115 1658 94.
1145 1624 1402 1658 ORELLI.—
1435 1627 1535 1657 tanta
1562 1650 1570 1658 .
1588 1649 1595 1658 .
1612 1649 1621 1657 .

156 1668 272 1709 coni„
305 1677 346 1701 so
380 1677 475 1710 enge
505 1678 584 1700 war
609 1667 774 1701 damahls
805 1668 888 1702 ihre
914 1670 1185 1714 Verbindung,
1222 1670 1496 1714 Vereinigung.
1535 1670 1624 1704 Den

155 1713 288 1747 besten
313 1714 548 1747 Commentar
571 1723 618 1747 zu
643 1713 769 1749 dieser
793 1713 913 1751 Stelle
937 1715 1018 1760 gibt
1043 1727 1101 1761 ep.
1122 1716 1336 1759 CXLVIII,
1352 1717 1424 1751 9ff.
1441 1735 1486 1742 —
1508 1717 1625 1750 simu-

156 1760 213 1792 lat
236 1759 350 1800 alter,
384 1759 533 1792 Caesar.
1486 1793 1494 1799 ,

250 1806 284 1838 4.
309 1805 394 1838 Non
415 1830 424 1838 .
443 1830 450 1838 .
467 1831 474 1838 .
499 1805 569 1838 illa
593 1805 739 1849 ultima,
765 1806 825 1840 ich
849 1807 954 1853 srage
980 1809 1096 1852 nicht,
1121 1810 1213 1844 Was
1238 1810 1298 1844 ich
1323 1820 1369 1844 zu
1396 1809 1485 1843 thun
1512 1809 1622 1851 habe,

158 1860 269 1884 wenn
295 1860 334 1883 es
360 1861 441 1884 zum
468 1852 718 1885 Aeussersten
743 1852 894 1888 kommt.
916 1874 961 1879 ——
1006 1867 1087 1889 cum
1110 1857 1249 1900 altero,
1280 1856 1483 1900 Pompeio,
1510 1854 1620 1889 vinci.

158 1913 205 1947 -Ι-
239 1907 319 1929 cum
341 1897 476 1935 altero,
504 1897 675 1948 Cae—sare.
702 1917 744 1922 ——
793 1911 881 1943 quae
914 1904 990 1934 tum
1019 1907 1177 1944 agentur
1208 1903 1245 1936 in
1271 1902 1428 1945 Senatu5
1461 1901 1621 1935 namlich

160 1941 223 1993 ἀρε
248 1942 414 1993 Fragen:
453 1943 500 1976 ob
536 1944 649 1977 Casar
685 1944 744 1978 bei
787 1946 854 1979 der
893 1948 1068 1982 n'achsten
1103 1950 1365 1993 Consulwahl,
1404 1948 1548 1982 wofern
1580 1957 1623 1981 er

158 1988 263 2021 mcht
288 1999 326 2021 ln
352 1989 497 2023 Person
522 1989 665 2031 anhalt,
699 1991 794 2025 solle
819 1992 1056 2037 ubergangen
1089 1995 1182 2029 oder
1206 1995 1288 2029 sein
1312 1994 1544 2039 Kriegsheer
1574 2004 1621 2028 zu

158 2034 350 2067 entlassen
375 2035 569 2077 genethigt
594 2035 760 2070 werden.
778 2057 822 2062 —
853 2049 982 2073 venero
1000 2041 1166 2074 Romam.
1206 2043 1359 2083 „Wenn
1386 2052 1424 2075 es
1450 2041 1544 2074 dann
1571 2040 1622 2074 im

160 2078 299 2132 Senate
318 2080 386 2132 ’bei
409 2080 476 2113 der
489 2081 756 2126 Verhandlung
782 2083 914 2118 heisst:
939 2086 1029 2120 DIC
1052 2088 1109 2121 M.
1141 2087 1316 2131 TULLI‚
1344 2088 1434 2122 rede
1458 2089 1509 2122 M.
1530 2087 1623 2121 Tul-

161 2126 256 2158 lius!
289 2126 352 2169 g1b
378 2126 500 2160 Deine
527 2126 681 2161 Stimme
712 2130 771 2163 ab.
815 2128 991 2166 Solennis
1022 2132 1198 2176 formula,
1231 2145 1305 2176 qua
1334 2135 1505 2168 consules
1539 2140 1621 2167 ute-

160 2171 296 2204 bantur
321 2172 358 2205 in
384 2173 561 2216 rogandis
587 2175 796 2208 sententiis.
839 2175 902 2210 Sic
928 2184 963 2211 et
988 2181 1083 2223 ep.3
1107 2186 1143 2213 et
1169 2183 1198 2215 7.
1225 2180 1420 2217 Libr.VII
1444 2181 1489 2214 ad
1503 2180 1617 2214 Amic.

164 2217 408 2268 GRAEV.-
443 2219 528 2261 quid
553 2220 725 2253 dicam?”
766 2222 877 2266 Exsp.
911 2223 1001 2258 Was
1027 2226 1100 2258 soll
1126 2226 1185 2260 ich
1211 2226 1307 2260 dann
1331 2228 1467 2271 sagenit
1491 2227 1618 2260 Etwa:

162 2261 229 2295 Sei
254 2273 295 2295 so
320 2269 385 2306 gut
411 2264 484 2297 und
508 2272 642 2317 warte,
671 2266 728 2300 bis
751 2267 813 2300 ich
840 2268 937 2302 mich
962 2270 1192 2307 mitAttikus
1216 2273 1451 2318 besprochen
1477 2271 1622 2307 habe'e’·

163 2306 325 2341 Possen!
374 2309 484 2343 Denn
521 2311 567 2344 da
602 2312 674 2354 gilt
705 2313 793 2346 kein
833 2315 1116 2351 Achselzucken
1153 2330 1188 2353 u.
1221 2320 1403 2355 Zaudern.
1443 2320 1521 2354 Auf
1553 2318 1621 2352 der

165 2351 285 2386 Stelle
316 2355 442 2406 werde
475 2356 534 2390 ich
575 2357 697 2391 meine
730 2359 885 2394 Stimme
917 2364 1166 2406 aussprechen
1200 2368 1359 2401 mussen.
1387 2385 1429 2391 -
1481 2365 1620 2398 Contra

163 2399 358 2432 Caesarem
383 2401 461 2455 scil.
487 2402 627 2436 dicam?
647 2422 692 2428 —
726 2406 790 2438 ubi
819 2407 908 2440 illae
937 2413 1019 2441 sunt
1052 2411 1182 2444 densae
1215 2412 1402 2455 dexterae,
1436 2411 1622 2455 promissa

163 2445 317 2487 crebra,
351 2445 434 2479 data
458 2446 589 2480 dextra
613 2449 777 2484 firmata?
810 2463 870 2485 wo
896 2454 1044 2488 blieben
1070 2456 1115 2490 da
1149 2457 1269 2491 meine
1303 2459 1384 2492 dem
1410 2458 1523 2491 Gasar
1554 2457 1622 2490 mit

163 2490 405 2543 Iiandschlag
429 2494 644 2535 gegebenen
679 2497 916 2532 zahlreichen
944 2501 1307 2547 VersprechungenZ
1330 2523 1375 2529 —
1410 2507 1449 2535 ut
1471 2503 1533 2536 illi
1555 2502 1622 2536 Ιιοσ

162 2535 307 2578 lzceret,
339 2538 420 2571 scil.
446 2540 653 2592 postulare,
681 2549 719 2575 ut
743 2544 800 2577 sui
825 2545 988 2579 absentis
1015 2547 1052 2580 in
1078 2550 1290 2583 consulatus
1316 2549 1497 2594 petitione
1524 2549 1618 2582 ratio

162 2581 376 2616 haberetur.
393 2602 437 2607 —
478 2585 624 2628 adzuvz,
658 2587 751 2621 dazu
775 2590 859 2623 hab’
883 2591 941 2625 ich
968 2593 1042 2626 ihm
1068 2595 1133 2628 mit
1158 2596 1365 2629 verholfen.
1387 2614 1432 2620 —
1468 2595 1514 2628 ab
1538 2595 1619 2640 ipso

165 2626 366 2679 Revennae.
404 2628 539 2663 Caesar
565 2642 675 2674 quum
700 2634 911 2670 Ravennam
948 2639 1134 2683 venisset,
1169 2641 1289 2675 literis
1321 2641 1366 2674 ad
1399 2640 1621 2675 Ciceronem

162 2682 284 2707 missis
317 2674 389 2726 hoc
413 2684 620 2728 rogaverat.
635 2695 686 2729 ¹·—
733 2681 777 2714 de
801 2682 949 2727 caelio,
985 2691 1025 2718 ut
1056 2686 1109 2721 M.
1134 2686 1300 2720 Caelium
1334 2687 1442 2730 (vid.
1477 2687 1523 2721 ad
1558 2699 1619 2733 ep.

162 2717 301 2754 CXCII
326 2722 442 2764 mit),
482 2732 743 2760 ammrssrmum
773 2738 913 2773 meum,
951 2730 1139 2765 tribunum
1169 2733 1294 2777 plebis
1326 2733 1540 2769 inducerem
1572 2733 1620 2768 ad
