1795 3043
222 81 320 131 18ss
476 74 541 121 M.
577 74 634 136 T·
675 68 1015 117 CICERONIS
1050 69 1424 118 EPISTOLAE.

223 191 340 231 certo
371 188 534 240 negato.
558 198 562 202 ·
592 184 678 225 Nos
707 185 819 224 enim
849 185 890 224 et
917 184 1062 224 nostra
1091 184 1240 236 sponte
1269 183 1378 224 bene
1407 182 1518 225 firmi
1544 184 1586 224 et
1606 195 1690 225 me-

224 247 399 288 hercule
438 244 691 284 auctoritate
728 244 801 282 tua
835 240 1085 281 inflammati
1122 240 1299 282 vicimus
1340 253 1485 281 omnes
1512 262 1570 271 ——-
1607 241 1692 286 hoe

225 308 271 344 tu
302 306 362 343 ita
391 301 580 353 reperies
602 321 660 329 ·-—
681 311 810 350 quum
841 298 1109 349 abstinentia,
1139 299 1229 337 tum
1258 299 1432 346 iustitia,
1465 298 1688 345 facilitate,

226 359 462 402 clementia.
525 357 636 397 Cave
670 358 795 408 putes
835 355 1063 407 quidquam
1102 355 1294 395 homines
1332 356 1465 407 magis
1502 366 1689 406 unquam

226 430 316 458 esse
344 415 532 462 miratos,
565 425 689 465 quam
717 414 885 453 nullum
913 412 1154 452 teruncium
1182 425 1247 453 me
1279 412 1497 452 obtinente
1522 412 1692 464 provin-

227 477 337 516 ciam
378 473 567 524 sumptus
603 471 765 511 sactum
805 482 894 509 esse
931 481 1012 509 nec
1058 470 1102 508 in
1141 481 1229 510 rem
1264 469 1484 521 publicam
1521 481 1601 509 nec
1643 468 1691 508 in

229 541 481 583 quemquam
504 540 706 575 meorum,
737 529 1034 579 praeterquam
1062 527 1107 566 in
1128 526 1172 565 L.
1188 528 1375 567 Tullium
1392 519 1590 579 legatum.
1632 525 1689 572 Is,

229 587 449 638 ceteroqui
471 585 698 636 abstinens,
729 584 803 623 sed
824 583 932 622 Iulia
962 584 1069 636 lege,
1100 583 1344 632 transitans,
1376 584 1507 623 semel
1529 583 1694 622 tantum

229 647 273 686 in
305 646 437 692 diem,
469 655 578 694 non,
606 644 653 681 ut
683 641 758 680 alii
788 640 992 687 solebant,
1025 640 1216 680 omnibus
1245 641 1366 691 vicis,
1396 642 1567 693 praeter
1595 650 1694 678 eum

230 703 358 744 semel
386 713 527 751 nemo,
567 699 757 750 accepit,
799 697 903 736 facit
931 698 978 735 ut
1006 696 1111 737 mihi
1141 697 1414 750 excipiendus
1445 697 1522 745 sit,
1562 707 1694 747 quum

231 759 471 801 ‘teruncium
498 768 605 807 nego
635 755 823 806 sumptus
852 754 1024 794 factum.
1064 754 1238 794 Praeter
1257 767 1353 795 eum
1372 755 1539 806 accepit
1557 765 1694 793 nemo.

184 817 321 858 oleas
360 830 385 855 a
421 815 564 854 nostro
603 813 648 860 Q.
675 812 834 852 Titinio
878 810 1020 850 sordes
1058 812 1308 863 accepimus.
1373 813 1484 865 Ego,
1526 810 1696 852 aestivis

233 872 463 924 confectis,
506 870 708 918 Quintum
749 870 925 908 fratrem
961 866 1151 921 hibernis
1190 870 1232 907 et
1268 869 1445 909 Ciliciae
1484 868 1695 921 praefeci:

235 934 282 980 Q.
301 930 543 979 Volusium,
584 927 648 967 tui
677 925 841 967 Tiberii
877 936 1099 978 generum,
1145 927 1307 965 certum
1345 926 1582 978 hominem,
1621 923 1695 964 sed

233 987 413 1030 mirifice
437 986 565 1026 etiam
595 984 896 1033 abstinentem,
934 981 1030 1021 misi
1058 982 1102 1021 in
1133 982 1336 1035 Cyprum,
1369 984 1417 1022 ut
1444 983 1506 1022 ibi
1534 994 1695 1034 paucu-

233 1048 297 1087 los
326 1045 414 1084 dies
444 1045 571 1091 esset,
601 1054 654 1081 ne
685 1039 799 1080 cives
822 1039 1001 1079 Romani
1030 1039 1173 1090 pauci,
1202 1040 1276 1090 qui
1293 1039 1389 1080 illic
1412 1040 1694 1093 negotiantur,

234 1105 299 1143 ius
322 1101 404 1142 sibi
433 1100 593 1140 dictum
621 1098 843 1151 negarent:
875 1108 972 1136 nam
993 1097 1163 1136 evocari
1182 1097 1394 1137 exeinsula
1412 1097 1587 1150 Cyprios
1609 1107 1695 1135 non

182 1166 209 1205 ’7
231 1161 351 1202 licet.
408 1158 505 1209 lpse
535 1156 580 1196 in
609 1154 754 1195 Asiam
782 1154 998 1205 profectus
1027 1165 1126 1205 erun>
1146 1153 1277 1193 Tarso
1306 1153 1438 1206 Nonis
1466 1153 1697 1204 lanuariist

231 1239 334 1272 nicht
358 1235 497 1280 gewiss
522 1232 672 1273 Weisst,
705 1231 753 1263 ob
778 1229 838 1262 ich
864 1238 902 1261 es
928 1228 1016 1260 thun
1041 1226 1139 1260 kann
1164 1226 1256 1259 oder
1279 1227 1372 1261 will.
1391 1244 1435 1263 —,——
1479 1229 1697 1262 auctoritate

233 1294 305 1319 tua.
342 1282 381 1317 S.
408 1282 472 1315 das
487 1279 595 1313 Ende
620 1278 685 1311 des
710 1277 739 1318 §.
759 1278 789 1310 7.
816 1286 850 1307 u.
878 1285 936 1318 ep.
957 1273 1155 1313 CCV11,2.
1184 1273 1476 1317 CCXXVHI,6.
1503 1274 1696 1317 CCI,l.-

232 1331 386 1365 vicimus
419 1336 558 1369 omnes,
594 1325 655 1357 ich
687 1322 782 1355 habe
815 1320 887 1353 alle
920 1318 1058 1352 andern
1090 1318 1343 1353 proconsules
1382 1330 1415 1352 u.
1442 1320 1696 1365 Propriitores

231 1378 323 1412 weit
348 1373 578 1410 'ubertroffen
605 1382 649 1404 an
676 1378 830 1410 u.s.w.;
855 1366 935 1399 will
956 1366 1051 1412 eben
1066 1364 1238 1398 desshalb
1256 1364 1559 1410 keineAuftriige
1585 1366 1697 1400 iiber-

232 1425 411 1466 ne'nmen,
438 1421 499 1454 die
523 1418 670 1453 meinen
696 1412 962 1450 Provinzialen
986 1411 1149 1444 konnten
1175 1411 1286 1454 ltistig
1310 1412 1476 1446 werden,
1494 1432 1538 1438 --
1573 1416 1696 1446 teram:

231 1471 329 1505 cium
354 1495 361 1503 .
377 1495 384 1502 .
402 1495 409 1502 .
436 1471 606 1512 sumptus.
645 1462 780 1505 Vergl.
807 1471 863 1503 ep.
880 1459 1017 1501 CCIX,
1039 1458 1071 1490 2.
1104 1458 1287 1500 CCVIII,
1302 1459 1337 1493 3.
1370 1459 1500 1502 CCIV,
1518 1455 1612 1493 2'.'=—
1648 1459 1693 1492 L.

236 1516 398 1551 Tullium
435 1515 507 1556 leg.
549 1512 675 1556 S.·ep.
702 1504 1052 1547 CCXXXVI11,8.
1071 1522 1116 1528 —-
1159 1504 1239 1545 lege
1270 1505 1389 1547 Iulia,
1421 1515 1499 1539 was
1531 1515 1573 1538 er
1603 1505 1697 1538 nach

233 1564 316 1597 dem
342 1561 530 1595 Iulischen
550 1560 710 1593 Gesetze
736 1552 890 1588 fordern
915 1550 1023 1584 kann.
1058 1549 1097 1601 S
1117 1560 1177 1594 ep.
1193 1550 1362 1593 CCVIII,
1379 1553 1412 1585 3.
1439 1553 1592 1595 Accepit
1617 1553 1697 1585 soe-

232 1621 319 1644 num
350 1607 496 1650 aliaque
529 1603 755 1645 necessaria,
790 1609 884 1643 quae
915 1597 981 1630 lex
1005 1596 1106 1647 Iulia.
1134 1595 1393 1640 permittebat,
1428 1599 1611 1632 transiens
1636 1600 1697 1641 (an

233 1657 305 1690 den
331 1655 469 1697 Orien,
503 1652 620 1685 durch
645 1650 790 1685 welche
816 1656 857 1679 er
881 1644 979 1685 kam)
1011 1648 1145 1687 raptim
1177 1648 1213 1675 et
1243 1642 1481 1684 festinanter,
1517 1643 1633 1679 semel
1658 1643 1697 1678 in

233 1703 344 1743 diem,
371 1711 443 1733 non
471 1711 519 1733 ex
545 1697 714 1731 omnibus
739 1693 843 1729 vicis.
869 1690 1116 1726 POPMA.-
1141 1689 1342 1722 transz‘tcms
1367 1689 1427 1723 ein
1452 1687 1549 1731 ἅπαῖξ
1574 1690 1697 1737 λεγόμ.

232 1761 280 1781 z
303 1747 499 1782 transiens.
542 1745 606 1779 Sic
631 1743 711 1778 Cod
743 1742 884 1775 decurt.
910 1737 1059 1771 firmans
1083 1735 1242 1770 Manutii
1268 1736 1540 1780 coniecturam,
1565 1737 1695 1770 Lamb.

232 1795 373 1829 Bened.
400 1793 492 1836 Sqq.
520 1790 768 1825 ORELLI.-—
802 1788 967 1831 [praeter
993 1810 1002 1818 .
1019 1810 1026 1818 .
1043 1809 1051 1817 .
1078 1781 1230 1825 accepit]
1256 1782 1359 1815 Haec
1382 1783 1474 1817 Ern.
1501 1784 1546 1826 []
1572 1783 1694 1817 delev.

234 1840 321 1875 Sch.
346 1841 441 1874 Liin.
475 1838 630 1873 Scilicet
655 1837 725 1869 iam
743 1833 905 1869 Graevio
931 1834 1104 1874 suspecta
1129 1834 1234 1862 erant
1258 1839 1289 1862 v,
1311 1833 1461 1872 praeter
1484 1829 1697 1873 eumbsemel

233 1898 357 1928 nemo;
392 1885 577 1920 retinebat
612 1889 733 1916 autem
765 1880 914 1924 accepit.
949 1878 1022 1911 OR.
1060 1875 1200 1910 Schiitz
1231 1874 1361 1918 glaubt
1395 1875 1606 1919 accipiendo
1640 1875 1696 1909 sei

233 1944 304 1967 vor
334 1934 425 1975 facit
455 1930 697 1974 ausgesallen.
744 1928 831 1961 Man
864 1924 1016 1959 schiebe
1050 1923 1112 1967 qui
1136 1921 1260 1955 hintes
1283 1922 1322 1954 IS
1347 1921 1407 1955 ein
1434 1922 1508 1955 und
1526 1921 1697 1956 'StreiChe

230 1984 382 2024 prcceler
406 1980 486 2012 eum
508 1977 617 2010 semel
641 1985 763 2015 nemo3
797 1972 889 2006 oder
914 1972 1045 2005 nehme
1070 1970 1247 2002 letzteres
1271 1969 1326 2002 als
1337 1969 1568 2002 Parenuhese
1584 1979 1618 2002 u.
1637 1979 1698 2002 er-

235 2027 354 2070 g5'nze
380 2026 468 2058 olim
493 2023 644 2067 accepit.
675 2022 778 2055 Aber
795 2018 989 2053 vielleicht
1014 2017 1062 2050 ist
1078 2016 1198 2059 itaque
1216 2015 1309 2048 nach
1329 2015 1490 2058 accepit
1512 2025 1581 2048 vor
1604 2015 1697 2056 facit

233 2072 477 2116 ausgesallen.
506 2090 546 2094 —
594 2068 695 2112 facit.
735 2066 823 2101 cod.
859 2065 1015 2108 Malasp.
1052 2063 1137 2097 Asc.
1187 2061 1285 2095 Crat.
1324 2061 1453 2094 Lamb.
1495 2060 1554 2094 laic
1590 2061 1695 2102 facit.

233 2119 390 2163 Malasp.
422 2128 522 2162 susp.
555 2114 805 2159 excipiendum
835 2111 1019 2155 probante
1051 2110 1140 2143 Ern.
1177 2108 1250 2141 ΟΒ.
1277 2126 1322 2131 -
1366 2107 1446 2140 Has
1474 2132 1482 2140 .
1501 2131 1510 2140 .
1529 2133 1537 2140 .
1571 2107 1698 2140 sordes

234 2175 374 2208 accep.,
417 2164 545 2197 diesen
580 2161 741 2196 Flecken
780 2160 844 2192 hat
883 2168 950 2191 uns
988 2166 1099 2190 unser
1130 2153 1282 2189 Freund
1316 2153 1360 2188 Q.
1386 2152 1550 2186 Titinius
1584 2163 1700 2196 ange-

232 2211 415 2246 schmitzt.
448 2209 519 2243 E'rn
548 2207 770 2243 Romischer
795 2205 921 2239 Ritter
944 2215 980 2237 u.
1004 2203 1212 2244 fenerator,
1246 2200 1426 2234 welchem
1453 2210 1498 2232 zu
1524 2199 1698 2233 Gesallen

233 2257 385 2292 Attikus
415 2256 486 2290 den
517 2255 696 2299 besagten
721 2252 870 2287 Tullius
903 2251 987 2284 dem
1012 2249 1146 2284 Cicero
1177 2257 1259 2280 zum
1283 2246 1450 2290 Legaten
1485 2246 1698 2290 empfohlen

234 2305 349 2342 hatte,
383 2299 423 2341 S.
450 2302 497 2337 ad
512 2302 633 2340 Amic.
650 2301 719 2343 IX,
737 2301 770 2334 6.
804 2299 855 2341 II,
872 2298 904 2332 4.
930 2296 1020 2339 VII,
1042 2296 1097 2330 18.
1133 2294 1246 2330 Verr.
1265 2294 1377 2336 l‚49.
1425 2293 1505 2327 Des
1531 2291 1695 2326 Titinius

233 2349 338 2385 Sohn
363 2349 456 2383 hielt
481 2348 763 2387 esanitCiisan
790 2341 1134 2379 sein'Halbbruder
1160 2351 1240 2374 war
1255 2339 1295 2374 C.
1313 2339 1494 2373 Fannius.v
1519 2337 1562 2373 S.
1583 2339 1696 2372 Wes-

232 2396 354 2440 seling
381 2396 470 2430 Obs.
486 2395 517 2437 I,
534 2396 587 2428 13.
612 2393 658 2426 ad
683 2393 796 2426 Amic.
815 2392 866 2433 V,
880 2391 937 2424 21.
955 2407 1000 2414 -
1047 2388 1086 2423 Q.
1105 2388 1260 2429 fratrem
1286 2411 1293 2420 .
1311 2412 1318 2420 .
1333 2412 1340 2419 .
1362 2385 1539 2429 praefeci.
1577 2384 1615 2419 S.
1635 2395 1695 2429 ep.

232 2441 533 2484 CCXXXVIII,
552 2442 606 2474 10.
632 2437 881 2480 CCXXVIII,
896 2437 930 2471 5.
945 2454 988 2460 -—
1021 2435 1061 2469 Q.
1082 2433 1276 2470 Volusium.
1299 2432 1345 2466 de
1369 2431 1566 2465 comitibus
1590 2430 1698 2464 Cice-

231 2488 335 2522 ronis
369 2488 406 2521 in
434 2487 588 2530 Cilicia,
620 2485 847 2530 praefectum
878 2487 939 2516 aut
963 2480 1151 2515 tribunum
1175 2479 1350 2521 militum,
1383 2478 1447 2524 qui
1471 2489 1492 2512 a
1515 2477 1709 2511 Cicerone.

234 2534 487 2579 eloquentiam
528 2532 672 2567 didicit.
720 2530 811 2566 Vid.
847 2530 893 2563 ad
927 2527 1057 2562 Famil.
1082 2526 1137 2569 V,
1166 2528 1218 2560 10.
1243 2526 1300 2560 20.
1324 2543 1368 2549 ·—
1414 2525 1473 2558 ius
1505 2523 1579 2569 eibi
1609 2523 1695 2556 dict.

232 2591 337 2625 neg„
372 2580 475 2614 nicht
507 2585 655 2624 sagten,
687 2576 766 2611 sich
798 2576 898 2609 nicht
930 2574 1175 2607 beschweren
1206 2573 1390 2614 konnten,
1424 2581 1464 2605 es
1496 2569 1551 2603 sei
1583 2568 1696 2602 ilmen

167 2646 169 2649 f
232 2626 297 2660 das
333 2627 455 2661 Recht
493 2630 644 2669 versagt
683 2622 848 2657 worden.
914 2620 1006 2655 Scil.
1044 2619 1222 2652 adversus
1255 2617 1437 2664 Cyprios,
1477 2615 1697 2659 quibuscum

230 2679 355 2707 essent
386 2673 432 2707 iis
464 2669 753 2706 controversiae.
779 2668 886 2702 SCH.
911 2685 956 2692 —
993 2665 1161 2708 evocari,
1195 2664 1399 2699 abzurufen
1425 2663 1499 2696 und
1523 2662 1696 2696 vorzula-

228 2718 310 2752 den.
370 2720 422 2753 Es
453 2725 591 2753 musste
624 2717 735 2750 ihnen
768 2714 805 2748 in
831 2714 948 2748 ihrem
971 2713 1101 2746 Laude
1125 2712 1247 2746 Recht
1270 2709 1502 2755 gesprochen
1527 2708 1693 2742 werden.

226 2783 270 2790 —-
303 2766 399 2800 Non.
428 2767 526 2805 Iam,
561 2776 616 2799 am
647 2763 679 2797 5.
707 2762 852 2796 Ianuar.
875 2780 920 2786 --
964 2770 1033 2803 qua
1066 2758 1328 2801 admiratione,
1361 2755 1436 2791 wie
1467 2754 1693 2789 bewundert

1746 2942 1755 3043 n—-fflv
1747 2870 1749 2874 -
