1795 3043
242 81 342 129 324
500 77 564 123 M.
601 75 656 121 T.
694 73 1036 123 CICERONIS
1069 75 1444 126 EPISTOLAE.

194 191 221 232 2
244 189 409 230 bustum
439 187 572 229 Basili
599 187 846 230 vulneratus
873 188 914 228 et
942 187 1201 241 despoliatus
1229 191 1303 231 est.
1359 189 1531 243 Videbis
1558 189 1702 247 igitur,

242 244 448 297 numquid
483 244 615 286 fuerit
650 245 695 285 in
732 245 806 298 iis,
850 245 965 297 quod
1000 258 1068 286 me
1106 247 1215 287 scire
1245 259 1351 299 opus
1375 248 1453 289 sit:
1505 248 1547 289 et
1575 250 1703 291 simul

243 306 289 343 tu
318 304 399 343 hoc
430 297 718 350 ὁιευκρινήσεις
745 299 959 354 πρόβλημα
995 314 1094 343 sane
1121 301 1349 343 πολιτικόν;
1389 317 1520 356 quum
1549 307 1604 347 sit
1631 319 1703 348 ne-

243 371 358 400 cesse
386 359 459 399 aut
487 358 639 400 haberi
669 359 859 400 Caesaris
887 359 1120 411 rationem,
1158 360 1236 401 illo
1265 361 1500 402 exercitum
1529 364 1597 404 vel
1626 375 1705 416 per

240 417 432 457 senatum
462 418 530 457 vel
558 428 634 469 per
662 416 855 457 tribunos
892 416 1030 470 plebis
1066 416 1307 467 obtinente,
1346 419 1420 459 aut
1457 418 1707 472 persuaderi

242 473 425 520 Caesari,
457 475 504 513 ut
532 472 672 514 tradat
699 473 963 526 provinciam
993 474 1119 525 atque
1149 475 1382 515 exercitum
1396 476 1439 515 et
1468 477 1530 516 ita
1552 476 1703 517 consul

240 529 339 579 fiat3
367 532 454 578 aut,
485 531 520 571 si
549 530 593 571 id
621 543 706 571 non
736 530 1051 582 persuadeatur,
1080 529 1230 572 haberi
1265 532 1438 573 comitia
1465 533 1557 574 sine
1584 533 1703 574 illius
1794 581 1795 589 ἵ

239 587 427 635 ratione,
469 588 546 628 illo
572 588 763 639 patiente
792 589 921 638 atque
950 587 1166 628 obtinente
1202 589 1491 640 provinciam3
1530 591 1625 638 aut,
1664 589 1703 630 si
1792 604 1795 627 ι

239 657 317 697 per
345 644 536 685 tribunos
564 643 702 696 plebis
731 655 815 684 non
845 644 1056 696 patiatur,
1093 646 1233 685 tamen
1263 646 1475 699 quiescat,
1515 659 1604 687 rem
1633 646 1702 687 ad-

240 701 338 742 duci
367 701 420 742 ad
448 702 760 753 interregnum;
801 704 895 748 aut,
934 701 971 740 si
1008 701 1062 741 ob
1103 714 1194 742 eam
1224 715 1414 755 causam,
1451 703 1564 755 quod
1591 703 1705 744 ratio

240 759 331 799 eius
360 770 444 798 non
474 756 700 805 habeatur,
742 757 975 797 exercitum
1005 757 1206 811 adducat,
1243 761 1373 800 armis
1402 772 1498 802 cum
1527 772 1576 800 eo
1606 771 1706 800 con-

238 814 435 863 tendere;
480 815 603 855 illum
642 815 784 855 autem
822 814 992 855 initium
1026 815 1169 856 facere
1207 828 1420 858 armorum
1459 819 1533 858 aut
1560 817 1705 858 statim

239 872 362 913 nobis
390 870 527 912 minus
553 871 716 924 paratis
743 871 817 911 aut
847 873 958 919 tum,
999 883 1130 922 quum
1171 874 1375 922 comitiis,
1419 874 1569 915 amicis
1611 874 1704 913 eius

239 928 567 981 postulantibus,
595 930 682 969 ute
699 929 793 981 lege
819 929 929 968 ratio
959 928 1182 977 habeatur,
1211 930 1481 981 impetratum
1508 942 1594 971 non
1623 930 1703 971 sit:

238 987 301 1027 ire
331 987 473 1027 autem
502 985 554 1026 ad
583 997 701 1027 arma
730 987 802 1025 aut
831 985 942 1026 hauc
970 998 1098 1026 unam
1126 986 1180 1026 ob
1216 999 1408 1034 causam,
1447 987 1559 1038 quod
1593 986 1703 1028 ratio

238 1056 322 1084 non
352 1042 580 1089 habeatur,
624 1044 696 1083 aut
738 1041 882 1083 addita
917 1054 1069 1091 causa,
1119 1043 1156 1083 si
1196 1044 1303 1084 forte
1341 1043 1535 1084 tribunus
1563 1044 1704 1096 plebis

238 1101 426 1141 senatum
467 1099 698 1152 impediens
726 1100 800 1139 aut
836 1100 1039 1151 populum
1073 1099 1256 1140 incitans
1283 1102 1453 1141 notatus
1481 1102 1555 1141 aut
1584 1113 1703 1141 sena-

237 1160 307 1197 tus
345 1157 538 1197 consulto
577 1156 923 1208 circumscriptus
962 1158 1034 1196 aut
1073 1156 1261 1197 sublatus
1299 1159 1371 1197 aut
1411 1159 1610 1209 expulsus
1648 1158 1703 1197 sit

237 1214 435 1254 dicensve
464 1225 508 1253 se
538 1214 758 1264 expulsum
787 1213 839 1252 ad
879 1213 999 1253 illum
1030 1215 1290 1266 confugerit:
1334 1216 1528 1266 suscepto
1559 1215 1702 1255 autem

237 1270 371 1317 bello,
403 1271 476 1310 aut
503 1269 685 1309 tenenda
715 1269 770 1308 sit
798 1269 898 1309 urbs
927 1272 1000 1309 aut
1028 1283 1078 1309 ea
1107 1271 1259 1310 relicta
1288 1270 1364 1310 ille
1393 1273 1631 1312 commeatu
1658 1273 1702 1312 et

238 1327 415 1379 reliquis
442 1325 577 1378 copiis
608 1325 974 1366 intercludendus:
1014 1326 1124 1378 quod
1153 1327 1305 1366 horum
1333 1328 1563 1379 malorum,
1602 1341 1703 1379 quo-

189 1396 214 1434 3
238 1396 331 1424 rum
363 1382 533 1436 aliquod
563 1384 680 1423 certe
710 1382 970 1423 subeundum
998 1385 1079 1430 est,
1124 1383 1343 1424 minimum
1370 1386 1507 1437 putes.
1572 1385 1703 1425 Dices

237 1442 428 1493 profecto
455 1439 702 1493 persuaderi
731 1440 821 1493 illi,
861 1442 908 1480 ut
946 1440 1087 1481 tradat
1129 1441 1362 1482 exercitum
1392 1444 1435 1482 et
1463 1441 1525 1482 ita
1553 1442 1701 1483 consul

325 1575 358 1610 2.
397 1574 730 1624 διευκρινήσεις
763 1574 939 1622 πρόβλ.,
980 1574 1062 1609 lose
1097 1573 1168 1608 mir
1201 1573 1378 1617 folgende
1413 1575 1601 1619 Aufgabe,
1638 1575 1701 1609 die

235 1621 409 1656 wirklich
433 1623 537 1656 eines
561 1621 862 1664 Staatsmannes,
896 1620 972 1654 wie
995 1621 1080 1663 Du,
1118 1620 1285 1663 wurdig,
1325 1620 1390 1654 od.
1428 1621 1490 1655 die
1523 1622 1701 1656 wir-klich

234 1668 451 1703 staatlicher
483 1669 553 1702 Art
578 1668 635 1702 ist.
662 1686 706 1692 —
753 1667 833 1701 hab.
865 1666 948 1700 Cas.
983 1667 1182 1705 rationem,
1215 1677 1323 1700 wenn
1356 1666 1428 1701 wir
1463 1667 1547 1701 dem
1585 1668 1700 1702 Casar

234 1714 299 1748 das
324 1714 518 1750 Vorrecht
540 1713 766 1758 zugestehen
792 1714 960 1755 miissen,
993 1712 1073 1746 sich
1106 1712 1305 1745 abwesend
1332 1723 1390 1746 um
1427 1713 1491 1747 das
1519 1714 1700 1748 Consulat

234 1771 278 1795 zu
305 1760 522 1796 bewerben.
558 1761 626 1795 illo
644 1787 652 1795 .
665 1786 673 1794 .
691 1786 699 1795 .
716 1759 895 1793 obtinente
920 1765 1007 1793 statt
1041 1759 1211 1793 Caesaris
1229 1785 1236 1791 .
1248 1784 1256 1792 .
1277 1785 1282 1792 .
1300 1759 1503 1793 exercitum
1520 1786 1528 1794 .
1544 1787 1552 1794 .
1570 1786 1578 1793 .
1599 1759 1698 1794 obti-

234 1806 355 1841 nentis
378 1818 423 1840 =
447 1807 520 1850 ita,
548 1812 614 1841 ut.
630 1833 639 1841 .
655 1832 663 1840 .
683 1806 861 1840 obtineat.
911 1804 963 1840 So
988 1806 1016 1848 §.
1035 1807 1075 1840 3:
1112 1805 1209 1838 ratio
1235 1804 1315 1837 hab.
1342 1805 1532 1839 retinentis
1555 1812 1626 1841 cet.
1651 1824 1698 1832 -—-

234 1854 268 1887 si
291 1853 331 1886 id
353 1863 444 1895 non,
470 1853 547 1887 Md.
569 1864 680 1887 asec.
708 1864 756 1888 m.
782 1853 906 1887 Oxou.
926 1854 955 1885 l.
981 1857 1051 1885 cet.
1078 1851 1119 1884 id
1142 1851 1177 1884 ei
1201 1851 1259 1883 vel
1286 1861 1356 1884 non
1380 1852 1425 1885 ei.
1454 1852 1528 1886 ΟΒ.
1547 1871 1591 1876 —-
1637 1863 1698 1886 co-

234 1899 340 1932 mitia
366 1899 590 1933 consularia.
613 1918 657 1924 ——
705 1903 822 1932 tamen
848 1898 992 1941 (Lamb.
1011 1899 1191 1938 ettamen)
1218 1897 1376 1941 quiescat
1401 1897 1425 1931 i.
1444 1909 1475 1932 e.
1497 1909 1596 1932 arma
1622 1910 1696 1932 non

234 1951 387 1979 moveat.
415 1964 458 1969 —
505 1945 770 1987 interregnum.
820 1945 936 1980 Quum
962 1944 1058 1977 enim
1084 1943 1233 1977 comitia
1258 1954 1375 1986 usque
1401 1954 1446 1977 eo
1471 1945 1698 1989 protrahun-

234 1997 314 2033 tur,
357 1997 396 2024 ut
431 1991 630 2035 insequens
662 2002 778 2025 annus
814 1991 895 2026 sine
920 1990 1136 2025 consulibus
1162 1989 1228 2031 sit,
1264 1990 1514 2032 interregnum
1545 1990 1694 2025 dicitur.

232 2037 437 2072 MANUT.
465 2057 504 2062 —
556 2049 574 2071 e
597 2038 693 2080 lege,
716 2037 815 2071 kraft
839 2037 905 2071 des
930 2038 1004 2070 ihm
1020 2047 1065 2071 zu
1087 2037 1250 2070 Gunsten
1277 2037 1494 2079 gegebenen
1515 2035 1695 2071 Gesetzes

232 2084 255 2118 i.
284 2094 315 2118 e.
344 2084 429 2127 lege
456 2083 630 2127 Vatinia,
661 2083 832 2127 Pompeii
869 2089 905 2117 et
939 2083 1077 2117 Crassi.
1115 2081 1153 2116 S.
1182 2092 1226 2115 zu
1257 2082 1283 2124 ἕ.
1304 2083 1324 2114 4
1352 2093 1385 2114 u.
1414 2093 1471 2127 ep.
1489 2083 1569 2124 298,
1591 2084 1622 2118 6.
1649 2102 1693 2107 —

231 2130 326 2174 qaod
349 2129 447 2163 ratio
481 2130 563 2165 scil.
598 2130 678 2165 eius
709 2140 781 2163 non
813 2129 1009 2172 habeatur,
1046 2128 1120 2162 wie
1151 2127 1281 2162 Lamb.
1316 2126 1423 2161 lies't.
1457 2147 1502 2153 —-
1551 2132 1694 2163 notatus

231 2176 312 2211 scil.
339 2176 463 2220 aliqua
488 2174 712 2220 ignominia,
745 2183 783 2210 ut
817 2182 905 2210 nota
937 2174 1118 2209 censoria.
1176 2172 1383 2208 vielleicht
1407 2173 1455 2207 ist
1489 2174 1589 2209 diess
1620 2186 1694 2209 von

230 2223 520 2266 Waffengewalt
544 2233 590 2257 zu
616 2222 837 2264 verstehen,
870 2221 932 2256 die
957 2233 1039 2255 man
1065 2221 1147 2254 dem
1172 2219 1270 2255 Veto
1296 2219 1363 2253 der
1395 2219 1586 2255 Tribunen
1614 2227 1694 2255 ent-

229 2279 349 2312 gegeu
374 2268 510 2302 stellte.
560 2269 652 2313 Vgl.
671 2269 776 2303 Caes.
806 2269 852 2302 de
867 2268 964 2302 Bell.
992 2267 1104 2302 Civil.
1123 2269 1161 2301 7:
1189 2272 1228 2299 ut
1254 2265 1445 2300 tribunitia
1468 2266 1692 2301 intercessio

229 2314 342 2349 armis
366 2320 557 2349 notaretur
579 2321 691 2358 atque
714 2315 1000 2360 opprimeretur.
1032 2313 1145 2347 Diess
1160 2323 1239 2345 war
1256 2323 1387 2356 grosse
1400 2312 1693 2358 Beschimpfung

229 2360 296 2396 der
310 2360 646 2396 Tribunenwiirde.
672 2379 716 2386 —-
760 2360 1080 2404 circumscriptus,
1107 2369 1189 2392 vom
1207 2359 1317 2392 Amte
1337 2359 1572 2403 suspendirt5
1607 2361 1691 2393 sub-

227 2408 345 2451 latus,
380 2407 592 2451 abgesetzt;
625 2407 793 2451 expulsus
818 2418 866 2442 ex
892 2407 996 2440 urbe.
1024 2424 1062 2429 —
1114 2405 1279 2439 dicensve
1310 2404 1333 2439 i.
1359 2415 1391 2439 e.
1422 2412 1510 2448 aut,
1545 2405 1689 2440 etiamsi

226 2465 298 2488 non
326 2454 506 2500 expulsus
531 2453 602 2496 sit,
629 2458 750 2487 tamen
774 2453 902 2488 dicens
924 2463 965 2486 se
990 2451 1199 2496 expulsum.
1233 2451 1357 2484 dicens
1380 2452 1419 2484 vi
1442 2451 1510 2486 Cd.
1528 2451 1687 2495 Longol.

226 2502 313 2536 Asc.
330 2502 361 2535 1.
398 2500 582 2545 probante
618 2498 768 2533 Ursino.
793 2518 838 2524 —
885 2499 979 2543 quod
1010 2497 1138 2531 horum
1169 2497 1351 2531 malorum
1381 2503 1452 2532 cet.
1479 2498 1592 2541 hangt
1616 2509 1687 2531 von

225 2550 262 2580 tu
288 2546 354 2581 lzoc
384 2544 718 2594 ὃιευκριινήσεις
749 2544 991 2592 πρόβλημα
1026 2544 1074 2577 im
1099 2544 1183 2578 Ans.
1209 2543 1276 2578 des
1302 2543 1492 2578 Perioden
1517 2544 1574 2577 ab.

312 2605 346 2638 3.
380 2603 491 2636 Dices
519 2602 682 2646 profecto
716 2601 796 2635 scil.
832 2602 961 2636 horum
994 2601 1173 2635 malorum
1204 2600 1393 2635 minimum
1425 2605 1461 2634 te
1493 2605 1625 2643 putare
1649 2600 1688 2636 τὸ

216 2649 435 2694 persuaderi
457 2648 519 2682 illi
543 2654 612 2683 cet.
655 2647 783 2681 Ueber
807 2647 936 2682 diesen
959 2646 1137 2681 Infinitiv.
1171 2646 1310 2681 obiecti
1335 2658 1363 2681 s.
1382 2646 1530 2680 Ramsh.
1556 2646 1584 2688 §.
1605 2647 1686 2689 168,

218 2697 253 2730 8.
281 2714 324 2721 —
366 2699 404 2728 ut
428 2695 552 2728 tradat
572 2694 802 2738 provinciam
825 2698 930 2738 atque
953 2694 1151 2728 exercitum
1165 2694 1262 2727 coni.
1279 2693 1317 2727 in
1343 2703 1388 2727 m.
1406 2693 1508 2727 1584.
1559 2692 1685 2726 Allein

218 2742 256 2776 in
282 2741 364 2776 dem
390 2741 541 2776 blossen
565 2741 763 2776 exercitum
787 2739 881 2786 liegt
905 2741 1000 2777 auch
1016 2740 1118 2775 ienes
1137 2740 1251 2774 sehon
1272 2739 1504 2784 angegeben,
1535 2749 1591 2772 um
1619 2738 1687 2772 im-
