1795 3043
546 29 862 76 EPISTOLA
899 27 1120 73 CXCVII.
1506 33 1571 79 31

103 146 148 186 in
183 144 353 192 Aristo,
392 142 505 196 apud
546 155 672 193 quem
715 154 843 183 eram.
930 140 1038 181 Nam
1079 140 1298 181 Xenonem
1336 141 1461 180 tuum
1500 143 1570 181 vel

102 204 295 244 nostrum
334 202 476 255 potius
516 200 671 248 Quinto
709 211 1017 240 concesseram:
1050 200 1093 238 et
1135 200 1274 238 tamen
1306 200 1482 250 propter
1510 198 1572 238 vi-

101 260 322 301 cinitatem
362 261 470 299 totos
516 257 605 297 dies
642 257 769 297 simul
810 268 977 296 eramus
1020 255 1217 297 invicem.
1306 255 1444 303 Quum
1484 255 1571 307 pri-

100 330 215 357 mum
245 317 430 369 potetis,
471 316 545 355 tua
575 315 756 356 consilia
785 314 837 354 ad
867 326 934 352 me
964 313 1151 362 seiiba53
1192 315 1240 353 ut
1269 314 1423 365 seiam,
1464 313 1569 364 quid

101 387 223 427 agas,
264 374 340 415 ubi
370 385 538 456 quoque
567 379 756 424 tempore
787 373 828 411 et
858 371 1039 412 maxime
1071 371 1240 422 quaudo
1271 371 1429 411 Romae
1458 371 1569 411 tutu-

101 443 124 471 l
127 444 174 471 us
205 432 273 473 SIS

302 568 617 616 EPISTOLA
655 565 874 612 CXCVII.
912 565 993 624 (ad
1015 567 1120 613 Div.
1156 565 1281 612 XIII.
1320 568 1388 626 1.)

216 656 298 692 Ser.
323 657 480 693 Athenis
507 656 606 690 circa
630 655 715 688 Kal.
743 653 900 690 Quintil.
924 654 970 689 A.
995 654 1040 689 U.
1068 655 1108 689 C.
1136 656 1213 690 703.
1240 656 1286 698 (a.
1314 655 1354 690 C.
1380 655 1453 697 51.)

100 726 135 760 Α
159 724 354 770 Memmio,
380 726 444 769 qui
477 725 668 758 damnatus
695 724 781 767 lege
813 723 860 756 de
886 723 1025 756 ambitu
1051 723 1210 758 Athenis
1237 724 1455 767 exsulabat,
1487 722 1567 768 pri-

100 772 163 805 die
188 778 321 815 autem,
347 783 453 824 quam
479 771 614 806 Ciceio
639 771 803 804 Athenas
829 770 987 812 veniret,
1012 770 1214 816 MJtilenas
1241 771 1475 813 discesserat,
1501 782 1568 824 pe-

103 818 160 861 tit,
196 825 235 852 ut
272 818 308 852 in
342 819 498 863 gratiam
524 829 605 851 cum
631 818 797 851 Patlone
822 817 1013 861 Epiculeo
1044 817 1172 850 tedeat
1203 817 1313 860 eique
1346 824 1383 851 ut
1409 816 1567 863 parieti-

102 875 165 898 nas
190 865 353 909 aedium,
387 865 424 899 in
452 864 587 908 quibus
615 864 702 897 olim
727 863 916 908 Epic-ulus
942 863 1090 897 habitat
1096 871 1196 907 etat,
1233 864 1423 899 concedat.
1459 866 1563 900 1-7.

466 934 518 967 Μ.
546 932 734 967 CICERO
761 931 799 966 S.
824 932 874 966 D.
901 932 941 966 C.
968 932 1197 967 MEMMIO.

215 1004 309 1044 Etsi
348 1016 433 1044 non
474 1004 575 1044 satis
616 1003 722 1043 mihi
753 1003 1025 1053 constiterat,
1071 1016 1168 1043 cum
1197 1003 1398 1055 aliquane
1435 1004 1566 1045 animi

100 1060 185 1100 mei
217 1061 423 1113 molestia,
453 1074 506 1101 an
537 1062 679 1113 potius
708 1059 907 1100 lubenter
936 1063 979 1100 te
1008 1061 1188 1101 Athenis
1218 1061 1385 1101 visurus
1416 1074 1564 1114 essem,

101 1117 213 1169 quod
242 1118 424 1170 iniuria,
455 1132 580 1170 quam
609 1118 837 1169 accepisti,
870 1118 1016 1157 dolore
1044 1131 1111 1158 me
1142 1117 1356 1167 afficeret3
1400 1119 1566 1172 sapien-

100 1176 161 1215 tia
190 1176 291 1224 tua,
324 1189 408 1228 qua
437 1177 523 1216 fers
553 1176 781 1223 iniuriam,
818 1176 1007 1217 laetitia:
1037 1178 1175 1215 tamen
1206 1176 1361 1216 vidisse
1391 1179 1433 1216 te
1463 1178 1566 1217 mal-

101 1234 197 1273 lem.
257 1232 379 1281 Nam,
411 1234 523 1284 quod
553 1235 615 1273 est:
643 1233 885 1285 molestiae,
916 1246 998 1272 non
1031 1245 1130 1273 sane
1161 1234 1294 1272 multo
1325 1234 1460 1274 levius
1490 1236 1566 1286 est,

101 1301 231 1341 quum
260 1290 303 1328 te
333 1303 417 1330 11011
447 1291 598 1332 video:
638 1291 749 1341 quod
780 1303 872 1329 esse
902 1290 1040 1342 potuit
1070 1290 1326 1342 voluptatis,
1359 1293 1496 1343 certe,
1529 1293 1566 1332 si

101 1347 299 1386 vidissem
339 1348 404 1394 te,
444 1349 540 1399 plus
578 1348 738 1388 suisset.
798 1348 947 1399 Itaque
987 1360 1072 1386 non
1104 1346 1305 1387 dubitabo
1337 1348 1437 1388 dare
1467 1361 1566 1401 ope-

103 1417 213 1453 ram,
244 1406 292 1443 nt
320 1405 362 1444 te
392 1404 580 1457 videam,
612 1417 739 1455 quum
771 1404 814 1444 id
846 1405 948 1444 satis
979 1404 1195 1444 commode
1228 1405 1370 1444 facere
1400 1408 1565 1458 potero.

101 1530 309 1574 disputant,
342 1529 435 1563 nihil
468 1528 562 1562 certi
596 1527 792 1561 assu-‚mant
841 1527 972 1570 Itaque
998 1526 1043 1559 ad
1069 1525 1181 1560 Attic.
1213 1526 1332 1569 XIII,
1363 1527 1407 1561 23
1432 1526 1502 1560 ait:
1531 1527 1564 1562 O

101 1576 336 1610 Academiam
368 1575 564 1609 volaticam
599 1580 635 1608 et
661 1574 717 1607 sui
744 1573 915 1616 similem,
949 1573 1058 1606 modo
1086 1574 1156 1606 huc
1189 1573 1300 1606 modo
1322 1551 1427 1607 illuc..
1453 1574 1563 1609 SCH.

99 1623 200 1667 „Die
231 1621 497 1666 Philosophie,
523 1631 595 1653 von
627 1620 792 1653 welchel
823 1621 949 1663 As,lle
988 1630 1065 1653 was
1100 1630 1171 1653 von
1198 1619 1293 1653 oben
1326 1619 1442 1654 herab
1482 1622 1564 1664 (aus

99 1648 242 1704 ’Plato's
274 1669 427 1710 Schule)
461 1667 693 1710 noch-iibrig
719 1667 797 1700 sein
823 1677 925 1710 mag,
959 1665 995 1699 in
1028 1664 1115 1699 Alis
1121 1673 1177 1699 tus
1212 1668 1443 1700 anzutreffen
1476 1667 1565 1701 ist.“

105 1716 257 1750 WIEL.
290 1716 443 1749 Aristus
475 1725 553 1748 war
593 1714 653 1747 ein
686 1713 966 1746 akademischet·
997 1712 1209 1757 Philosoph
1248 1723 1282 1746 u.
1316 1713 1466 1746 Bruder
1498 1714 1564 1748 des

100 1762 319 1797 Antiochus.
353 1761 390 1796 S
417 1762 523 1795 Brut.
560 1772 589 1793 e.
615 1762 671 1802 97,
697 1771 757 1793 wo
784 1771 825 1793 er
850 1760 913 1793 ihn
945 1758 1136 1792 haeredem
1167 1760 1301 1792 veteris
1324 1760 1564 1804 Academiae,

102 1808 285 1854 hospitem
319 1814 354 1841 et
394 1808 615 1841 familiaiem
656 1817 759 1839 snum
794 1813 926 1848 nennt;
968 1817 998 1840 c,
1024 1808 1080 1840 91.
1114 1816 1144 1839 c
1169 1807 1225 1840 31.
1259 1817 1289 1840 e.
1314 1807 1371 1840 40.
1406 1807 1560 1841 Tuscul.

100 1856 172 1890 ,Dis
176 1861 254 1901 p.ut
287 1854 334 1897 V,
359 1855 392 1888 8.
424 1854 565 1889 Α.οῆόά
593 1855 624 1896 1,
649 1855 682 1887 3.
710 1872 754 1876 —-
787 1864 845 1896 ap.
881 1864 912 1897 q.
941 1863 1060 1891 eiam,
1096 1852 1158 1885 bei
1191 1852 1274 1885 dem
1306 1852 1367 1885 ich
1400 1853 1564 1887 wohnte.

100 1868 198 1946 VglP
216 1902 261 1935 de
288 1901 390 1934 Orat.
418 1902 450 1943 1,
479 1900 612 1943 18,82.
640 1919 683 1923 —-
708 1899 908 1942 Xenonem,
932 1899 1161 1943 Epicureum
1186 1898 1472 1943 philosophum,
1498 1899 1564 1942 qui
1631 1903 1634 1905 ’

100 1955 138 1982 et
169 1949 215 1982 ab
240 1947 367 1982 Attico
392 1948 573 1991 Epicureo
600 1951 636 1980 et
661 1957 681 1979 a
707 1946 890 1980 Ciceione
915 1945 1154 1989 diligebatur.
1204 1945 1302 1978 Hinc
1327 1949 1437 1979 tuum.
1474 1946 1562 1981 Vid.

101 2006 160 2039 ep.
194 1993 412 2036 CXCVIII,
445 1996 478 2029 6.
512 1999 549 2026 et
582 1992 864 2034 CCLXXXIV,
897 1994 929 2026 l.
971 2011 1013 2016 ——
1056 1992 1188 2027 Quinto
1221 1992 1329 2025 frani
1369 1998 1407 2026 et
1436 1992 1563 2036 legato

26 2074 31 2078 .
99 2052 194 2075 meo.
226 2060 267 2064 —
301 2044 478 2084 tempora
513 2039 587 2073 wie
621 2051 678 2084 ep.
714 2039 865 2081 CXCV,
897 2039 929 2072 2.
980 2038 1044 2073 Sic
1084 2038 1154 2071 iam
1191 2038 1290 2072 Crat.
1338 2043 1378 2071 ut
1412 2038 1563 2073 volebat

99 2089 189 2122 Ειη.
222 2087 401 2129 deditque
434 2086 519 2121 Sch.
552 2086 646 2119 Liin.
682 2086 760 2129 (ubi
790 2096 925 2128 quoque
964 2089 1123 2128 tempowe
1155 2085 1293 2118 Romae
1324 2085 1473 2127 futurus
1509 2085 1564 2118 sis

3 2110 30 2163 i·
98 2134 241 2174 Lamb.)
269 2133 360 2166 omis
346 2150 372 2166 5.
399 2136 557 2177 τεηιροιε
582 2132 672 2167 Cdd.
700 2131 790 2165 noti.
815 2132 910 2165 Edd.
935 2142 1039 2165 meae
1065 2137 1150 2165 ante
1176 2132 1277 2165 C1at.
1339 2131 1434 2164 'lum
1460 2131 1561 2168 Vict.

99 2183 132 2214 l.
156 2181 189 2214 2.
213 2180 313 2214 Man.
345 2180 433 2213 Bos.
461 2180 595 2213 Graev.
627 2179 717 2212 ΕΓΗ.
744 2179 854 2212 Bent.
880 2189 1017 2222 quoque
1040 2178 1199 2211 maxime
1223 2177 1301 2213 Md.
1333 2177 1463 2212 Facile
1501 2188 1563 2211 ca-

99 2237 221 2261 remus
247 2238 279 2260 v.
306 2229 349 2259 et.
381 2226 577 2259 ORELLI.

192 2283 232 2316 C.
258 2281 499 2317 MEMMIO.
548 2281 586 2316 S.
613 2281 660 2315 ad
684 2282 798 2316 Attic.
825 2281 894 2325 IV,
927 2283 970 2316 18
996 2281 1165 2325 (CLVII.
1192 2282 1248 2316 16.
1274 2281 1479 2323 (CXLIX.)
1505 2280 1562 2314 Er

98 2329 232 2362 wurde
257 2340 339 2362 vom
367 2330 409 2364 Q.
436 2328 587 2363 Curtius
613 2329 659 2362 de
684 2329 822 2362 ambitu
849 2328 1022 2372 verklagt
1053 2328 1127 2361 und
1152 2327 1378 2361 verurtheilt
1402 2327 1493 2371 ging
1519 2338 1562 2360 et·

97 2376 190 2455 iliach
215 2376 339 2408 Athen
365 2375 431 2408 ins
455 2375 576 2409 Exsil.
602 2376 646 2408 ad
675 2375 798 2410 Quint.
823 2376 944 2409 Fiatr.
970 2375 1050 2418 III,
1076 2375 1097 2408 2
1124 2374 1254 2419 (CLI.)
1279 2373 1326 2407 ad
1351 2373 1464 2408 Attic.
1489 2373 1562 2418 VI,

98 2422 335 2465 1..(CCL11)
361 2422 587 2465 V·e1gl.den
614 2421 890 2465 solg.B1iet§.
916 2423 949 2456 6.

190 2470 221 2501 l.
246 2469 329 2502 Etsi
353 2479 450 2501 11011..
443 2494 465 2504 ..
491 2469 721 2510 constitevcct,
748 2468 892 2512 aliquid
917 2467 1010 2501 cetti
1044 2472 1263 2508 statueram,
1296 2465 1473 2509 obgleich
1498 2463 1561 2499 ich

97 2512 164 2546 mit
194 2514 264 2548 mir
298 2514 458 2548 daiiiber
490 2516 592 2548 nicht
627 2514 730 2558 einig
771 2481 823 2558 (dq
856 2514 879 2548 i.
913 2513 1156 2556 zweiselhaft)
1195 2523 1286 2546 war.
1319 2531 1364 2536 —
1402 2511 1558 2549 iniuria,

96 2559 322 2605 Kranknng,
355 2561 500 2594 welche
526 2562 598 2595 Dir
622 2560 842 2595 wide1suhr.
890 2560 979 2595 Wie
1005 2559 1139 2594 Cicero
1166 2557 1371 2602 eigentlich
1396 2557 1560 2591 datiiber

98 2605 247 2651 dachte,
286 2607 411 2651 ergibt
451 2607 530 2641 sich
571 2618 634 2641 aus
681 2618 738 2651 ep.
774 2606 868 2641 CLI.
901 2626 946 2631 —
975 2609 1107 2649 [tamen
1142 2606 1218 2638 υἱώ
1254 2608 1287 2637 te
1317 2604 1482 2647 mallem,
1515 2614 1558 2637 so

98 2653 226 2686 wollte
253 2653 311 2687 ich
338 2654 432 2687 doch
459 2653 590 2696 liebei,
618 2654 676 2687 ich
703 2654 803 2686 hatte
819 2653 920 2687 Dich
944 2653 1120 2697 gesehen,
1147 2661 1193 2685 zu
1211 2651 1333 2685 Athen
1359 2650 1557 2695 genoffen.

99 2716 139 2723 -
164 2699 306 2733 tzdeam
332 2700 368 2735 in
395 2700 564 2735 Ciliciam
581 2680 845 2745 ⁷·piohciscens
