1795 3043
543 100 856 149 EPISTOLA
916 101 1092 148 CCCX.
1454 105 1557 155 357

88 217 230 258 domos
259 216 424 256 nostras
453 215 496 254 et
523 215 704 267 patriam
733 214 871 268 ipsam
898 215 967 256 vel
997 213 1277 267 diripiendam
1295 214 1365 255 vel
1393 213 1555 254 inflam-

92 273 287 314 mandam
314 272 576 324 reliquimus.
644 273 693 312 In
733 285 830 312 eum
864 273 1006 312 locum
1042 284 1110 312 res
1149 272 1330 312 deducta
1367 273 1452 323 est,
1493 273 1554 321 ut,

86 330 168 371 nisi
208 330 281 382 qui
325 330 427 371 dens
453 330 521 369 vel
567 341 688 370 casus
716 327 872 381 aliquis
901 328 1164 381 subvenerit,
1202 329 1308 370 salvi
1347 341 1436 369 esse
1478 341 1551 367 ne·

84 400 300 440 queamuS.
359 386 592 438 Equidem,
634 389 681 427 ut
709 387 807 427 veni
837 385 889 426 ad
918 385 1089 437 urbem,
1119 399 1203 426 non
1235 386 1376 426 destiti
1406 385 1548 425 omnia
1571 387 1600 426 2

85 447 129 485 et
167 444 326 485 sentire
366 447 407 484 ct
444 443 586 483 dicere
616 446 658 483 et
695 445 860 494 facere,
900 455 1008 494 quae
1038 442 1091 483 ad
1120 443 1392 484 concordiam
1420 442 1551 495 perti-

84 503 254 542 nerent:
284 501 357 541 scd
385 500 516 540 mirus
544 499 756 541 invaserat
783 502 902 540 furor
931 512 1015 540 non
1046 500 1182 540 solnm
1209 500 1437 551 improbis,
1475 498 1548 539 sed

84 560 215 599 etiam
253 558 326 611 iis,
367 558 442 609 qui
482 556 581 597 boni
623 557 858 609 habentur,
899 558 948 597 ut
984 569 1174 610 pugnare
1210 559 1436 608 cuperent,
1480 569 1548 596 me

84 617 293 656 clamante
340 615 450 655 nihil
496 625 585 654 esse
624 613 738 654 bello
778 614 896 655 civili
937 613 1141 655 miserius.
1217 614 1366 664 Itaque
1418 626 1548 663 quum

85 672 240 713 Caesar
269 672 453 712 amentia
483 670 663 723 quadam
701 673 924 724 raperetur
953 672 995 711 et
1024 670 1181 712 oblitus
1211 671 1390 710 nominis
1419 671 1546 721 atque

83 730 289 770 honorum
320 741 492 770 suorum
517 728 768 777 Ariminum,
798 729 1039 776 Pisaurum,
1070 727 1303 779 Anconam,
1330 726 1546 767 Arretium

82 789 388 838 occupavisset,
421 786 577 826 Urbem
607 786 881 838 reliquimus:
919 798 1046 837 quam
1073 786 1287 837 sapienter
1316 786 1388 825 aut
1417 796 1545 835 quam

80 844 264 895 sortiter,
292 843 401 883 nihil
431 844 581 883 attinet
601 843 825 894 disputari.
884 843 974 891 Quo
1006 843 1175 894 quidem
1203 843 1247 882 in
1278 853 1379 881 casu
1398 842 1539 888 simus,

80 900 210 940 vides.
281 901 496 940 Feruntur
523 900 693 940 omnino
724 900 985 941 conditiones
1016 899 1069 940 ab
1099 900 1198 951 illo,
1236 900 1283 938 ut
1313 898 1540 950 Pompeius
1564 901 1593 941 3

81 959 149 998 eat
178 958 222 997 in
251 958 521 1009 Hispaniam:
564 958 774 1010 delectus,
814 959 887 1009 qui
927 958 1025 997 sunt
1053 956 1211 1008 habiti,
1256 957 1298 995 et
1334 955 1546 1008 praesidia
1595 952 1605 962 '

81 1015 226 1055 nostra
262 1014 549 1055 dimittantur:
599 1027 643 1054 se
678 1016 925 1055 ulteriorem
965 1014 1151 1054 Galliam
1188 1013 1396 1064 Domitio,
1442 1013 1545 1052 cite-

79 1073 235 1113 riorem
266 1071 462 1112 Considio
500 1071 691 1112 Noniano
721 1095 778 1102 —-
806 1072 875 1112 his
905 1071 1018 1111 enim
1057 1071 1301 1123 obtigerunt
1330 1092 1386 1098 —
1417 1068 1543 1108 tradi·

77 1130 242 1169 turum:
288 1129 340 1169 ad
382 1130 622 1169 consulatus
659 1129 908 1181 petitionem
947 1140 991 1168 se
1030 1129 1278 1169 venturum:
1320 1138 1457 1178 neque
1498 1138 1543 1165 se

79 1186 166 1226 iam
195 1186 305 1226 velle
335 1184 508 1226 absente
539 1198 582 1226 se
613 1187 821 1226 rationem
851 1185 1001 1226 haberi
1031 1196 1172 1225 suam:
1203 1196 1248 1223 se
1278 1184 1543 1236 praesentem

26 1283 29 1286 ,
80 1244 240 1283 trinum
268 1243 501 1283 nundinum
542 1244 785 1295 petiturum.
857 1242 1115 1294 Accepimus
1154 1241 1434 1282 conditiones:
1470 1239 1543 1280 sed

79 1300 163 1352 ita,
192 1301 239 1339 ut
267 1301 480 1340 removeat
509 1300 720 1351 praesidia
750 1313 802 1339 ex
831 1300 884 1339 iis
913 1300 1047 1351 locis,
1077 1311 1188 1350 quae
1216 1298 1465 1350 occupavit,
1495 1299 1544 1336 ut

78 1357 169 1396 sine
198 1358 312 1397 metu
342 1355 393 1396 de
422 1357 489 1396 his
519 1357 620 1408 ipsis
651 1355 963 1396 conditionibus
1002 1356 1158 1396 Romae
1197 1356 1364 1395 senatus
1391 1354 1542 1394 haberi

78 1414 226 1464 possit.
283 1413 333 1453 Id
362 1413 436 1452 ille
465 1413 500 1452 si
528 1414 702 1465 fecerit,
743 1425 838 1465 spes
869 1414 932 1452 est
960 1413 1100 1465 pacis,
1138 1425 1222 1452 non
1252 1413 1454 1452 honestae
1483 1431 1540 1439 —
1563 1409 1591 1449 4

78 1472 192 1522 leges
222 1471 334 1510 enim
362 1470 638 1522 imponuntur
667 1491 724 1499 —
753 1470 825 1510 sed
855 1469 1021 1521 quidvis
1051 1471 1114 1509 est
1130 1468 1294 1520 melius,
1324 1481 1451 1520 quam
1481 1468 1542 1509 sic

79 1540 188 1576 esse,
226 1530 274 1567 ut
313 1540 463 1567 sumus.
531 1527 607 1567 Sin
649 1529 789 1567 autem
827 1526 905 1566 ille
945 1526 1033 1567 suis
1070 1525 1387 1568 conditionibus
1428 1527 1543 1565 stare

77 1585 286 1636 noluerit,
328 1583 488 1624 bellum
526 1585 721 1636 paratum
751 1585 836 1633 est,
874 1583 1080 1624 eiusmodi
1110 1585 1274 1635 tamen,
1313 1582 1425 1634 quod
1456 1596 1542 1622 sus-

166 1706 199 1741 2.
223 1706 287 1740 sed
317 1705 428 1740 etiam
451 1705 512 1740 iis.
556 1706 657 1741 vict.
679 1706 712 1740 2.
748 1706 884 1740 Graev.
918 1705 1008 1740 Ern.
1040 1703 1184 1739 Bened.
1219 1703 1306 1738 Sch.
1340 1703 1435 1737 Liin.
1469 1703 1538 1737 ms.

76 1753 178 1788 Crat.
205 1753 305 1789 Vict.
324 1754 355 1786 l.
381 1753 591 1796 improbos.
610 1779 619 1786 .
638 1779 646 1787 .
667 1752 743 1786 hos.
779 1753 853 1786 ΟΒ.
896 1751 935 1787 S.
961 1751 1107 1786 Ramsh.
1134 1752 1165 1794 §.
1187 1749 1268 1793 122,
1295 1769 1336 1774 —
1383 1760 1439 1782 me
1463 1751 1540 1783 cla-

75 1803 211 1838 mance,
237 1800 464 1843 ungeachtet
488 1798 548 1832 ich
573 1798 709 1833 schrie.
758 1799 908 1833 Ramsh.
935 1800 962 1842 §.
985 1799 1064 1841 171,
1089 1798 1124 1839 2,
1150 1797 1187 1830 d.
1212 1815 1255 1820 —
1303 1794 1540 1830 honorum:

75 1845 409 1890 supplicationum,
434 1845 689 1888 magistratus,
716 1844 878 1890 imperii.
925 1845 1016 1888 Vgl.
1042 1855 1100 1888 ep.
1119 1842 1337 1878 CXLVIII:
1388 1843 1538 1885 „Quum

76 1891 214 1925 Caesar
237 1891 490 1935 singularibus
517 1897 666 1924 ornatus
692 1896 729 1925 et
760 1891 868 1925 novis
894 1890 1100 1924 honoribus
1132 1889 1178 1923 ad
1205 1899 1283 1922 eam
1307 1899 1452 1922 causam
1478 1900 1538 1922 ac-

75 1938 263 1972 cede1·et.’'
287 1957 330 1962 -
377 1937 572 1981 disputari.
614 1936 677 1971 Sic
695 1937 772 1972 Md.
794 1938 892 1972 Crat.
910 1937 1008 1972 Vict.
1023 1938 1055 1970 1.
1070 1937 1101 1970 2.
1122 1936 1311 1979 disputare
1327 1935 1423 1969 Cett.
1464 1935 1535 1969 ΟΕ.

166 1986 199 2019 3.
235 1984 391 2025 condit„
434 1983 893 2028 Vergleichsvorschliige.
927 2002 970 2008 —
1026 1984 1064 2016 in
1093 1982 1332 2025 Hispaniam,
1364 1981 1536 2026 Pompeii

75 2029 319 2075 provinciam.
370 2029 460 2065 Vid.
486 2030 533 2063 ad
557 2030 688 2064 Famil.
705 2030 779 2068 VI,
805 2031 837 2064 6.
865 2029 1136 2073 (CCCCLXX,
1163 2029 1224 2069 5.).
1274 2027 1473 2070 „Eundum
1498 2027 1536 2061 in

74 2076 291 2121 Hispaniam
328 2075 456 2110 censui
482 2082 553 2111 cet.
580 2095 624 2100 —
656 2076 813 2109 delectus
832 2102 840 2110 .
858 2101 866 2110 .
883 2101 890 2108 .
910 2075 1047 2118 habiti,
1080 2085 1215 2108 unsere
1246 2084 1317 2106 neu
1351 2075 1536 2118 ausgeho-

76 2123 171 2156 bene
200 2122 446 2157 Mannschast.
483 2141 524 2146 —
573 2122 617 2155 L.
654 2122 818 2156 Domitio
849 2122 1122 2163 Ahenobarbo,
1165 2119 1336 2154 Caesaris
1368 2119 1534 2161 inimico,

77 2169 204 2202 consul
229 2169 294 2211 qui
320 2169 441 2202 suerat
466 2180 547 2202 cum
570 2168 697 2212 Appio
734 2167 900 2202 Claudio.
928 2187 972 2195 —
1022 2168 1061 2202 Q.
1091 2167 1265 2201 Considio
1303 2165 1395 2200 seni.
1446 2166 1534 2202 Vid.

76 2227 135 2259 ep.
155 2216 284 2248 XXX.
317 2215 508 2258 Noniano,
548 2226 597 2248 ex
627 2215 749 2248 Nouia
781 2220 893 2256 gente
918 2214 955 2247 in
982 2213 1193 2248 Considiam
1226 2212 1414 2257 adoptato.
1464 2213 1536 2247 Hic

75 2261 238 2294 nondum
277 2262 408 2295 consul
443 2261 579 2304 fuerat,
615 2260 740 2303 itaque
772 2260 898 2294 Gallia
933 2260 1088 2293 citerior
1113 2258 1304 2303 praetoria
1328 2259 1423 2292 tacta
1446 2270 1536 2303 pro-

76 2307 209 2340 vincia.
258 2307 466 2342 MANUT.
491 2326 536 2332 —-
583 2307 739 2349 obliger.
775 2307 855 2340 scil.
889 2312 1002 2340 sorte.
1029 2324 1070 2330 ——
1118 2306 1279 2348 absente,
1319 2305 1448 2339 Lamb.
1475 2317 1535 2338 ne-

77 2364 141 2397 que
167 2353 240 2385 iam
266 2353 354 2386 velle
377 2354 545 2387 absentis.
573 2373 616 2378 -
662 2365 777 2388 suam.
828 2352 892 2387 Sic
916 2352 992 2386 Md.
1017 2352 1160 2385 Bened.
1188 2351 1248 2385 sui
1271 2351 1407 2385 Ceteri.
1458 2351 1535 2385 Cfr.

78 2398 274 2434 Gernhard
294 2400 342 2431 ad
364 2399 465 2441 Offic.
485 2403 514 2434 1.
541 2400 569 2442 §.
591 2402 666 2434 130.
695 2399 821 2433 Bremi
847 2400 894 2432 ml
920 2399 1062 2432 cornel.
1098 2398 1190 2442 Nep.
1225 2398 1405 2442 Lysmulr.
1431 2398 1474 2439 4,
1500 2398 1533 2431 3.

78 2444 276 2479 ORELLI.
314 2443 351 2478 S.
379 2445 529 2479 Ramslr.
556 2446 584 2488 §.
606 2448 692 2488 153,
719 2447 751 2480 4.
785 2446 870 2479 Not.
886 2447 918 2479 3.
948 2464 987 2469 --
1036 2445 1171 2477 trinum
1197 2445 1415 2484 nundinum,
1454 2442 1535 2476 drei

76 2492 300 2533 Marmtage.
357 2491 515 2531 Eadem,
553 2503 648 2534 qnae
681 2493 716 2524 in
753 2492 901 2534 legibus
935 2491 981 2524 ad
1006 2491 1183 2535 populum
1209 2489 1374 2523 ferendis
1399 2488 1435 2522 in
1461 2501 1536 2522 ma-

77 2537 296 2582 gistratibus
322 2537 492 2571 creandis
517 2538 611 2570 ratio
638 2538 717 2581 snit,
743 2537 988 2582 promulgatis
1014 2548 1082 2581 per
1108 2543 1182 2570 tres
1204 2535 1383 2568 nundinas
1408 2546 1535 2568 eorum

78 2584 308 2626 nominibus,
333 2583 397 2626 qui
423 2584 618 2628 petebant,
646 2593 683 2616 nt
710 2585 885 2629 populus,
912 2584 958 2617 de
989 2583 1124 2625 quibus
1151 2581 1366 2624 sum-agium
1392 2580 1537 2615 laturus

80 2637 196 2672 essct,
222 2636 324 2663 tanto
350 2636 434 2663 ante
461 2636 598 2663 nosset.
646 2630 853 2664 MANUT.
885 2649 925 2654 —-
975 2630 1049 2673 ila,
1077 2640 1120 2661 ea
1144 2629 1212 2661 sub
1238 2626 1468 2667 conditione,
1494 2639 1538 2661 ea

79 2677 182 2719 lege,
209 2685 317 2709 unlcr
344 2676 411 2709 der
434 2675 671 2717 Bedingung.
698 2695 739 2700 ·—
787 2688 824 2709 ez
848 2676 909 2709 iis.
960 2675 1024 2710 Sic
1058 2675 1173 2718 Neap.
1208 2673 1332 2706 Lamb.
1360 2671 1416 2706 his
1441 2673 1535 2707 Ceu.

29 2741 32 2747 ·
80 2733 159 2756 cum
186 2723 263 2756 Md.
290 2742 331 2746 —
381 2723 424 2755 de
449 2721 516 2755 lats.
568 2721 631 2755 Sic
656 2722 732 2755 Md.
758 2723 876 2766 Neap.
905 2725 987 2755 Asc.
1011 2724 1040 2755 l.
1077 2720 1175 2756 Vict.
1191 2720 1223 2752 2.
1259 2719 1306 2752 iis
1331 2719 1425 2753 Ceu.
1463 2719 1536 2754 ΟΒ.

177 2770 201 2801 l.
221 2770 319 2810 leges
334 2769 426 2801 anim
445 2768 552 2801 nobis
572 2768 716 2812 impon„
733 2769 827 2802 denn
848 2768 914 2801 wir
931 2768 1053 2802 lassen
1072 2777 1138 2800 uns
1156 2765 1314 2800 Gcsctze
1330 2767 1540 2801 vox-schrei-
