1795 3043
194 26 295 75 488
448 21 513 70 Μ.
549 21 604 68 Τ.
640 21 981 71 CICERONIS
1014 23 1386 72 EPISTOLAE.

197 132 304 174 Eius
337 133 470 188 igitur
507 133 614 176 mihi
651 134 756 177 vivit
784 135 1035 177 auctoritas:
1083 136 1126 177 et
1154 135 1391 178 simillimus
1420 136 1508 179 eius
1532 136 1649 181 filius

196 190 343 232 eodem
383 193 446 231 est
486 191 598 244 apud
627 204 694 232 me
722 193 933 244 pondere,
972 205 1055 245 quo
1083 193 1167 234 fuit
1193 193 1289 235 ille:
1338 206 1461 247 quem
1489 196 1648 237 salvere

148 261 177 300 2
198 248 326 288 velim
362 247 510 289 iubeas
545 249 787 300 plurimum.
852 251 917 291 Tu
954 251 1073 290 tuum
1107 251 1329 291 consilium
1367 252 1447 292 etsi
1485 263 1570 292 non
1604 253 1651 293 iu

198 305 474 356 longinquum
515 306 679 358 tempus
719 305 886 355 differs,
925 329 979 338 -—-
1034 307 1119 347 iam
1156 309 1268 348 enim
1306 309 1430 348 illum
1465 310 1651 361 emptum

199 359 516 413 pacificatorem
551 375 771 415 perorasse
805 366 929 417 puto,
985 363 1068 404 iam
1106 366 1245 405 actum
1283 364 1446 417 aliquid
1481 377 1570 406 esse
1605 365 1650 406 iu

200 429 397 458 consessu
426 420 684 461 senatorum:
713 441 772 450 —-
816 423 1007 462 senatum
1025 421 1136 461 enim
1164 434 1248 463 non
1265 424 1390 474 put03
1418 445 1475 452 —-
1513 424 1653 464 tamen

199 486 446 526 suspensum
473 489 541 516 me
568 478 715 530 tenes,
743 478 816 519 sed
847 491 895 518 eo
925 478 1084 529 minus,
1114 479 1227 530 quod
1255 492 1337 519 non
1354 479 1524 532 dubito,
1553 478 1654 531 quid

198 531 321 571 nobis
351 533 558 586 agendum
588 536 722 587 putes.
781 535 890 583 Quid
919 536 1031 576 enim
1056 536 1206 577 Flavio
1236 536 1445 589 legionem
1476 539 1520 578 et
1548 537 1656 577 Sici·

197 587 301 628 liam
329 588 422 630 dari
449 591 608 633 scribas
637 593 679 630 et
707 591 753 631 id
780 591 867 631 iam
894 591 1021 633 fieri?
1078 605 1187 645 quae
1232 594 1277 633 tu
1308 596 1471 634 scelera
1498 594 1654 645 partim

197 646 341 697 parari
367 647 452 687 iam
490 650 533 688 et
569 648 771 701 cogitari,
809 648 966 700 partim
1001 661 1053 690 ex
1090 652 1278 702 tempore
1307 652 1451 691 sutura
1479 649 1654 691 censes?

197 722 255 730 —-
287 703 376 755 Ego
405 716 505 744 vero
536 704 728 755 Solonis,
762 705 980 758 popularis
1009 705 1096 754 tui,
1143 709 1190 747 ut
1217 709 1342 761 puto,
1400 709 1527 749 etiam
1556 707 1656 759 mei,

199 772 1661 787 Ἥ

197 791 277 825 Das
303 801 382 824 war
406 791 474 826 der
498 793 750 836 glorreichste
774 794 855 838 Tag
878 795 1002 829 seines
1028 795 1247 839 Consulats,
1288 808 1349 830 wo
1375 807 1417 830 er
1442 797 1502 830 die
1527 796 1657 831 Catili-

194 836 369 871 narische
394 837 702 885 Verschwb'rung
732 839 782 874 im
806 840 1066 886 Augenblicke
1098 841 1199 876 ihres
1223 843 1441 877 Ausbruchs
1465 841 1655 877 erstickte.

196 901 241 908 ——
274 894 381 927 quum
412 895 504 928 ego,
542 885 698 930 ‚‚Sezte,
731 887 904 930 quidnam
935 889 1046 930 ergo⁷’
1085 887 1285 930 dixissem,
1327 889 1382 922 als
1417 889 1476 922 ich
1509 899 1556 922 zu
1580 888 1657 922 ihm

195 935 320 973 sagte:
359 929 500 975 „Nun‚
532 930 690 977 Sextus,
723 934 815 967 Was
840 934 889 967 ist
912 943 961 969 zu
984 934 1125 969 thun3⁷‘
1171 935 1253 968 Der
1278 933 1393 969 Senat
1425 934 1526 978 will,
1571 934 1656 969 dass

196 975 258 1009 ich
283 975 345 1009 die
372 977 676 1013 Verschwornen
701 978 913 1013 hinrichten
939 980 1048 1015 lasse.
1098 980 1194 1014 Thu’
1218 980 1279 1014 ich
1303 981 1401 1024 Das,
1437 991 1479 1015 so
1504 981 1657 1015 werden

195 1020 293 1055 mich
319 1022 381 1057 die
394 1023 709 1068 Uebelgesinnten
726 1025 832 1060 einer
846 1026 1159 1071 rechtswidrigen
1171 1027 1369 1071 Handlung
1389 1026 1656 1070 anschuldigen

198 1067 272 1102 und
290 1068 389 1103 mich
403 1071 609 1115 verlolgen.
640 1073 732 1106 Was
752 1073 828 1106 thu’
841 1072 903 1106 ich
920 1073 1053 1116 daher,
1078 1072 1175 1106 mein
1190 1073 1352 1108 SextusC²
1374 1092 1419 1098 —
1452 1073 1656 1117 inquiline,

194 1124 261 1148 aus
292 1114 375 1148 dem
399 1116 540 1150 Homer
569 1122 812 1161 antwortete3
856 1118 1015 1152 niimlich
1047 1118 1114 1152 mit
1151 1119 1234 1152 dem
1258 1121 1339 1154 304.
1365 1130 1399 1152 u.
1427 1120 1506 1154 305.
1532 1120 1656 1155 Verse

194 1160 262 1195 des
287 1161 416 1196 XXII.
441 1162 566 1196 Buchs
591 1164 658 1197 der
681 1163 814 1198 Iliade.
863 1165 951 1198 Man
976 1164 1159 1198 ubersehe
1185 1165 1246 1198 die
1271 1165 1516 1210 Epanalepsis
1541 1164 1655 1208 nicht,

194 1206 243 1241 da
258 1218 300 1240 er
319 1208 433 1241 sehon
450 1209 589 1241 vorher
605 1209 668 1252 qui
685 1209 778 1242 milti
802 1234 811 1243 .
829 1235 837 1243 .
862 1210 959 1243 dizit
976 1211 1065 1243 olim
1078 1211 1324 1253 geschrieben
1339 1212 1412 1245 hat.
1450 1211 1489 1246 S.
1506 1211 1656 1245 Ramsh.

193 1254 222 1297 ξ.
239 1253 326 1294 206,
356 1253 410 1296 Β,
435 1255 468 1288 6.
512 1254 612 1289 Voss
638 1255 845 1289 iibersetzt:
884 1256 1009 1299 „Dass
1033 1255 1138 1289 nicht
1161 1256 1361 1290 arbeitslos
1387 1257 1424 1290 in
1450 1257 1520 1291 den
1539 1257 1655 1291 Staub

193 1299 257 1332 ich
290 1299 399 1332 sinke
431 1299 504 1333 und
541 1299 726 1343 ruhmlos,
768 1300 889 1344 Nein,
930 1307 1006 1334 erst
1031 1302 1193 1336 Grosses
1227 1302 1477 1346 vollendend‚
1519 1314 1657 1337 wovou

193 1344 288 1379 auch
313 1345 497 1389 Kiinstige
522 1346 638 1380 heren
654 1348 672 1365 ’'
697 1366 741 1372 —
780 1347 892 1389 vivit,
924 1347 1003 1380 lebt
1027 1348 1125 1382 noch
1149 1347 1187 1382 in
1210 1348 1367 1382 meinem
1385 1348 1654 1392 Angedenken.

194 1394 415 1434 auctoritem,
452 1391 578 1426 dieser
603 1393 732 1427 Zuruf.
765 1412 811 1419 —
855 1393 1069 1428 simillimus
1093 1393 1282 1439 doctrina,
1316 1395 1526 1440 probitate,
1551 1394 1659 1430 iusti-

195 1438 262 1472 tia.
311 1437 349 1473 S.
378 1438 426 1471 de
450 1438 600 1474 Finibb.
626 1440 681 1482 ΙΙ,
706 1441 761 1474 18.
826 1442 831 1449 ’
1449 1476 1451 1478 ,

287 1484 322 1519 2.
355 1485 494 1527 differs.
541 1485 686 1530 Nempe
710 1486 858 1521 Atticus
882 1487 1087 1533 scripserat
1109 1498 1150 1522 se
1175 1487 1370 1523 consilium
1404 1488 1594 1528 daturum,
1626 1487 1659 1522 si

195 1529 333 1574 sciret,
359 1531 468 1575 quid,
493 1538 688 1576 postquam
714 1533 853 1567 Caesar
876 1534 922 1568 ad
948 1534 1076 1568 urbem
1101 1535 1283 1579 venisset,
1314 1535 1352 1569 in
1385 1540 1513 1568 senatu
1539 1539 1659 1568 actum

196 1583 307 1612 esset.
344 1577 452 1612 SCH.
494 1597 538 1603 —
581 1579 856 1623 pacificatorem
887 1580 948 1613 vel
981 1581 1023 1614 C.
1058 1580 1259 1615 Curionem
1296 1580 1459 1622 (Vellei.
1490 1581 1549 1623 ΙΙ,
1584 1581 1658 1623 48.)

196 1624 259 1658 vel
292 1624 507 1660 Volcatium
540 1625 619 1669 (ep.
645 1626 712 1660 360
745 1625 780 1659 h.
812 1625 890 1667 ed.)
934 1626 1048 1660 ERN.
1106 1627 1245 1669 Utique
1279 1626 1392 1661 Curio
1425 1626 1661 1670 significatur

195 1681 329 1715 magna
359 1670 519 1715 pecunia
552 1682 572 1705 a
597 1671 757 1706 Caesare
787 1677 996 1715 corruptus.
1032 1672 1137 1706 SCH.
1187 1672 1226 1707 S.
1260 1683 1319 1716 ep.
1345 1673 1547 1716 CCCLIV,
1580 1675 1660 1706 An-

196 1718 282 1761 lage
306 1718 353 1752 A.
399 1718 578 1760 CCCLV‚
603 1718 635 1751 2.
669 1718 876 1761 CCCLVI,
902 1718 936 1751 2.
962 1718 995 1751 4.
1030 1737 1074 1743 —
1122 1723 1240 1758 tenes,
1271 1729 1313 1752 so
1339 1718 1453 1753 hfiltst
1478 1719 1539 1752 Du
1560 1718 1660 1753 mich

195 1764 293 1797 doch
329 1763 510 1808 gewisser
534 1765 684 1798 Massen
715 1764 753 1797 in
787 1764 856 1798 der
881 1763 1077 1799 Schwebe.
1124 1775 1180 1797 me
1203 1764 1341 1799 detines
1377 1765 1463 1799 Asc.
1492 1766 1524 1799 1.
1556 1765 1657 1799 Crat.

195 1810 327 1845 Lamb.
376 1810 482 1845 Alibi
513 1816 633 1845 tamen
664 1811 700 1844 h.
727 1822 761 1845 v.
795 1810 862 1844 vix
894 1810 1012 1844 utitur
1037 1810 1180 1844 Cicero.
1231 1810 1426 1845 Fortasse:
1465 1822 1522 1844 me
1554 1811 1661 1844 valde

197 1860 312 1899 tenes;
355 1857 419 1890 sed
451 1858 603 1900 (tamen)
640 1867 680 1890 eo
718 1856 848 1890 minus.
894 1857 967 1890 ΟΕ.
1018 1857 1098 1890 scil.
1133 1867 1364 1901 suspensum.
1422 1855 1546 1891 Sens.:
1593 1857 1659 1891 sed

194 1909 401 1955 propterea
431 1902 550 1936 minus
587 1913 790 1947 suspensus
826 1913 917 1937 sum.
953 1903 1062 1938 SCH.
1093 1922 1138 1928 —-
1185 1904 1280 1947 quod
1304 1914 1375 1935 non
1398 1903 1541 1945 dubito,
1572 1903 1659 1937 weil

196 1949 259 1983 leh
285 1949 447 1983 dariiber
472 1949 574 1983 nicht
596 1950 702 1983 mehr
724 1948 762 1982 in
788 1949 947 1983 Zweifel
971 1949 1050 1983 sein
1077 1948 1187 1982 kann.
1215 1968 1258 1973 —
1297 1949 1395 1984 Quid
1418 1952 1513 1982 enim
1528 1950 1659 1983 Flavio

196 2001 268 2030 cet.
318 1996 459 2041 „Demi
499 2006 609 2030 wozu
642 1996 779 2029 hiittest
814 1996 877 2030 Du
909 1995 980 2029 mir
1011 1995 1280 2040 geschrieben,
1318 1995 1431 2030 Cfisar
1467 1995 1562 2040 giibe
1597 1995 1659 2029 die

197 2041 538 2076 Statthalterschast
569 2053 641 2076 von
667 2041 825 2076 Sicilien
859 2042 943 2076 dem
967 2042 1011 2076 L.
1038 2041 1190 2076 Flavius
1229 2041 1303 2075 und
1335 2052 1373 2075 es
1403 2041 1532 2075 werde
1564 2041 1662 2075 dazu-

196 2087 340 2122 bereits
366 2090 516 2122 Anstalt
539 2088 732 2133 gemacht}
762 2087 847 2123 eine
864 2087 1220 2133 Ungerechtigkeit,
1245 2086 1488 2131 dergleichen
1514 2087 1659 2121 Deiuer

196 2134 379 2178 Meinung
423 2136 517 2170 nach
555 2136 668 2170 theils
709 2135 825 2170 sehon
869 2134 1064 2169 betrieben
1101 2134 1177 2168 und
1208 2133 1457 2176 beabsichtigt
1488 2133 1657 2176 wiirden,

197 2181 312 2215 theils
336 2181 485 2225 ki'mftig
510 2183 602 2216 nach
617 2181 701 2216 Zeit
724 2182 800 2215 und
817 2181 1068 2225 Gelegenheit
1090 2180 1186 2214 noch
1200 2180 1328 2213 mehre
1352 2179 1499 2213 dijrften
1523 2180 1659 2214 veriibt

195 2227 384 2261 werden.‘'
431 2229 518 2262 Man
544 2228 666 2263 denke
690 2227 820 2262 hinzu:
857 2239 967 2263 wenn
992 2238 1032 2261 es
1057 2226 1138 2261 dem
1164 2226 1277 2259 Ciisar
1301 2225 1367 2258 mit
1392 2225 1474 2259 dem
1492 2225 1656 2260 Frieden

197 2274 258 2308 ein
283 2275 399 2309 Ernst
422 2275 547 2318 ware,
579 2285 619 2308 so
646 2274 801 2308 sendete
825 2285 867 2308 er
891 2274 963 2308 den
989 2273 1136 2308 Flavius
1162 2271 1263 2305 nicht
1295 2272 1387 2305 nach
1414 2271 1571 2306 Sicilien
1596 2272 1656 2313 ab,

197 2332 256 2355 um
290 2321 361 2355 deu
387 2321 499 2363 Cato,
542 2321 610 2354 der
640 2321 746 2356 diese
777 2321 880 2355 Insel
911 2320 961 2354 im
986 2320 1126 2354 Namen
1156 2318 1222 2351 des
1247 2318 1452 2362 Pompeius
1486 2318 1560 2352 und
1591 2318 1659 2352 der

197 2367 388 2413 Republik
418 2367 665 2410 behauptete‚
705 2367 838 2401 daraus
870 2377 916 2400 zu
947 2365 1173 2400 vertreiben.
1224 2364 1299 2398 Die
1329 2364 1558 2408 Absendung
1592 2364 1657 2398 des

196 2414 347 2449 Flavius
382 2424 460 2448 war
490 2413 628 2447 iedoch
653 2412 713 2447 ein
738 2413 885 2448 blosses
911 2413 1094 2453 Geriicht3
1133 2410 1230 2444 deun
1255 2411 1368 2444 Casar
1393 2410 1561 2445 schickte
1584 2410 1656 2444 den

196 2461 237 2495 C.
263 2461 378 2495 Curio
414 2460 508 2494 nach
542 2459 720 2499 Sicilien‚
757 2459 833 2493 wie
865 2470 906 2493 er
937 2459 1055 2492 selbst
1084 2456 1130 2490 de
1162 2457 1207 2490 B.
1234 2456 1314 2491 Civ.
1350 2457 1391 2500 1,
1422 2459 1467 2492 30
1499 2457 1654 2491 erziihlt.

194 2507 291 2542 Ueb.
327 2508 368 2542 C.
394 2508 498 2541 Flav.
532 2517 559 2540 s.
593 2517 650 2550 ep.
676 2505 826 2539 XXIII.
868 2505 1013 2539 XXIV.
1047 2503 1205 2537 XCVII.
1255 2503 1308 2537 Im
1341 2504 1371 2537 Ι.
1404 2504 1472 2538 695
1507 2514 1587 2537 war
1614 2513 1656 2536 er

196 2560 304 2588 unter
329 2554 462 2588 Casars
479 2553 681 2587 Consulate
704 2551 842 2585 Priitor
867 2550 1093 2594 designatus.
1137 2550 1233 2584 Quid
1256 2550 1377 2583 enim?
1406 2550 1537 2584 Flavio
1567 2548 1653 2583 Sch.

195 2601 270 2635 Sed
298 2600 352 2635 sie
378 2601 523 2634 demum
548 2599 590 2633 fit
615 2608 742 2632 manca
767 2596 900 2630 oratio.
951 2596 1048 2630 Sane
1074 2595 1170 2629 enim
1196 2596 1351 2630 deberet
1376 2605 1476 2639 esse,
1502 2600 1542 2629 ut
1566 2594 1652 2629 Sch.

194 2647 298 2681 dedit
324 2647 359 2680 in
385 2646 456 2680 Ed.
484 2645 585 2679 mai.:
628 2644 722 2680 Quid
746 2642 867 2676 enim?
898 2653 1006 2686 quum
1030 2642 1160 2676 flavio
1189 2668 1195 2676 .
1220 2668 1227 2675 .
1251 2667 1258 2675 .
1285 2643 1411 2684 sutura
1436 2642 1580 2676 censes?
1610 2659 1654 2665 --

190 2693 383 2737 popularis
415 2693 488 2734 tui,
532 2691 620 2726 weil
643 2689 795 2725 Attikus
829 2689 865 2723 in
892 2689 1013 2723 Athen
1039 2688 1308 2733 eingebiirgert
1332 2699 1419 2722 war.
1454 2707 1498 2714 —-
1545 2687 1655 2721 ettam
