1795 3043
246 51 345 99 146
501 43 566 90 Μ.
602 41 658 86 Τ.
695 36 1038 86 CICERONIS
1072 37 1450 87 EPISTOLAE.

245 160 424 212 sipatus,
453 155 642 207 quinque
672 153 869 193 cohortes
898 151 990 194 sine
1019 152 1173 204 legato,
1202 150 1294 191 sine
1323 151 1495 192 tribuno
1517 150 1718 199 militum,

246 217 430 267 denique
461 212 587 253 etiam
616 210 708 251 sine
749 210 997 250 centurione
1035 210 1124 248 ullo
1166 209 1277 261 apud
1305 208 1590 249 Philomelum
1621 220 1721 249 con-

247 272 476 318 sedissent,
516 269 709 320 reliquus
738 267 949 308 exercitus
989 267 1097 306 esset
1130 265 1175 305 in
1205 266 1440 319 Lycaonia:
1469 265 1527 306 M.
1549 264 1719 305 Anneio

246 332 388 383 legato
419 326 638 380 imperavi,
666 327 713 365 ut
742 337 812 365 eas
842 324 1031 376 quinque
1060 323 1257 363 cohortes
1287 323 1340 363 ad
1363 323 1576 374 reliquum
1602 334 1722 363 exer-

250 389 383 428 citum
420 385 595 424 duceret
625 384 857 433 coactoque
886 382 930 421 in
960 393 1090 420 unum
1118 381 1259 420 locuni
1287 380 1478 421 exercitu
1508 381 1647 421 castra
1674 379 1722 420 in

199 449 225 488 3
251 443 467 498 Lycaonia
495 440 607 494 apud
635 439 827 480 Iconium
856 439 1030 479 faceret.
1089 437 1207 486 Quod
1229 449 1359 487 quum
1375 435 1428 477 ab
1448 438 1524 477 illo
1545 437 1723 490 diligen-

248 505 315 542 ter
346 500 456 541 esset
486 500 641 549 aetum,
671 508 746 549 ego
776 497 820 535 in
850 497 990 536 castra
1019 508 1057 536 a.
1077 494 1116 534 d.
1139 495 1328 536 v11.Kal.
1354 493 1569 546 Septemb.
1599 493 1720 535 veni:

249 571 379 611 quum
408 557 573 596 interea
597 553 889 607 superioribus
906 551 1056 593 diebus
1078 565 1129 592 ex
1151 553 1321 591 senatus
1341 553 1536 592 consulto
1563 553 1605 592 et
1626 563 1723 592 evo-

249 617 443 657 catorum
474 613 641 654 firmam
674 623 843 651 manum
884 612 927 650 et
955 610 1192 661 equitatum
1222 621 1322 649 sane
1351 608 1550 649 idoneum
1577 610 1620 649 et
1649 620 1725 661 po·

249 674 449 727 pulorum
489 670 720 710 liberorum
758 679 986 720 regumque
1029 666 1237 706 sociorum
1285 667 1445 707 auxilia
1482 664 1724 707 voluntaria

250 728 624 783 comparavissem.
684 725 860 765 Interim
897 736 1049 776 quum,
1092 724 1283 764 exercitu
1318 724 1522 777 lustrato,
1563 723 1645 764 iter
1674 723 1723 763 in

253 787 446 828 Ciliciam
476 786 619 825 facere
653 781 908 834 coepissem,
935 781 1032 821 Kal.
1051 780 1167 833 Sept.
1194 782 1323 834 legati
1352 795 1378 822 a
1406 792 1507 835 rege
1537 781 1725 821 Comma-

252 857 358 898 geno
397 842 449 884 ad
485 854 552 882 me
590 840 708 880 missi
740 839 1101 891 pertumultuose,
1138 850 1277 890 neque
1313 839 1455 880 tamen
1492 850 1578 878 non
1606 849 1724 886 vere,

202 910 227 948 4
254 902 434 942 Parthos
463 900 508 940 in
540 898 704 952 Syriam
734 896 934 937 transisse
962 895 1280 938 nuntiaverunt.
1339 897 1429 944 Quo
1464 895 1625 948 audito,
1653 906 1726 937 ve-

254 959 473 999 hementer
502 968 593 996 sum
623 956 855 995 commotus
884 966 1016 1006 quum
1045 952 1097 993 de
1128 953 1273 1006 Syria,
1307 953 1398 993 tum
1426 952 1478 993 de
1507 964 1602 993 mea
1628 963 1726 1005 pro-

252 1015 409 1065 vincia,
440 1014 492 1055 de
521 1013 688 1064 reliqua
718 1012 900 1063 denique
920 1011 1034 1052 Asia.
1076 1010 1226 1062 Itaque
1254 1009 1490 1051 exercitum
1519 1009 1625 1050 mihi
1654 1009 1728 1049 du-

253 1073 434 1114 cendum
464 1083 541 1124 per
572 1069 865 1122 Cappadociae
894 1068 1108 1121 regionem
1145 1080 1262 1119 eam,
1303 1079 1411 1119 quae
1443 1065 1638 1108 Ciliciam
1668 1067 1729 1107 at·
1793 1069 1795 1078 ¹

252 1131 462 1183 tingeret,
499 1127 658 1179 putavi.
716 1125 824 1167 Nam
853 1127 888 1166 si
918 1138 985 1165 me
1014 1125 1058 1164 in
1089 1124 1285 1165 Ciliciam
1314 1124 1598 1175 demisissem‚
1628 1123 1730 1164 Cili·
1782 1160 1791 1179 ,Ι

254 1189 365 1228 ciam
403 1185 575 1238 quidem
613 1184 748 1235 ipsam
783 1184 959 1235 propter
997 1182 1154 1222 montis
1183 1181 1338 1222 Amani
1376 1183 1572 1222 naturam
1599 1181 1731 1222 facile
1781 1178 1795 1230 ἶ]

253 1244 508 1285 tenuissem:
549 1262 608 1270 -—-
637 1241 719 1280 duo
751 1241 848 1279 sunt
878 1240 992 1279 enim
1021 1239 1161 1279 aditus
1189 1240 1235 1279 in
1266 1240 1462 1279 Ciliciam
1499 1251 1551 1280 ex
1581 1239 1729 1292 Syria3
1781 1237 1795 1287 jj

253 1313 434 1354 quorum
464 1301 642 1350 uterque
661 1298 805 1349 parvis
829 1296 1055 1349 praesidiis
1073 1298 1247 1348 propter
1267 1296 1480 1347 angustias
1498 1295 1730 1336 intercludi

255 1360 409 1412 potest,
438 1369 517 1397 nec
547 1357 610 1395 est
641 1355 869 1405 quidquam
891 1353 1045 1395 Cilicia
1072 1356 1220 1393 contra
1240 1353 1403 1407 Syriam
1434 1353 1731 1394 munitius:—

255 1416 328 1457 sed
348 1428 413 1455 me
425 1412 692 1466 Cappadocia
712 1410 921 1459 movebat,
944 1423 1054 1463 quae
1071 1412 1187 1464 patet
1205 1411 1362 1464 aSyria
1377 1423 1581 1463 regesque
1602 1409 1734 1452 habet
1785 1446 1787 1460 2

257 1473 472 1519 finitimos,
494 1470 569 1522 qui
589 1471 717 1510 etiam
745 1469 781 1509 si
812 1471 909 1509 sunt
939 1468 1066 1509 etiam
1095 1468 1223 1509 amici
1248 1468 1386 1521 nobis,
1416 1470 1558 1509 tamen
1587 1469 1734 1521 aperte

256 1562 464 1607 graviores.
491 1559 625 1603 Vergl.
641 1558 833 1600 CCXXII,
851 1558 872 1592 5
887 1569 922 1592 u.
942 1558 986 1592 ad
1005 1558 1138 1592 Famil.
1154 1558 1206 1601 ΙΙ,
1228 1560 1282 1598 13,
1298 1561 1336 1593 3:
1365 1558 1537 1594 civitates
1559 1559 1731 1604 locuple-

257 1617 385 1644 taram.
399 1625 444 1632 -—
469 1607 623 1651 quinque
639 1604 715 1639 coh.
734 1616 780 1637 =
794 1605 921 1647 20,000
932 1606 1059 1648 Manu,
1087 1605 1149 1638 die
1166 1605 1332 1639 Cohorte
1349 1616 1395 1639 zu
1411 1607 1501 1640 4000
1514 1606 1730 1649 gerechnet.

349 1656 383 1690 3.
417 1664 450 1687 α.
475 1654 508 1687 d.
536 1652 716 1686 mnKaI.
741 1651 939 1695 Septemb.,
974 1662 1033 1684 am
1059 1651 1103 1685 26
1120 1652 1277 1695 August.
1296 1670 1340 1676 -—
1382 1663 1425 1684 ex
1453 1657 1600 1685 senatus
1631 1663 1728 1687 cons·

258 1701 297 1736 S.
326 1712 384 1745 ep.
403 1699 581 1742 CCXIII,
606 1699 639 1732 5.
667 1698 890 1741 CCle,2.
929 1702 1181 1741 evocatorum,
1217 1709 1291 1732 von
1323 1698 1597 1741 ausgebotenen
1624 1698 1731 1732 Frei-
1776 1725 1777 1728 η

258 1748 443 1791 willigeri.
484 1745 578 1780 Scit.
598 1744 772 1788 militum,
799 1744 862 1788 qui
890 1744 960 1778 iam
986 1744 1202 1777 missionem
1228 1745 1289 1778 vol
1315 1746 1547 1779 vacationem
1575 1745 1730 1778 militiae

259 1794 445 1828 habebant
470 1797 507 1826 et
534 1791 580 1825 ad
606 1791 750 1824 subitos
773 1797 894 1825 motus
920 1801 1067 1824 rursum
1094 1791 1348 1824 evocabautur
1373 1790 1408 1824 in
1435 1792 1669 1826 necessitate.
1687 1810 1731 1815 --
1774 1799 1777 1820 ξ

259 1851 338 1882 reg.
366 1840 522 1881 socier„
548 1837 723 1871 Deiotari
749 1843 819 1870 cet.
854 1836 945 1874 Vid.
966 1848 1026 1881 ep.
1043 1837 1220 1876 CCXIV,
1236 1838 1330 1871 2.-
1354 1848 1454 1872 sane.
1481 1838 1581 1872 Crat.
1598 1838 1729 1872 Lamb.

258 1887 362 1921 satis.
381 1905 425 1911 —
456 1885 624 1927 Interim,
651 1884 735 1917 dum
763 1884 854 1917 haec
878 1883 1030 1917 fiebant.
1047 1903 1090 1907 —
1115 1884 1271 1917 lust-rato
1296 1894 1437 1927 exerc„
1464 1885 1557 1918 uach
1583 1885 1732 1918 vollen·
1774 1895 1775 1901 ¹

260 1934 369 1967 deter
394 1932 610 1966 Heerschau
644 1932 691 1973 (s.
712 1929 1040 1975 ep.ccxxv[11‚
1062 1930 1126 1972 2.).
1176 1930 1354 1964 Lusa-are
1379 1932 1576 1964 exercitum
1600 1943 1647 1964 =
1672 1942 1731 1965 re-

260 1990 419 2013 censere
444 1977 665 2020 exercitum,
694 1976 855 2021 peractis
880 1976 1010 2018 sacris,
1037 1987 1132 2020 quae
1157 1987 1227 2021 pro
1249 1977 1370 2011 salute
1391 1977 1585 2011 exercitus
1604 1984 1641 2010 et
1659 1988 1730 2021 pro
1773 1994 1775 1998 ·

261 2025 496 2070 impetrando
523 2034 701 2057 successu
726 2022 810 2057 fieri
837 2023 1019 2058 solebant.
1040 2043 1076 2047 -
1112 2023 1184 2056 iter
1206 2023 1246 2056 e'n
1272 2023 1381 2057 Cilic.
1416 2024 1454 2058 S.
1484 2035 1542 2068 ep.
1557 2024 1731 2066 CCXXI,

260 2073 296 2106 2.
323 2072 504 2113 CCXIX,
530 2072 561 2105 Β.
583 2089 626 2094 —-
663 2069 755 2103 Kal.
790 2069 886 2113 Sept.
922 2069 970 2103 de
1001 2070 1144 2103 Manut.
1176 2079 1278 2114 susp.
1313 2069 1401 2104 sch.
1427 2070 1520 2104 Liin.
1550 2082 1619 2104 ιιι.
1638 2070 1729 2104 Kal.

262 2119 359 2162 Sept.
388 2129 444 2151 am
468 2119 524 2152 30.
544 2119 704 2159 August.
738 2116 828 2159 Vgl.
856 2126 914 2160 ep.
934 2116 1056 2150 CXII.
1073 2135 1116 2140 —
1154 2115 1412 2158 Commageno.
1439 2116 1478 2150 S.
1499 2127 1558 2161 ep.
1578 2117 1731 2151 CCXII.
1772 2129 1773 2132 ¹

265 2165 314 2199 im
340 2164 428 2199 Ans.
448 2164 620 2205 CCXXI,
636 2163 669 2196 2.
697 2162 886 2204 CCXXV,
904 2164 937 2196 l.
955 2182 998 2187 —
1031 2162 1260 2205 tumultuose,
1286 2163 1364 2197 voll
1389 2164 1559 2206 grosster
1574 2163 1736 2197 Bestiir-‘

265 2221 434 2253 zung.—
465 2220 575 2253 neque
600 2213 719 2242 tamen
743 2219 814 2241 non
838 2219 935 2251 rere,
961 2209 1037 2243 und
1063 2208 1160 2242 doch
1178 2208 1280 2242 nicht
1297 2209 1468 2252 unwahr,
1494 2209 1615 2243 leider
1636 2219 1731 2253 ganz
1770 2216 1771 2219 ’

263 2257 379 2292 walu‘.
429 2255 468 2291 S.
496 2267 554 2299 ep.
574 2255 828 2297 CCXXVIII,
848 2256 883 2297 2,
898 2257 932 2290 3.
960 2256 1170 2298 CCXXVI,
1187 2255 1221 2288 2.
1259 2255 1337 2289 Die
1361 2256 1514 2289 frtthere
1527 2256 1731 2289 Nacliricht

265 2305 311 2346 (s.
339 2314 398 2348 ep.
418 2302 611 2343 CCXXII,
635 2303 690 2336 10.
723 2302 921 2345 CCXXV‚
938 2302 988 2344 2.)
1014 2312 1085 2336 von
1111 2302 1178 2336 der
1194 2301 1363 2336 Ankunst
1386 2301 1455 2336 der
1473 2303 1635 2336 Parther
1650 2313 1731 2337 war

263 2349 368 2383 nicht
390 2348 510 2382 falsch
534 2358 723 2392 gewesen.

355 2396 389 2429 4.
416 2394 492 2429 veh.
518 2404 598 2427 sum
622 2397 805 2436 common,
834 2394 980 2437 gerieth
1006 2393 1066 2428 ich
1092 2393 1131 2427 in
1156 2394 1360 2439 gewaltige
1376 2394 1544 2428 Unruhe.
1571 2394 1728 2429 de=in

263 2441 423 2484 Betreff,
448 2451 595 2485 wegen.
614 2459 655 2465 —
687 2441 874 2484 ltaque:
898 2444 931 2474 et
954 2441 1028 2484 ita,
1053 2440 1128 2474 und
1149 2446 1257 2474 unter
1282 2441 1413 2476 diesen
1428 2441 1669 2476 Umstiinden.
1687 2460 1728 2466 -—

263 2499 320 2521 me
345 2514 377 2522 ..
405 2487 647 2531 demisissem,
673 2486 770 2520 mich
796 2487 896 2520 hatte
919 2487 1063 2521 werfen
1086 2488 1292 2521 wollen.-—
1324 2491 1509 2530 naturam,
1535 2487 1660 2521 situm.
1684 2485 1727 2522 S.

265 2545 326 2579 cp.
342 2534 557 2577 CCXXVI,
574 2533 608 2567 2.
625 2551 669 2559 —-
699 2533 890 2566 tenuissem
914 2538 958 2568 st.
985 2532 1249 2578 obtinuissem,
1276 2535 1410 2569 wiirde
1434 2534 1496 2568 ich
1518 2534 1637 2568 haben
1663 2534 1729 2568 be·
1765 2525 1774 2546 ³‘

262 2580 446 2625 haupten,
482 2579 581 2614 mich
606 2578 719 2614 daran
745 2579 865 2612 haben
891 2580 1015 2613 halten
1038 2580 1202 2614 konnen.
1224 2599 1270 2607 —
1305 2581 1427 2615 aditus
1450 2592 1496 2614 =
1518 2581 1727 2625 Engpiisse,

263 2627 394 2671 pylae,
429 2632 574 2671 portae.
594 2645 640 2652 —
680 2626 900 2669 intercludi,
937 2627 1199 2661 verschlossen
1230 2628 1399 2662 werden.
1419 2647 1464 2653 —-
1507 2627 1580 2662 Sed
1602 2637 1658 2660 me
1684 2625 1724 2660 C.
1768 2651 1774 2657 .

259 2674 443 2716 movebat,
473 2673 566 2707 aber
590 2673 661 2707 mir
686 2674 795 2706 war's
821 2683 879 2706 um
898 2672 1162 2717 Cappadocien
1188 2685 1234 2708 zu
1260 2675 1363 2708 thun.
1382 2693 1427 2699 -
1461 2685 1484 2707 α
1508 2673 1634 2719 Syria,
1661 2683 1738 2716 ge--

257 2729 330 2763 gen
356 2719 494 2766 Syrien
521 2729 578 2758 zu.
595 2739 637 2745 ——
675 2719 869 2763 finitimo-5,
907 2729 952 2754 zu
977 2720 1221 2765 Nachbaren,
1258 2726 1298 2755 ut
1322 2721 1534 2756 Armenios.
1559 2738 1602 2745 -
1644 2722 1741 2753 sunt.
