1795 3043
263 87 365 134 442
517 82 582 129 M.
617 82 674 129 Τ.
713 81 1051 130 CICERONIS
1085 81 1453 133 EPISTOLAE.

262 193 323 234 ibi
351 192 536 243 videam,
566 194 614 233 ut
642 195 714 234 tuo
744 195 946 244 consilio,
977 197 1136 248 gratia,
1169 194 1396 249 dignitate,
1426 208 1506 249 ope
1525 198 1710 238 omnium

260 263 402 291 rerum
440 250 502 290 uti
546 250 711 302 possim.
775 250 841 291 Ad
888 254 1147 305 propositum
1192 255 1402 294 revertart
1452 254 1711 295 festinationi

259 319 376 348 meae
414 306 699 359 brevitatique
735 307 954 351 literarum
990 310 1192 363 ignosces.
1249 310 1428 362 Reliqua
1469 322 1522 351 ex
1550 312 1712 352 Furnio

260 375 500 416 cognosces.

837 449 1135 457 ..v-*w

398 535 714 582 EPISTOLA
749 507 1081 583 cccxmvln'.
1128 536 1209 595 (ad
1244 537 1334 583 Aa.
1373 537 1454 583 ῑΧ.
1486 537 1556 596 7.)

374 621 457 657 Ser.
489 622 648 658 Formiis
681 622 751 657 111.
777 623 832 658 Id.
866 624 977 660 Mart.
1010 626 1054 658 A.
1085 625 1131 660 U.
1167 624 1209 659 C.
1245 625 1323 660 705.
1368 625 1415 668 (a.
1450 624 1490 660 C.
1522 625 1594 668 49.)

253 689 492 733 Aliquantum
516 690 588 725 sibi
613 690 757 725 animae
781 690 1002 725 restillatum
1027 691 1158 727 scribit
1174 693 1292 727 Attici
1317 692 1495 738 epistola,
1525 690 1705 736 pericula,

305 748 400 780 quae
423 737 556 772 Italiae
581 736 836 781 impendeant,
873 737 905 771 si
929 738 1131 782 Pompeius
1157 739 1310 783 vicerit,
1352 737 1508 784 exponit
1532 749 1648 782 seque

599 790 720 818 tamen
744 783 920 827 navigare
945 784 1044 818 velle
1069 784 1243 819 ostendit.
1275 787 1388 820 1—7.

742 851 930 887 CICERO
955 852 1146 887 ATTICO
1173 851 1211 887 S.

362 921 623 972 Scripseram
651 920 703 962 ad
731 923 774 962 te
805 922 1047 974 epistolam,
1089 935 1213 974 quam
1241 921 1381 963 darem
1410 934 1468 962 lv.
1495 919 1560 964 Id.
1617 920 1701 961 Sed

246 988 298 1016 eo
334 977 404 1018 die
441 978 498 1030 is,
543 978 613 1019 cui
652 978 751 1019 dare
790 980 1032 1027 volueram,
1080 992 1166 1020 non
1196 980 1258 1019 est
1286 979 1516 1030 profectus.
1573 977 1700 1018 Venit

245 1035 386 1074 autem
429 1047 479 1074 eo
518 1035 611 1087 ipso
647 1035 715 1076 die
752 1036 826 1076 ille
867 1037 1095 1089 celeripes,
1142 1049 1265 1088 quem
1303 1035 1470 1076 Salvius
1511 1034 1697 1076 dixerat:

244 1092 388 1131 attulit
422 1090 655 1132 uberrimas
692 1094 785 1133 tuas
823 1092 992 1144 literas,
1042 1106 1150 1144 quae
1190 1092 1293 1133 mihi
1329 1091 1529 1144 quiddam
1578 1091 1699 1143 quasi

242 1148 455 1188 animulae
469 1149 747 1190 restillarunt.
806 1149 1054 1190 Recreatum
1086 1150 1197 1189 enim
1219 1161 1284 1188 me
1301 1161 1385 1188 non
1408 1161 1516 1199 queo
1539 1147 1696 1190 dicere.

242 1204 326 1244 Sed
355 1206 482 1257 plane
508 1203 555 1242 τό
583 1207 750 1251 συνέχον
779 1204 969 1247 effecisti.
1027 1207 1117 1259 Ego
1156 1206 1267 1246 enim
1303 1217 1387 1246 non
1416 1207 1500 1245 iam
1527 1204 1571 1244 id
1600 1216 1694 1257 ago,

239 1261 345 1300 mihi
376 1261 526 1313 crede,
554 1264 601 1301 ut
630 1275 852 1314 prosperos
882 1263 1017 1303 exitus
1035 1273 1282 1314 consequar.
1340 1262 1412 1302 Sic
1428 1261 1541 1302 enim
1557 1261 1696 1309 video,

237 1330 320 1357 nec
358 1318 519 1358 duobus
560 1319 628 1359 his
657 1319 764 1360 vivis
791 1331 872 1360 nee
900 1320 981 1360 hoc
1011 1331 1095 1359 uno
1123 1331 1200 1359 nos
1228 1330 1412 1369 unquam
1440 1330 1530 1359 rem
1556 1317 1695 1370 publi-

239 1437 372 1470 lassen.
404 1437 530 1471 Ueber
554 1438 641 1482 quin
665 1450 695 1473 s.
713 1439 858 1474 Ramsh.
884 1439 1003 1482 §.185,
1029 1439 1062 1473 2.
1098 1439 1239 1474 Grotes.
1267 1440 1296 1483 §.
1312 1439 1393 1482 404,
1417 1439 1448 1474 2.
1474 1457 1518 1464 ——
1548 1440 1692 1483 gratia,

236 1482 362 1516 Deine
384 1483 634 1527 Beliebtheit‚
674 1485 821 1519 Deinen
847 1485 987 1520 Credit.
1037 1485 1112 1519 Die
1136 1486 1392 1529 Danksagung
1423 1486 1516 1519 eben
1541 1496 1583 1519 so
1608 1497 1692 1521 ver-

234 1528 422 1573 sanglich,
462 1530 516 1564 als
549 1530 611 1564 die
641 1531 854 1575 Einladung
887 1532 980 1565 nach
1013 1532 1123 1565 Rom!
1162 1551 1202 1557 —-
1250 1533 1312 1565 Ad
1338 1532 1586 1576 propositum,
1630 1543 1689 1566 um

232 1575 300 1608 auf
320 1575 383 1610 das
407 1586 454 1609 zu
478 1576 647 1620 Ansange
672 1577 738 1611 des
762 1577 887 1611 Briefs
911 1578 1099 1621 Beregte,
1126 1578 1289 1621 Gesagte
1314 1578 1690 1612 zuriickzukommen.

233 1621 345 1654 Denn
388 1622 481 1655 auch
523 1623 570 1656 da
606 1623 880 1666 entschuldigte
910 1634 952 1656 er
992 1624 1106 1657 sehon
1139 1624 1201 1657 die
1233 1624 1359 1657 Kiirze
1393 1624 1592 1658 desselben
1614 1623 1689 1658 ‘mit

233 1667 384 1711 Mangel
418 1679 462 1701 an
488 1668 583 1704 Zeit.
626 1669 718 1713 Vgl.
752 1669 798 1703 ad
823 1669 950 1703 Famil.
976 1670 1064 1711 XV,
1090 1671 1152 1703 14:
1186 1670 1404 1703 Extremum
1429 1669 1524 1703 illud
1549 1675 1606 1704 est
1641 1670 1688 1704 de

233 1712 303 1756 iis,
329 1724 424 1757 quae
447 1725 730 1759 proposueram.
778 1716 862 1759 „An
884 1716 1125 1760 praevertar3
1156 1715 1193 1748 id
1219 1716 1319 1759 quod
1343 1727 1456 1760 saepe
1473 1721 1688 1760 corruptum

232 1761 325 1794 est.’'
360 1760 554 1795 ORELLI.
595 1761 657 1795 Da
689 1762 792 1795 ware
822 1761 890 1795 der
915 1761 1006 1796 Sinn
1035 1761 1128 1795 wol:
1166 1761 1320 1804 „Zuvor
1349 1761 1469 1795 werd'
1496 1761 1557 1795 ich
1588 1762 1685 1796 mein

231 1806 404 1840 niichstes
430 1807 513 1840 Ziel
538 1813 614 1842 erst
639 1807 855 1850 betreiben,
881 1807 1093 1851 verfolgen3
1130 1807 1288 1841 niimlich
1312 1807 1384 1841 den
1398 1807 1600 1852 Pompeius
1621 1819 1687 1843 aus

231 1851 366 1885 Italien
398 1862 445 1886 zu
471 1853 577 1895 iagen
615 1853 708 1887 oder
732 1853 796 1887 ihn
821 1864 867 1887 zu
891 1854 1035 1897 sangen.
1073 1854 1124 1888 So
1149 1853 1345 1887 Columell.
1372 1853 1450 1896 ΙΙΙ,
1481 1854 1522 1887 7;
1562 1854 1685 1888 Quare

229 1907 305 1930 non
330 1897 631 1943 intempestivum
657 1905 712 1933 est
744 1909 812 1933 nos
843 1898 890 1932 ad
914 1910 956 1933 ea
981 1899 1181 1944 praeverti.
1229 1900 1355 1934 Horat.
1382 1898 1460 1934 Sat.
1487 1901 1529 1944 1,
1553 1901 1596 1943 3,
1621 1901 1682 1935 38:

229 1942 327 1978 Illuc
351 1950 576 1988 praevertar.
619 1944 739 1979 Tacit.
764 1945 897 1979 Annal.
923 1946 993 1989 IV,
1017 1946 1080 1981 32:
1107 1945 1138 1980 si
1163 1944 1209 1979 ad
1222 1945 1370 1980 interna
1393 1951 1685 1990 praeverterent.

227 1990 336 2025 Auch
368 1989 435 2024 mit
468 1990 552 2024 dem
584 1991 697 2026 bloss.
722 1992 853 2026 Aecus.
879 1992 1001 2026 Plaut.
1029 1992 1207 2026 Pseudol.
1240 1992 1298 2036 II,
1322 1991 1365 2035 2,
1390 1993 1430 2027 8:
1462 1992 1545 2026 Hoc
1576 2003 1685 2037 prae-

227 2042 356 2070 vertar
378 2036 555 2080 primum;
591 2036 658 2072 mit
681 2037 762 2071 dem
786 2038 874 2072 Dat.
902 2038 1079 2072 ebendas.
1105 2039 1211 2083 Capt.
1230 2038 1281 2082 ΙΙ,
1304 2039 1339 2079 3,
1364 2039 1427 2074 99:
1463 2037 1499 2072 ei
1523 2039 1580 2073 rei
1604 2039 1683 2083 pri-

225 2091 325 2114 mum
360 2083 546 2126 praeverti
580 2084 682 2118 volo.
735 2083 851 2118 Lies't
882 2095 964 2118 man
997 2089 1181 2126 revertar,
1218 2095 1260 2119 so
1293 2083 1418 2118 diirfte
1447 2095 1529 2118 man
1559 2095 1630 2118 nur
1659 2096 1683 2118 a

226 2127 418 2161 scribendo
449 2129 662 2174 suppliren,
704 2141 763 2163 um
794 2130 865 2164 fast
895 2131 1098 2165 denselben
1129 2130 1221 2165 Sinn
1257 2139 1303 2163 zu
1334 2129 1521 2163 erhalten:
1561 2130 1683 2174 „ietzt

226 2172 354 2217 gleich
377 2175 491 2208 werd'
517 2175 577 2208 ich
602 2187 686 2209 vom
712 2175 968 2211 Schreibtisch
1001 2188 1047 2211 zu
1073 2176 1227 2210 meinem
1254 2175 1415 2209 Zwecke
1440 2175 1558 2209 oder
1582 2177 1680 2210 Vor-

226 2219 347 2253 haben
378 2220 682 2265 zuriickkehren3
719 2222 825 2257 drum
854 2222 1113 2266 entschuldige
1148 2222 1209 2256 die
1233 2221 1359 2255 Kiirze
1391 2221 1532 2256 meines
1555 2222 1681 2257 Briefs

225 2265 294 2299 mit
323 2266 480 2300 meinem
510 2268 659 2311 Mangel
692 2279 737 2302 an
769 2268 887 2304 Zeit.''
919 2287 964 2295 --
1018 2269 1194 2313 Reliqua,
1238 2268 1331 2302 Was
1363 2274 1467 2302 sonst
1502 2269 1600 2303 noch
1633 2280 1678 2303 zu

226 2311 424 2346 schreiben
449 2313 563 2347 ware.

320 2359 351 2392 1.
385 2357 452 2392 IV.
478 2359 534 2393 Id.
561 2359 688 2402 Mart„
712 2370 769 2394 am
795 2361 850 2395 12.
871 2360 987 2395 Miirz.
1013 2378 1058 2385 —
1093 2359 1158 2393 ille
1181 2358 1373 2403 celeripes,
1397 2369 1525 2393 servus
1549 2369 1572 2393 a
1594 2370 1679 2393 cur-

228 2403 337 2438 rendi
363 2403 556 2438 celeritate
581 2407 875 2450 commendatus,
902 2417 1012 2449 quem
1037 2405 1183 2440 Salvius
1208 2406 1368 2439 libertus
1388 2405 1504 2439 Attici
1529 2405 1678 2440 dixerat

226 2456 432 2485 venturum.
464 2450 653 2485 POPMA.
711 2453 862 2487 Attikus
893 2453 993 2485 hatte
1029 2450 1108 2485 sich
1150 2451 1278 2486 diesen
1303 2451 1574 2486 Schnelllaufer
1609 2463 1678 2485 vor

227 2495 390 2530 Kurzem
414 2497 650 2540 angeschafst.
687 2516 730 2522 —
777 2499 921 2541 uberr.,
952 2498 1086 2531 hochst
1109 2497 1394 2541 reichhaltigen.
1425 2516 1469 2523 —-
1515 2498 1677 2531 restillet-

225 2546 328 2585 runt,
367 2543 490 2576 Lamb.
522 2543 763 2577 instillarunt.
810 2544 908 2578 Sane
938 2543 1122 2577 restillare
1153 2543 1310 2587 (wieder
1334 2543 1572 2585 eintraufeln)
1610 2542 1675 2577 vix

228 2587 393 2622 invenias
425 2588 497 2622 nisi
534 2588 631 2634 apud
662 2588 918 2624 Prudentium.
957 2589 1031 2622 OR.
1074 2608 1118 2614 —
1179 2591 1225 2625 τὸ
1261 2591 1473 2634 συνέχον,
1515 2589 1673 2623 effecisti

226 2633 327 2679 quod
354 2635 561 2678 proximum
588 2641 686 2678 erat,
719 2646 829 2678 quum
855 2645 911 2668 me
936 2645 1007 2668 non
1034 2646 1163 2680 posses
1187 2646 1372 2669 recreare.
1398 2633 1605 2670 MANUT.
1630 2654 1674 2660 —

227 2680 366 2721 exitu-⁹,
398 2682 562 2724 Ausweg
598 2681 656 2714 fiir
687 2681 783 2715 mich
814 2681 939 2714 selbst.
975 2699 1018 2705 ·—-
1067 2681 1145 2725 his,
1184 2684 1267 2715 Asc.
1292 2681 1326 2715 2.
1363 2681 1463 2716 Crat.
1510 2680 1613 2716 vict.
1641 2684 1671 2714 1.

227 2726 276 2759 iis
298 2725 410 2765 vivis,
451 2738 496 2760 so·
518 2727 626 2771 lange
650 2727 753 2762 diese
776 2726 940 2770 Beiden,
973 2727 1088 2762 Gasar
1119 2728 1194 2762 und
1217 2726 1439 2772 Pompeius,
1471 2727 1594 2765 leben.
1629 2745 1673 2751 —-

1788 214 1795 300 ἢ

1787 301 1795 389 {1
