1795 3043
194 76 295 124 302
448 72 513 118 Μ.
550 72 607 117 Τ.
647 70 989 120 CICERONIS
1022 72 1393 123 EPISTOLAE.

196 199 265 227 ras
295 185 407 224 cuim
435 185 480 224 in
511 196 561 223 ea
589 195 680 224 esse
710 183 762 224 de
792 197 984 226 sermone
1014 186 1204 239 Pompeii
1232 186 1534 240 Neapolitanot
1563 200 1656 230 eam

195 243 301 284 mihi
330 243 458 282 Patro
489 241 705 281 Brundisii
732 242 933 283 reddidit:
976 243 1207 297 Corcyrae,
1245 246 1293 284 ut
1323 244 1498 297 opinor,
1535 259 1654 288 acce-

195 302 330 352 perat.
389 297 510 338 Nihil
548 298 687 350 potuit
717 311 805 339 esse
833 300 1076 341 iucundius.
1136 302 1242 341 Erat
1282 302 1396 341 enim
1424 301 1475 342 de
1503 315 1551 343 re
1580 316 1655 356 pu-

196 356 334 408 blica,
373 355 424 394 de
453 355 675 407 opinione,
715 368 841 407 quam
870 357 907 396 is
934 358 1001 397 vir
1030 356 1207 398 haberet
1232 358 1486 412 integritatis
1513 372 1652 401 meae:

198 413 251 452 dc
280 412 598 463 benevolentia,
637 425 762 463 quam
791 414 973 454 ostendit
1009 426 1058 454 eo
1088 427 1303 467 sermone,
1353 429 1476 467 quem
1505 416 1657 457 habuit

198 470 252 510 de
277 470 508 521 triumpho.
550 469 631 510 Sed
652 472 790 511 tamen
818 472 899 511 hoc
929 471 1291 525 iucundissimum,
1322 473 1434 524 quod
1462 473 1657 515 intellexi

195 528 240 566 tc
271 527 323 567 ad
352 539 449 566 eum
488 528 675 576 venisse,
722 530 770 567 ut
808 528 898 568 cius
937 529 1120 569 animum
1157 542 1255 582 erga
1282 542 1348 570 me
1377 531 1655 582 perspiceres.

145 592 174 632 6
196 583 294 625 Hoc
326 584 456 633 mihi,
495 584 684 636 inquam,
727 585 885 625 accidit
914 585 1275 629 iucundissimum.
1347 586 1411 627 De
1441 587 1657 639 triumpho

196 642 341 682 autem
369 642 488 681 nulla
516 653 581 680 me
610 641 822 692 cupiditas
850 654 1036 693 unquam
1064 644 1201 683 tenuit
1230 644 1326 683 ante
1351 643 1495 684 Bibuli
1524 644 1657 696 impu-

197 698 466 739 dentissimas
496 698 660 749 literas,
709 710 813 748 quas
856 700 1114 751 amplissima
1142 701 1395 752 supplicatio
1426 703 1656 742 consecuta

199 757 274 795 est.
332 756 370 796 A
401 767 486 806 quo
517 754 552 794 si
581 767 631 794 ea
659 757 775 806 gesta
805 758 962 807 essent,
1002 769 1108 808 quae
1131 758 1319 810 scripsit,
1359 758 1584 811 gauderem
1614 759 1657 799 et

196 813 351 853 honori
380 814 583 852 faverem:
612 824 725 851 nunc
755 812 890 864 illum,
920 813 991 863 qui
1019 814 1168 865 pedem
1194 819 1329 866 porta,
1359 815 1495 866 quoad
1524 815 1659 856 hostis

198 869 261 910 cis
290 870 551 920 Euphratem
579 868 679 919 fuit,
708 882 792 909 nen
822 870 1041 920 extulerit,
1084 871 1243 910 honore
1272 872 1443 923 augeri3
1487 885 1572 922 me,
1611 873 1657 912 in

197 926 320 966 cuius
351 926 543 967 exercitu
571 937 686 977 spem
724 926 843 965 illius
885 927 1095 967 exercitus
1133 928 1303 980 habuit,
1342 928 1451 967 idem
1480 941 1565 969 non
1595 942 1658 971 as-

194 984 330 1035 sequi,
360 983 541 1023 dedecus
569 984 631 1021 est
658 984 862 1033 nostrum,
891 985 1082 1023 nostrum
1103 984 1287 1036 inquam,
1316 986 1359 1024 te
1383 986 1656 1039 coniungens.

193 1041 344 1092 Itaque
375 1040 516 1079 omnia
546 1040 741 1090 experiar
771 1043 834 1092 et,
864 1042 912 1079 ut
941 1053 1086 1093 spero,
1118 1054 1329 1093 assequar.
1395 1041 1515 1090 Quod
1543 1043 1580 1082 si
1610 1045 1658 1083 tu

195 1099 377 1145 valeres,
406 1098 492 1137 iam
520 1096 622 1137 mihi
651 1097 854 1147 quaedam
876 1099 1094 1149 explorata
1108 1100 1260 1140 essent.
1319 1098 1415 1150 Sed,
1445 1100 1491 1139 ut
1518 1112 1658 1152 spero,

144 1158 174 1199 ’7
196 1154 371 1196 valebis.
443 1153 506 1193 De
535 1153 792 1194 raudusculo
819 1153 1076 1195 Numeriano
1104 1157 1284 1195 multum
1313 1157 1356 1194 te
1385 1168 1491 1196 amo.
1550 1157 1659 1196 Hor-

196 1212 356 1252 tensius
388 1210 487 1261 quid
518 1211 674 1262 egerit,
716 1223 817 1251 aveo
849 1211 972 1252 scire.
1047 1211 1148 1252 Cato
1179 1212 1278 1263 quid
1308 1213 1423 1263 agatz
1464 1212 1537 1264 qui
1566 1214 1659 1264 qui-

194 1269 291 1309 dem
318 1268 361 1307 in
392 1279 458 1307 me
486 1267 668 1318 turpiter
688 1268 771 1306 fuit
786 1268 1028 1308 malevolus.
1085 1268 1212 1308 Dedit
1238 1268 1509 1320 integritatis,
1538 1270 1658 1310 iusti-

194 1325 310 1376 tiae,
350 1319 624 1375 clementiae,
663 1322 762 1363 fidei
792 1324 897 1363 mihi
936 1325 1239 1372 testimonium,
1280 1325 1391 1376 quod
1418 1338 1503 1365 non
1534 1338 1659 1377 quae-

195 1382 362 1431 rebam,
414 1380 526 1432 quod
553 1380 840 1432 postulabam,
886 1380 962 1432 [id]
993 1382 1175 1433 negavit.
1244 1382 1393 1433 Itaque
1424 1382 1576 1434 Caesar
1603 1383 1659 1424 iis

194 1439 355 1491 literis,
407 1437 561 1489 quibus
600 1438 704 1477 mihi
748 1438 983 1490 gratulatur
1019 1441 1061 1477 et
1101 1438 1242 1478 omnia
1281 1439 1530 1492 pollicetur,
1574 1452 1658 1491 quo

194 1497 317 1536 modo
348 1496 531 1536 exsultat
562 1493 730 1534 Catonis
767 1495 812 1533 in
850 1507 916 1534 me
953 1495 1229 1547 ingratissimi
1257 1495 1431 1536 iniuria!
1489 1495 1546 1536 At
1586 1497 1658 1538 hic

195 1554 308 1594 idem
339 1552 494 1592 Bibulo
524 1551 687 1590 dierum
715 1564 785 1593 xx.
853 1552 1028 1604 Ignosce
1066 1552 1194 1592 mihi:
1231 1565 1315 1592 non
1354 1565 1523 1606 possum
1552 1554 1658 1595 haec

197 1709 281 1733 men
307 1697 404 1730 noch
427 1696 450 1729 4
465 1695 669 1730 Philoxeni
687 1707 756 1729 ver
774 1695 819 1728 ad
836 1695 949 1729 Attic.
962 1695 1079 1735 1V‚‘6.
1106 1694 1257 1737 XIII,8.
1282 1693 1328 1727 ad
1347 1694 1525 1730 Q.Fratr.
1540 1695 1657 1738 111,1.

196 1745 244 1780 ad
268 1743 401 1778 Famil.
426 1743 546 1784 XIII,
567 1744 623 1777 37.
644 1761 688 1766 —
726 1742 765 1775 in
796 1752 857 1784 ea,
896 1745 985 1775 Asc.
1007 1743 1039 1774 l.
1074 1742 1172 1774 Crat.
1208 1751 1287 1774 eam
1318 1751 1403 1774 esse.
1427 1759 1472 1766 —
1515 1742 1558 1775 de
1580 1752 1659 1775 ser-

196 1801 302 1825 mone
334 1796 430 1832 cet„
472 1799 543 1822 von
573 1788 718 1822 Deiner
747 1787 1013 1830 Unterredung
1045 1787 1111 1820 mit
1146 1787 1189 1821 P.
1222 1796 1269 1820 zu
1300 1787 1459 1830 Neapel.
1487 1806 1530 1811 —
1578 1797 1658 1821 eam

197 1837 302 1872 mihi.
336 1837 398 1870 De
423 1836 511 1870 Ern.
540 1846 639 1879 susp.
666 1834 750 1869 Sch.
769 1834 863 1867 Lun.
892 1845 998 1877 quum
1024 1844 1111 1867 eam.
1145 1832 1242 1867 Sane
1267 1843 1315 1866 ex
1340 1843 1409 1866 usu
1426 1832 1505 1867 Cic.
1524 1833 1658 1868 OB.—

199 1885 243 1918 de
267 1893 307 1916 re
319 1882 441 1926 publ„
475 1880 550 1915 wie
574 1881 703 1924 Pomp.
730 1880 823 1914 iiber
853 1879 915 1913 die
941 1879 1133 1924 Republik
1159 1878 1285 1912 denkt.
1303 1898 1348 1903 —
1384 1878 1418 1911 is
1442 1879 1519 1919 vir,
1544 1880 1659 1914 Pom-

198 1929 308 1974 peius
331 1927 493 1980 Neapoli
519 1938 600 1960 cum
625 1926 752 1960 Attico
780 1926 998 1960 collocutus.
1018 1945 1062 1950 —
1108 1925 1150 1958 de
1182 1924 1383 1968 triumpho,
1423 1936 1531 1968 quem
1561 1925 1658 1970 peti-

200 1976 512 2061 ωωίὶ.ίιὲιι“ὶεφ·ιῑε,
547 2017 802 2052 Amtsbericht
832 2017 897 2051 des
922 2017 1080 2051 Bibulus
1113 2026 1158 2049 an
1191 2015 1261 2049 den
1287 2014 1413 2050 Senat.
1437 2034 1481 2041 -—
1524 2017 1660 2050 extule-

201 2067 276 2108 rit,
310 2066 400 2100 C2d.
427 2065 585 2109 Malasp.
611 2064 739 2097 Lamb.
767 2064 907 2097 extulit.
943 2064 1018 2097 Zur
1044 2063 1163 2097 Sache
1187 2061 1261 2105 vgl.
1288 2062 1606 2106 ep.CCLXXXI,
1623 2063 1657 2097 5.

202 2112 418 2155 CCLXXII,
439 2113 461 2145 5
488 2111 525 2145 ff.
550 2130 594 2135 ——-—
644 2114 676 2143 te
707 2111 930 2152 coniungens
960 2109 983 2143 i.
1010 2121 1042 2143 e.
1079 2119 1188 2152 quum
1229 2107 1336 2150 dico,
1385 2108 1456 2141 hoc
1497 2108 1660 2143 dedecus

200 2163 365 2193 nostrum
390 2169 495 2199 esse,
530 2162 566 2190 te
590 2168 731 2189 mecum
758 2157 964 2198 coniungo,
999 2166 1062 2189 seu
1089 2162 1189 2188 tuum
1215 2153 1324 2187 etiam
1349 2152 1386 2186 in
1413 2164 1455 2187 ea
1479 2165 1520 2188 re
1546 2154 1660 2188 dede-

201 2217 266 2240 cus
291 2215 371 2238 cum
401 2215 483 2238 meo
509 2203 743 2236 coniunctum
769 2209 874 2247 puto.
899 2202 1005 2235 SCH.
1022 2220 1063 2225 —-
1101 2201 1177 2234 iam
1199 2224 1206 2233 ,
1223 2225 1253 2234 ..
1281 2199 1416 2243 explor.
1443 2204 1580 2244 essent,
1616 2211 1658 2235 so

201 2252 326 2287 wiisst’
352 2251 417 2283 ich
441 2249 557 2282 sehon
582 2248 769 2292 ziemlicb,
795 2248 883 2282 Wie
899 2248 958 2282 ich
974 2247 1212 2282 dai-auwiire.
1240 2246 1295 2279 Zu
1319 2246 1458 2279 valeres
1482 2247 1558 2290 vgl.
1579 2247 1607 2290 §.
1622 2247 1656 2281 2.

294 2310 327 2342 7.
352 2307 411 2341 Der
434 2307 652 2339 raudusculo
679 2311 771 2348 cct.‚
799 2315 837 2339 es
855 2315 934 2338 war
955 2305 1042 2338 sehr
1058 2301 1352 2346 liebenswiirdig
1372 2312 1444 2335 von
1461 2301 1547 2345 Dir,
1575 2302 1659 2336 dass

201 2355 265 2391 Du
289 2353 414 2388 meina
440 2351 565 2385 kleine
581 2351 801 2395 Forderung
826 2362 871 2384 an
895 2350 1091 2385 Numerius
1116 2348 1319 2391 berichtigt
1342 2349 1431 2382 hast.
1466 2348 1563 2383 Statt
1579 2348 1660 2384 Nu-

201 2402 366 2434 ’neriano
401 2399 531 2433 Lamb.
560 2398 778 2440 Puteolano,
808 2397 882 2430 wie
914 2408 972 2441 ep.
994 2395 1312 2436 CCLXXX11‚5.
1358 2395 1531 2429 Fortasse
1556 2400 1660 2428 utro-

203 2457 276 2490 que
302 2447 385 2479 loco
415 2446 461 2478 de
486 2443 613 2477 eadem
640 2444 797 2487 pecunia
821 2443 960 2486 agitur,
987 2452 1093 2484 quam
1106 2440 1304 2474 Numerius
1330 2440 1464 2485 aliquis·
1489 2440 1660 2475 Puteolis

202 2492 378 2527 Ciceroni
404 2491 580 2524 debebat.
606 2490 712 2523 SCH.
732 2508 777 2513 —-
816 2488 1032 2522 Hortensius
1056 2488 1141 2531 quid
1165 2487 1283 2528 egerit
1307 2486 1388 2520 scil.
1417 2486 1463 2520 de
1487 2486 1660 2520 auctione
1694 2489 1702 2491 ’

203 2539 386 2572 bonorum
412 2544 664 2581 paternorum.
703 2535 750 2570 cf.
777 2545 832 2578 ep.
859 2546 938 2576 seq.
965 2535 993 2576 §.
1015 2534 1048 2567 9.
1082 2533 1170 2567 Sein
1199 2534 1339 2574 Vater,
1373 2532 1440 2565 der
1466 2532 1659 2565 beriihmte

203 2584 357 2619 Reduer
383 2579 429 2618 u.⁴
449 2583 574 2617 reiche
595 2581 776 2616 Consular
802 2581 844 2615 Q.
872 2579 1108 2621 Hortensius,
1133 2589 1212 2612 war
1242 2578 1278 2612 in
1296 2578 1434 2612 diesem
1452 2578 1561 2611 Iahre
1574 2588 1658 2610 ver-

203 2631 426 2664 storben.-
463 2630 554 2663 Cato
579 2629 666 2672 quid
689 2631 789 2669 agat.
818 2626 906 2660 Sch.
931 2625 1027 2659 coni.
1053 2626 1146 2658 Liin.
1172 2628 1205 2657 et
1226 2625 1316 2658 Cato
1342 2635 1374 2668 q.
1393 2635 1425 2658 α.
1451 2624 1527 2657 Zur
1541 2622 1660 2657 Sache

204 2677 282 2719 vgl.
308 2688 366 2720 ep.
386 2675 593 2710 CCLXVI.
622 2672 850 2715 CCLXVII,
867 2672 900 2705 2.
928 2671 1209 2707 CCLXXVIII.
1230 2690 1273 2695 —
1310 2670 1447 2703 Caesar
1543 2669 1662 2702 exsul-

205 2726 279 2764 tat,·
316 2722 404 2766 Vgl.
431 2732 491 2767 «ep.
508 2719 793 2763 CCLXXXIV,
816 2721 846 2754 7.
865 2737 908 2743 -
954 2716 1012 2751 hic
1037 2717 1134 2751 idem
1160 2717 1249 2751 Cato
1275 2716 1409 2751 Bibulo
1435 2715 1573 2749 dieram
1597 2726 1663 2750 xx.
