1795 3043
213 66 316 114 3⁰0
493 62 558 109 M.
595 62 649 108 Τ.
688 59 1029 110 CICERONIS
1064 61 1437 114 EPISTOLAE.

211 174 424 216 sollicitus
464 175 770 227 maximamque
809 189 925 229 spem
954 174 1091 217 habeo
1120 177 1166 217 in
1194 177 1265 217 Μ’.
1289 177 1408 218 Curii
1439 177 1672 231 diligentia,

213 232 270 272 de
298 245 381 284 qua
409 231 461 272 ad
490 244 557 272 me
585 233 754 284 scripsit
772 234 873 274 Tiro
905 235 946 273 et
977 234 1100 273 multi
1120 234 1383 276 nuntiarunt.
1434 235 1580 276 Curius
1599 249 1670 276 au-

212 291 302 329 tem
330 291 423 340 ipse
454 289 603 341 sensit,
641 302 766 341 quam
795 292 840 330 tu
871 292 1002 331 velles
1033 303 1077 329 se
1107 305 1132 331 a
1161 303 1228 330 me
1257 291 1398 344 diligi,
1429 293 1470 332 et
1500 305 1548 332 eo
1577 304 1668 332 sum

213 345 436 386 admodum
464 346 706 387 delectatus.
763 347 819 387 Et
847 348 1088 388 mehercule
1126 349 1212 399 est,
1253 360 1377 398 quem
1412 349 1540 389 facile
1576 349 1668 388 dili-

213 414 299 455 gas.
355 399 583 449 Αύτόχθων
608 403 653 444 in
682 404 850 444 ho'mine
879 405 1095 444 urbanitas
1124 406 1200 446 est.
1242 405 1347 445 Eius
1375 407 1669 446 testamentum

214 458 391 511 deporto
412 460 662 501 Ciceronum
684 461 812 514 signis
833 461 1095 514 obsignatum
1115 462 1383 514 cohortisque
1402 463 1664 515 praetoriae:

212 515 317 557 fecit
345 518 483 569 palam
511 519 553 558 te
583 530 634 558 ex
664 518 831 570 libella,
871 530 938 559 me
976 531 1028 559 ex
1062 518 1267 559 teruncio.
1328 519 1377 559 In
1416 518 1540 560 Actio
1571 519 1670 559 Cor-

212 583 342 627 cyrae
370 573 522 614 Alexio
559 587 626 614 me
668 575 843 627 opipare
881 577 1126 616 muneratus
1155 578 1230 615 est.
1288 577 1442 624 Quinto
1473 574 1670 616 Ciceroni

211 651 479 696 maximamque
501 663 546 684 =
568 654 705 694 καίτοι,
736 651 889 694 iedoch,
922 651 1058 685 indess.
1080 671 1124 676 —
1161 652 1295 696 habeo,
1320 664 1434 697 pono.
1459 672 1504 678 —
1540 652 1668 686 Curio.

211 696 254 732 S.
281 708 342 742 ep.
359 699 447 741 288,
463 697 498 731 2.
530 697 615 739 289,
633 698 666 730 1.
700 697 787 741 292,
818 708 853 730 u.
878 707 925 730 zu
950 697 1201 734 DCXLVIII.
1227 717 1271 724 —-
1320 699 1433 732 sensit
1457 725 1489 734 ..
1505 724 1514 733 .
1540 697 1667 740 diligi.

214 743 334 779 Quam
360 750 398 777 tu
422 743 541 778 velles
567 742 719 777 Curium
746 754 767 776 a
789 754 848 777 me
872 742 1000 787 diligi,
1035 743 1074 778 id
1098 745 1133 778 ei
1158 745 1268 790 plane
1292 745 1347 778 sic
1371 744 1601 789 significavi,
1627 749 1668 777 ut

209 789 296 834 ipse
330 789 470 824 sentire
503 794 640 833 posset.
671 788 778 824 SCH.
804 807 849 814 -
895 793 948 823 est
982 789 1062 825 scil.
1094 790 1152 824 vir
1185 791 1287 834 talis,
1321 802 1422 835 quem
1444 803 1491 824 =
1514 796 1554 824 ut
1584 800 1668 824 eum

211 840 283 870 cet.
323 836 387 870 Sic
412 835 517 870 Amb.
533 837 590 871 16.
623 835 732 870 Rom.
766 835 852 869 Asc.
872 836 905 870 1.
940 835 1038 871 Crat.
1065 836 1156 870 Ern.
1181 836 1292 871 Bent.
1324 848 1429 881 quam
1461 837 1538 872 Md.
1573 835 1666 870 Cdd.

209 882 370 926 Malasp.
397 881 501 918 Vict.
520 883 554 915 1.
570 882 604 915 2.
631 881 758 916 Lamb.
782 882 871 915 Bos.
890 881 1021 917 GraeV.
1040 881 1125 916 Sch.
1143 882 1237 916 Liin.
1276 883 1442 917 Alteram
1465 881 1668 916 lectionem

208 928 391 974 praetuli,
419 928 507 971 quia
530 938 619 961 mox
643 928 721 962 Md.
747 928 938 962 urbanitas
961 932 1024 963 est.
1054 928 1304 963 ORELLI.—-
1338 930 1436 965 Αὐτ.
1462 929 1501 962 in
1525 928 1559 963 h.
1584 928 1666 962 urb.

210 978 278 1008 est.
316 973 510 1017 αὐτόχθων
544 980 600 1008 est
634 984 677 1007 ea
702 973 910 1012 urbanitas,
944 985 1050 1017 quam
1077 975 1123 1008 ad
1148 975 1300 1010 Divers.
1318 974 1396 1017 IX,
1412 974 1456 1008 15
1480 975 1667 1018 antiquam

210 1024 247 1055 et
269 1020 503 1054 vernaculam
526 1020 760 1063 festivitatem
785 1020 960 1064 appellat.
986 1020 1093 1055 SCH.
1133 1020 1196 1055 Sic
1219 1021 1296 1055 Md.
1316 1021 1426 1055 Rom.
1446 1020 1536 1054 Ern.
1555 1021 1664 1054 Bent.

211 1077 283 1102 om.
313 1070 366 1100 est
396 1066 512 1108 Cett.,
545 1072 586 1099 ut
621 1065 687 1100 sit:
725 1066 774 1099 Et
797 1066 996 1100 mehercule
1020 1071 1091 1108 est,
1127 1077 1233 1110 quam
1261 1067 1372 1109 facile
1403 1066 1560 1110 diligas,
1595 1066 1665 1102 αὖ·

210 1112 389 1156 τόχθων
417 1112 456 1145 in
481 1111 624 1145 homine
658 1112 860 1146 urbanitas.
890 1112 961 1146 OR.
1001 1113 1215 1155 αὐτόχθων,
1248 1113 1313 1146 auf
1332 1112 1567 1147 Romischem
1590 1112 1667 1145 Bo-

205 1158 282 1193 den
306 1159 553 1202 gewachsene
576 1158 774 1192 Urbanitat
798 1158 865 1192 der
889 1158 1154 1192 altromischen
1179 1159 1412 1202 Vorfahren,
1443 1158 1491 1191 im
1517 1158 1666 1202 Gegen-

209 1210 313 1239 satze
338 1205 405 1238 der
430 1204 652 1248 griicisirten
676 1215 818 1238 neuern
841 1204 1041 1238 urbanitas.
1089 1204 1194 1239 Eben
1226 1215 1267 1238 so
1299 1204 1578 1238 unterscheidet
1603 1202 1668 1238 Ci-

209 1261 299 1285 cero
324 1251 349 1285 l.
378 1250 439 1284 cit.
474 1251 658 1283 Romanos
682 1254 818 1284 veteres
841 1254 946 1294 atque
979 1251 1140 1284 urbanos
1164 1250 1279 1293 sales,
1313 1250 1488 1284 salsiores
1513 1249 1665 1284 Atticis.

209 1314 256 1322 —-
280 1297 442 1340 deporto,
468 1295 528 1329 ich
553 1296 687 1339 bringe
712 1296 789 1330 mit.
817 1295 855 1330 S.
871 1296 1027 1340 ep.294:
1059 1296 1141 1339 Ego
1168 1307 1188 1329 a
1213 1295 1327 1330 Curio
1353 1297 1498 1330 tabulas
1523 1295 1665 1340 accepi,

206 1353 302 1386 quas
328 1353 470 1376 mecum
493 1347 674 1386 porto.—
707 1343 943 1385 Ciceronum,
977 1341 1106 1377 Quinti
1136 1341 1262 1375 fratris
1294 1342 1450 1385 eiusque
1480 1348 1516 1376 et
1545 1341 1667 1376 Marci

207 1389 387 1423 filiorum.
436 1388 479 1422 In
504 1388 576 1422 den
596 1387 884 1423 Handschrifften
910 1388 1026 1421 findet
1051 1388 1131 1422 sich
1155 1391 1403 1422 testamentum
1428 1389 1666 1423 detortorium

205 1435 271 1470 od.
305 1436 348 1469 de
372 1435 567 1469 tortorium
603 1434 664 1469 od.
699 1436 742 1469 de
772 1435 929 1468 tortorio
962 1435 1195 1473 Ciceronum,
1236 1434 1284 1468 im
1317 1434 1408 1470 Cod.
1442 1435 1585 1469 decurt.
1622 1435 1666 1468 de

208 1482 347 1515 tortori
370 1481 473 1514 uncis
497 1491 677 1515 ceronum.
721 1481 911 1515 Manutius
944 1480 1030 1514 fand
1055 1491 1120 1514 aus
1145 1481 1384 1515 detortorium
1416 1481 1504 1515 sehr
1528 1479 1665 1524 richtig

205 1527 358 1572 deporto
384 1527 537 1569 heraus,
572 1527 608 1560 in
634 1527 705 1560 den
730 1527 889 1571 iibrigen
913 1527 1150 1561 Buchstaben
1175 1526 1291 1561 findet
1323 1528 1368 1562 G.
1394 1527 1541 1561 Friedr.
1568 1527 1667 1561 Gro-

208 1573 337 1608 tefend
361 1573 447 1607 sehr
472 1572 721 1615 scharfsinnig
746 1574 917 1615 omnium,
943 1584 1019 1607 was
1044 1573 1092 1607 im
1118 1573 1392 1607 unleserlichen
1407 1573 1666 1618 compendium

205 1619 416 1664 scripturae
430 1619 565 1652 omium
581 1618 642 1652 od.
661 1614 736 1652 Biri‘z
750 1619 937 1653 versteckt
950 1618 1054 1662 liegt.
1079 1619 1155 1662 vgl.
1173 1630 1229 1663 ep.
1244 1620 1311 1654 287
1324 1620 1616 1654 nosomnes.288.
1633 1629 1665 1653 a.

204 1666 305 1701 End.
317 1684 363 1691 -
377 1665 554 1699 cohortis.
568 1665 804 1709 .praetoriae.
828 1666 910 1701 Non
921 1664 1164 1707 intelligenda
1172 1665 1370 1700 estcohors
1379 1666 1550 1699 militaris
1559 1675 1669 1710 prae-
1715 1668 1720 1669 ⁷

206 1712 318 1751 toria,
330 1712 396 1745 sed
406 1711 485 1754 illa,
496 1722 590 1755 quae
600 1711 752 1745 comites
762 1711 948 1755 praetoris
958 1711 1126 1754 habebat,
1142 1711 1364 1755 praefectos,
1379 1711 1534 1754 scribas,
1550 1711 1669 1745 medi-

204 1768 270 1793 cos
284 1764 372 1801 etc„
392 1758 491 1802 quod
508 1769 556 1792 ex
575 1768 619 1791 eo
642 1757 866 1801 intelligitur
879 1757 1004 1800 facile,
1026 1756 1292 1800 quiamilitaris
1302 1757 1468 1791 cohortis
1479 1757 1668 1801 signanon

203 1803 564 1850 cepissenttabulae.
588 1803 876 1838 ERNESTI.-—
899 1802 1197 1847 fecitpalami.e.
1211 1804 1264 1837 sic
1276 1803 1380 1846 fecit,
1395 1803 1666 1848 utnuncupatio

202 1861 228 1884 a
263 1851 421 1884 testibus
456 1850 628 1884 exaudiri
662 1849 800 1894 possit,
843 1861 914 1894 „er
944 1850 1005 1883 hat
1030 1849 1129 1883 Dich
1167 1849 1274 1884 darin
1307 1849 1549 1893 offenkundig
1581 1859 1664 1883 zum

204 1897 466 1941 Haupterben‚
492 1896 589 1930 mich
615 1907 698 1930 zum
714 1896 841 1930 Erben
866 1896 931 1930 des
957 1895 1100 1930 vierten
1119 1895 1249 1930 Theils
1274 1895 1516 1939 eingesetzt.''
1539 1895 1666 1930 Ueber

202 1942 269 1977 die
301 1940 517 1977 iuristische
552 1942 702 1976 Formel
733 1942 898 1976 heredem
933 1943 1061 1986 palam
1092 1942 1214 1984 facere
1248 1952 1277 1976 s.
1313 1942 1462 1986 Digest.
1503 1942 1570 1976 lib.
1602 1942 1661 1977 28.

205 1989 286 2023 Tit.
312 1990 344 2022 1.
373 1999 423 2022 ex
446 1988 601 2033 Ulpiani
625 1988 690 2022 lib.
708 1988 742 2022 2.
769 1988 815 2022 ad
839 1987 1035 2023 Sabinum:
1073 1988 1258 2031 „Heredes
1284 1989 1429 2032 palam,
1460 1988 1515 2022 ita
1539 1991 1579 2021 ut
1601 1998 1663 2021 ea:-

203 2035 334 2070 audiri
357 2034 518 2079 possint,
562 2036 793 2079 nuncupandi
821 2039 913 2069 sunt.
950 2041 1020 2069 cet.
1046 2053 1092 2060 —
1137 2045 1181 2067 ea:
1210 2034 1336 2068 libella
1357 2046 1405 2068 =
1428 2045 1477 2068 ex
1501 2039 1664 2078 quatuor

201 2080 346 2121 unciis,
373 2081 492 2115 tribus
516 2080 691 2123 sicilicis,
727 2081 930 2126 scriptulo3
963 2092 1007 2114 ex
1036 2081 1198 2114 terunciu
1221 2090 1268 2114 =
1292 2091 1340 2115 ex
1363 2080 1473 2114 uncia
1498 2086 1535 2113 et
1553 2080 1663 2124 quin-

201 2138 282 2171 que
304 2126 514 2171 scriptulis:
549 2137 643 2170 quae
668 2133 792 2171 partes
819 2127 905 2170 quia
928 2138 1003 2160 non
1038 2127 1260 2160 exhauriunt
1286 2131 1401 2159 totum
1435 2135 1551 2159 assem
1586 2126 1663 2169 (die

202 2182 325 2218 ganze
349 2171 581 2216 Erbschait),
607 2173 892 2218 intelligendum
919 2185 968 2208 ex
992 2172 1148 2216 reliquis
1174 2172 1343 2217 partibus
1367 2171 1462 2206 alios
1487 2171 1662 2216 scriptos,

202 2229 302 2263 quos
327 2219 518 2252 nominare
543 2230 615 2252 non
640 2219 710 2252 suit
736 2231 874 2265 operae
895 2219 1083 2255 Ciceroni.
1132 2218 1211 2252 Nec
1243 2218 1370 2252 mirari
1403 2218 1579 2252 debemus
1613 2228 1662 2252 ex

204 2265 364 2299 tantillis
389 2265 559 2310 partibus
586 2266 744 2299 heredes
769 2266 895 2300 scribi.
933 2266 989 2300 Cf.
1017 2266 1062 2299 ad
1085 2264 1197 2298 Attic.
1217 2265 1351 2307 vll‚8.
1378 2265 1488 2307 XIII,
1502 2265 1565 2307 483
1590 2274 1661 2308 pro

204 2311 370 2347 Caecina
393 2322 424 2346 c.
439 2313 472 2346 6.
503 2310 666 2345 Gronov.
689 2311 754 2345 lib.
773 2312 821 2346 11.
848 2312 894 2346 de
919 2311 1076 2356 pecunia
1101 2316 1173 2345 vet.
1200 2321 1228 2344 c.
1245 2312 1276 2344 l.
1303 2311 1467 2345 SCH.—·
1490 2311 1530 2344 in
1551 2310 1662 2344 Actio

204 2358 403 2402 Corcyrae.
451 2357 522 2392 Est
554 2364 683 2401 portus
714 2358 1013 2402 Corcyraeorum
1048 2356 1093 2390 ad
1131 2356 1377 2390 differentiam
1417 2356 1572 2391 alterius
1608 2356 1661 2398 (in

203 2403 429 2445 Acarnania)
469 2402 590 2436 dictus
624 2404 773 2436 Actium
804 2404 1007 2448 Corcyrae,
1048 2402 1112 2436 ubi
1155 2402 1345 2437 octiduum
1382 2402 1664 2448 tempestatibus

204 2455 375 2484 retentus
400 2449 445 2483 ab
470 2448 657 2483 Alexione
681 2449 827 2483 medico
853 2460 920 2483 suo
945 2448 1097 2482 cibariis
1128 2449 1229 2482 laute
1263 2456 1299 2483 et
1330 2449 1560 2483 abundanter
1584 2459 1665 2482 mu-

203 2502 358 2531 neratus
383 2501 451 2529 est.
476 2494 666 2529 ΡΟΡΜΑ.
703 2495 775 2538 Ep.
797 2496 866 2529 292
897 2494 1117 2539 simpliciter
1140 2494 1280 2529 dicitur
1310 2499 1440 2540 portus
1464 2496 1666 2539 Corcyrae-

204 2553 325 2577 orum.
351 2541 461 2576 SCH.
501 2540 639 2574 Alexio
673 2540 869 2575 Ciceronis
905 2540 1068 2574 medicus
1102 2541 1261 2575 moritur
1294 2542 1340 2576 ad
1371 2542 1484 2575 Attic.
1505 2540 1602 2583 XV,
1629 2541 1663 2574 1.

203 2589 241 2623 2.
254 2590 349 2623 3.-
397 2589 439 2623 Q.
465 2587 635 2621 Ciceroni
665 2586 757 2620 filio.
780 2606 820 2612 —
870 2586 1078 2632 Thyamim,
1115 2587 1186 2621 den
1219 2588 1329 2622 Fluss
1362 2588 1401 2621 in
1434 2586 1572 2631 Epirus
1602 2585 1665 2619 bei

203 2635 451 2676 Buthrotum,
487 2644 531 2667 an
565 2633 746 2667 welchem
771 2632 834 2666 die
857 2633 1178 2678 Thesprotischen
1204 2633 1322 2668 Giiter
1347 2633 1412 2668 des
1435 2632 1587 2668 Attikus
1611 2632 1666 2665 la-

204 2691 299 2725 gen3
323 2680 509 2714 wesshalb
528 2679 596 2713 der
613 2678 724 2722 iunge
738 2678 897 2714 Quintus
915 2679 1019 2713 diese
1035 2679 1192 2724 Gegend
1212 2680 1372 2714 einmahl
1387 2680 1501 2714 sehen
1517 2677 1661 2720 wollte,

205 2727 255 2762 da
279 2737 320 2761 er
344 2726 426 2761 sicli
450 2725 486 2764 in
513 2725 581 2761 der
605 2726 709 2760 Nfihe
734 2725 881 2761 befand.
918 2725 956 2761 S.
981 2724 1080 2762 Pliu.
1107 2725 1153 2761 H.
1180 2725 1226 2761 N.
1244 2726 1320 2769 lv,
1347 2727 1378 2762 l.
