1795 3043
165 69 267 115 246
433 65 498 112 Μ.
534 66 591 113 Τ.
628 66 963 117 CICERONIS
999 69 1372 121 EPISTOLAE.

171 190 264 218 rum
296 178 512 220 actionum
543 191 669 220 cursu
707 182 782 222 tua
821 194 948 223 causa
986 182 1170 224 deflexit.
1241 182 1350 224 Nam
1378 182 1563 226 Furnius
1599 185 1644 225 et

176 236 394 287 Lentulus,
424 239 472 275 ut
502 235 759 289 debuerunt,
799 241 918 291 quasi
949 252 1092 280 eorum
1121 253 1189 281 res
1219 243 1350 294 esset,
1392 254 1476 281 una
1506 242 1644 282 nobis-

178 305 272 333 cum
310 293 617 333 circumierunt
666 297 709 334 ct
748 296 1010 337 laborarunt.
1087 298 1213 339 Balbi
1251 311 1418 350 quoque
1458 299 1644 339 Cornelii

178 361 350 401 operam
379 351 421 389 et
450 350 715 392 sedulitatem
745 354 918 394 laudare
949 367 1130 407 possum.
1187 355 1295 397 Nam
1338 368 1433 396 cum
1463 356 1645 396 Curione

178 407 449 447 vehementer
478 408 644 448 locutus
675 412 752 457 est,
785 414 826 450 et
855 423 973 464 eum,
1004 413 1041 453 si
1070 414 1196 453 aliter
1223 413 1417 465 fecisset,
1446 412 1646 453 iniuriam

181 464 353 504 Caesari
382 465 593 505 facturum
626 465 757 507 dixit:
794 470 884 508 tum
913 469 1006 509 eius
1034 469 1160 511 fidem
1188 471 1234 510 in
1265 471 1548 522 suspicionem
1577 469 1648 510 ad·

181 521 312 560 duxit.
373 521 609 562 Decrerant
638 523 866 577 [quidem],
913 527 986 577 qui
1027 528 1172 579 inique
1214 527 1391 580 transigi
1432 527 1645 578 volebant,

182 578 384 631 Domitii,
416 580 661 632 Scipiones:
705 581 861 631 quibus
898 583 980 623 hac
1016 596 1063 624 re
1099 584 1151 625 ad
1181 584 1525 625 intercessionem
1555 595 1649 624 evo-

188 635 365 676 candam
394 636 766 688 interpellantibus
801 640 1093 681 venustissime
1123 642 1249 683 Curio
1278 641 1495 695 respondit
1525 653 1570 680 se
1599 651 1650 679 eo

188 692 390 733 libentius
418 706 501 733 non
533 694 824 743 intercedere,
861 697 973 747 quod
1003 699 1223 749 quosdam,
1255 700 1329 751 qui
1359 699 1651 748 decernerent,

139 756 164 796 3
188 749 351 790 videret
372 749 525 790 confici
545 752 675 792 nolle.
722 752 842 800 Quod
863 753 914 793 ad
932 766 1021 794 rem
1039 755 1254 810 publicam
1275 756 1440 807 attinet,
1463 755 1506 794 in
1525 766 1652 794 unam

188 820 355 847 causam
390 807 525 846 omnis
541 810 758 849 contentio
781 812 973 852 coniecta
993 815 1068 864 est,
1097 812 1149 852 de
1167 815 1420 866 provinciis:
1451 812 1496 852 in
1527 822 1655 864 quam

187 864 326 904 adhuc
356 863 597 905 incubuisse
626 877 723 906 cum
752 870 901 908 senatu
931 868 1155 921 Pompeius
1192 870 1382 922 videtur,
1423 872 1471 910 ut
1500 869 1655 909 Caesar

190 921 249 961 ld.
269 921 473 961 Novemb.
500 921 688 964 decedat.
748 924 876 965 Curio
908 927 1049 966 omnia
1078 926 1218 979 potius
1248 927 1390 967 subire
1420 925 1655 974 constituit,

189 991 318 1029 quam
348 979 393 1018 id
424 980 534 1031 pati:
573 981 739 1021 ceteras
769 994 864 1022 suas
894 982 1052 1025 abiecit
1083 983 1281 1024 actiones.
1339 983 1484 1025 Nostri
1510 994 1654 1035 porro,

189 1048 296 1087 quos
324 1037 371 1076 tu
402 1036 509 1076 bene
538 1038 674 1090 nosti,
714 1038 767 1079 ad
807 1041 1038 1081 extremum
1068 1043 1284 1082 certamen
1322 1054 1411 1081 rem
1449 1040 1658 1080 deducere

191 1105 274 1133 non
312 1093 480 1135 audent.
541 1094 674 1135 Scena
714 1096 778 1137 rei
820 1098 949 1138 totius
987 1098 1113 1139 haec:
1158 1099 1406 1151 Pompeius,
1443 1099 1659 1149 tamquam

192 1152 413 1192 Caesarem
444 1164 526 1192 non
558 1152 798 1208 impugnet,
829 1155 900 1196 sed
931 1155 1042 1207 quod
1072 1156 1138 1196 illi
1170 1168 1348 1207 aequum
1380 1157 1521 1208 putet,
1562 1166 1660 1195 con-

197 1223 1436 1237 we,

191 1251 301 1286 SCH.
322 1271 367 1279 —
405 1265 514 1288 cursu
537 1281 566 1289 ..
593 1256 750 1300 deflexit,
776 1264 846 1291 tro
860 1269 897 1302 p.
923 1269 969 1291 =
992 1257 1081 1291 weil
1108 1269 1150 1291 er
1174 1257 1248 1292 Dir
1273 1267 1318 1290 zu
1345 1257 1440 1290 Lieb
1465 1257 1550 1291 eine
1564 1257 1662 1290 Aus-

191 1299 323 1332 nahrne
349 1310 421 1334 von
455 1301 583 1335 seinen
610 1303 844 1347 Massregeln
876 1304 1038 1348 machte3
1080 1314 1215 1348 nempe
1252 1303 1352 1347 quod
1389 1309 1537 1337 senatus
1571 1313 1662 1337 con-

193 1345 293 1379 sulto
321 1345 367 1379 de
393 1348 731 1391 supplicationibus
756 1351 853 1384 sacto
880 1361 952 1383 non
981 1350 1251 1388 intercederet,
1281 1360 1499 1393 quamquam
1525 1348 1662 1382 ceteris

194 1391 365 1425 omnihus
391 1393 491 1427 Setis
523 1405 563 1429 se
595 1395 884 1430 intercessurum
909 1396 1068 1430 minatus
1100 1403 1192 1431 erat.
1219 1395 1324 1431 ΞΟΠ.
1346 1415 1387 1420 -·
1419 1397 1459 1430 C.
1486 1395 1661 1438 Furnius,

196 1438 367 1472 tribunus
393 1440 536 1484 plebis,
562 1441 758 1477 Ciceronis
784 1442 1055 1487 cupidissimus.
1090 1443 1130 1478 S.
1156 1455 1200 1478 zu
1227 1453 1287 1486 ep.
1306 1442 1599 1478 DCCCXXVII
1624 1452 1660 1475 u.

194 1485 535 1530 DCCtJXXXVI,
567 1488 612 1522 ad
638 1490 770 1523 Famil.
794 1490 843 1523 X.
870 1491 1112 1524 1.3.6.S.10.
1131 1492 1187 1525 11.
1215 1489 1326 1529 VIII,
1343 1490 1396 1524 15.
1423 1489 1469 1523 ad
1483 1488 1599 1523 Attic.
1613 1487 1663 1531 V,

196 1532 251 1566 18.
280 1531 352 1575 ΙΧ,
369 1533 403 1566 6.
425 1534 477 1567 11.
498 1552 540 1558 —
574 1534 619 1568 P.
640 1534 815 1569 Lentulus
839 1534 1029 1579 Spinther.
1064 1535 1103 1571 S.
1131 1546 1177 1570 zu
1203 1547 1262 1580 ep.
1281 1536 1391 1570 XCII
1417 1535 1466 1570 im
1491 1534 1577 1569 Ans.
1603 1544 1663 1579 ep.

194 1579 252 1612 93.
278 1579 334 1612 94.
360 1579 416 1613 95.
443 1580 499 1614 96.
526 1581 604 1615 100.
632 1583 711 1617 101.
737 1584 816 1616 113.
846 1582 924 1616 125.
954 1583 1034 1617 148.
1052 1601 1097 1607 —
1153 1583 1414 1617 circumierunt
1452 1587 1666 1622 senatores,

197 1623 360 1658 niimlich
385 1636 444 1658 um
470 1627 528 1659 fiir
553 1627 686 1661 Cicero
713 1638 759 1663 zu
790 1628 920 1663 bitten.
938 1648 980 1654 -
1015 1629 1132 1662 labor.
1159 1640 1229 1674 pro
1255 1636 1317 1662 tua
1343 1640 1396 1663 re.
1417 1647 1461 1654 --
1498 1626 1667 1661 Cornelii

198 1670 313 1706 Balbi
339 1671 536 1715 Gaditani,
569 1673 755 1718 eiusdem,
792 1674 857 1718 qui
881 1675 1091 1709 nominatur
1115 1675 1186 1720 Ep.
1205 1676 1285 1709 211.
1310 1675 1379 1709 sub
1405 1674 1469 1709 fin.
1494 1673 1602 1708 SCH.
1619 1690 1666 1698 —

199 1717 365 1757 Caesari,
392 1719 493 1761 quod
519 1719 550 1753 is
567 1720 743 1755 Ciceroni
770 1721 864 1755 bene
888 1722 1014 1755 vellet.
1041 1722 1149 1757 SCH.
1169 1741 1211 1746 —
1237 1722 1315 1755 eius
1337 1721 1442 1764 fidem
1467 1719 1505 1753 in
1531 1720 1666 1754 Caesa-

197 1773 345 1799 rem.—
371 1765 544 1809 [quidem]
561 1766 625 1800 Sic
636 1768 770 1802 Graev.
787 1768 1031 1811 ItemLamb.,
1047 1767 1112 1802 sed
1132 1779 1202 1803 om.
1221 1768 1377 1811 quidem,
1399 1766 1500 1810 quod
1523 1777 1593 1810 ego
1615 1766 1664 1810 [J.

198 1810 291 1843 Iteni
306 1811 397 1844 Ern.
417 1811 502 1846 Sch.
520 1813 636 1856 Ltin.;
662 1814 730 1848 sed
754 1814 811 1848 hi:
839 1825 948 1858 neque
972 1825 1041 1859 pro
1066 1815 1200 1859 inique.
1218 1814 1290 1848 ΟΕ.
1326 1814 1420 1849 Num
1438 1812 1665 1864 quidam?-

197 1855 359 1890 Domz’tii
389 1862 422 1890 et
440 1858 560 1902 Scip„
586 1860 684 1894 zwei
710 1861 777 1895 der
802 1861 1096 1895 bedentendsten
1121 1860 1452 1895 aristokratischen
1472 1858 1668 1900 Famihen,

198 1902 260 1936 die
286 1914 325 1937 es
350 1905 601 1939 vermuthlich
626 1906 729 1940 nicht
752 1918 843 1951 geru
869 1907 1001 1950 sahen,
1026 1907 1111 1941 dass
1137 1907 1197 1940 ein
1223 1907 1333 1940 homo
1358 1916 1478 1940 novus
1502 1904 1578 1939 wie
1603 1903 1668 1939 Ci-

197 1960 287 1982 cero
312 1949 431 1984 durch
457 1951 615 1986 Talente
648 1963 683 1987 u.
709 1953 942 1989 Verdienste
975 1964 1019 1987 zu
1052 1954 1173 1988 einem
1206 1953 1370 1987 hoheren
1397 1952 1571 1986 Ansehen
1600 1961 1667 2002 ge-

198 1995 333 2039 langen
358 1997 489 2041 sollte,
516 1999 570 2032 als
596 1998 650 2033 sie
677 2000 795 2033 durch
821 2000 927 2034 ihren
954 2000 1207 2034 Geburtsadel
1232 2010 1267 2033 u.
1287 1999 1525 2033 Reichthum.
1560 1997 1668 2048 „Die

198 2042 390 2076 Domitier
415 2054 448 2077 u.
477 2044 682 2089 Scipionen
707 2047 826 2090 gaben
853 2047 937 2080 ihre
962 2046 1140 2080 Stimmen
1167 2046 1260 2080 auch
1286 2055 1367 2078 zum
1393 2045 1547 2085 Decret,
1573 2054 1668 2076 Wie-

199 2089 301 2122 wohl
327 2089 382 2122 sie
408 2090 488 2124 sich
515 2091 597 2125 dem
625 2093 830 2136 Vergleich
857 2093 922 2126 mit
947 2093 1061 2127 Curio
1088 2095 1132 2135 (s.
1155 2093 1183 2135 §.
1202 2093 1237 2134 1)
1263 2091 1481 2125 widersetzt
1506 2090 1669 2123 hatten.'’

197 2153 244 2162 -·
266 2135 471 2179 interpell.,
496 2138 578 2172 scil.
604 2138 824 2180 Curionem,
851 2139 938 2173 ficte
962 2139 1202 2182 rogantibus,
1226 2149 1272 2171 ne
1297 2137 1559 2171 intercederet.
1583 2135 1670 2169 ER-

199 2181 366 2216 NESTI.
401 2183 562 2224 „ihnem
588 2184 650 2218 die
675 2185 842 2219 dadurch
869 2187 941 2219 den
957 2185 1072 2220 Curio
1097 2195 1178 2218 zum
1194 2183 1431 2229 Einspruche
1456 2192 1578 2233 gegen
1594 2181 1670 2233 ’das

200 2229 346 2263 Decret
379 2240 506 2263 reizen
538 2232 716 2274 wollten,
748 2237 973 2266 antwortete
998 2231 1112 2266 Curio
1137 2241 1280 2265 u.s.W.
1316 2240 1411 2263 evoe.
1437 2241 1483 2262 =
1517 2229 1671 2262 elicien-

200 2274 296 2308 dam.
315 2294 359 2300 ——-
398 2276 461 2321 qui
485 2277 647 2320 decern„
681 2278 744 2312 die
767 2279 827 2312 fiir
852 2278 914 2312 die
939 2277 1060 2312 Sache
1084 2276 1290 2319 stimmten3
1323 2276 1497 2320 quosdam
1522 2300 1531 2308 .
1549 2300 1556 2308 .
1584 2284 1670 2307 con-

200 2322 262 2364 fici
286 2322 394 2362 nolle,
415 2322 498 2356 dass
523 2324 686 2366 gewisse
702 2325 823 2358 Leute
920 2324 1014 2357 doch
1042 2323 1247 2367 eigentlich
1272 2322 1444 2362 wollten,
1470 2321 1532 2356 die
1549 2319 1670 2355 Sache
1736 2327 1763 2351 κ’

202 2368 310 2402 haime
334 2369 438 2403 nicht
463 2379 508 2402 zu
534 2369 687 2405 Stande.
726 2371 859 2416 Suppl.
885 2369 1193 2415 supplicationes.

291 2422 324 2454 3.
360 2419 400 2453 in
425 2429 485 2452 un.
512 2429 541 2452 c.
568 2429 662 2452 omn.
688 2429 717 2452 c.
746 2417 840 2452 coni.
867 2420 937 2458 est,
963 2427 1005 2450 so
1031 2416 1092 2450 hat
1116 2415 1196 2450 sich
1222 2416 1316 2450 aller
1341 2413 1518 2450 Parteien
1543 2411 1672 2448 Krast-

202 2471 457 2510 anstrengung
482 2465 548 2499 aus
568 2464 630 2498 die
653 2463 940 2506 Entscheidung
964 2462 1032 2495 der
1063 2462 1172 2496 einen
1197 2463 1320 2506 Frage
1345 2461 1552 2506 geworsen:
1579 2459 1672 2492 Was
1737 2475 1739 2478 ⁴

203 2522 337 2556 'wegen
372 2512 440 2545 der
464 2510 680 2546 Provinzen
704 2520 751 2544 zu
776 2509 956 2553 versugen
981 2507 1047 2542 sei.
1083 2509 1176 2552 Vgl.
1204 2520 1261 2553 ep.
1284 2507 1504 2549 CCXXIII,
1526 2506 1548 2539 5
1571 2505 1607 2538 ff.
1624 2523 1672 2530 -—

203 2557 241 2591 in
268 2570 375 2602 quam
399 2558 520 2593 incub.
547 2563 616 2591 cet.
655 2556 862 2600 Pompeius
896 2555 1042 2588 scheint
1073 2554 1139 2588 mit
1171 2555 1254 2589 deni
1280 2554 1418 2590 Senate
1453 2551 1582 2586 darauf
1608 2552 1672 2585 be-

200 2605 332 2638 stehen
359 2614 404 2638 zu
430 2604 582 2638 wollen.
598 2622 641 2628 —
678 2603 735 2636 Id.
761 2601 957 2642 Novemb„
985 2611 1040 2634 am
1066 2602 1121 2636 13.
1138 2601 1420 2636 November.-
1454 2598 1602 2632 decedat
1625 2598 1673 2631 de

199 2650 406 2693 provincia.
425 2669 468 2676 -—
504 2650 646 2691 subire,
673 2650 768 2683 iiber
793 2648 873 2681 sich
898 2648 1061 2691 ergehen
1087 2657 1135 2681 zu
1160 2648 1295 2682 lassen.
1317 2665 1362 2672 ·-
1398 2644 1547 2686 Nostri,
1575 2644 1673 2691 opti·

200 2702 337 2739 martes,
364 2703 589 2732 senatus.--
619 2697 736 2730 Scena
759 2695 816 2728 rei
842 2694 953 2727 totius
979 2693 1087 2727 haec.-
1113 2693 1178 2728 das
1203 2703 1323 2737 ganze
1340 2691 1446 2736 Spiel
1472 2690 1564 2724 lauft
1588 2690 1674 2723 dar-

200 2743 265 2777 auf
294 2743 436 2778 hinaus.
457 2764 496 2770 -
536 2744 648 2788 imp„
681 2741 925 2787 bek'ampfen,
962 2739 1028 2775 mit
1059 2739 1261 2775 lemanden
1296 2738 1467 2774 streiteu.
1491 2755 1533 2761 —
1579 2736 1675 2781 quod
1735 2745 1765 2791 γ(
