1795 3043
555 43 865 91 EPISTOLA
904 45 1150 94 CCXCIX.
1488 56 1589 103 321

121 158 227 200 mihi
255 158 381 198 nutus
409 159 506 198 tuus
534 169 619 197 non
648 157 809 198 faceret
838 156 993 200 fidem?
1049 161 1344 214 Suspicionem
1373 161 1515 202 autem
1538 173 1588 203 eo

121 216 227 257 mihi
256 215 456 256 maiorem
485 215 558 254 tua
593 214 861 255 taciturnitas
901 217 1123 268 attulerat,
1162 219 1273 270 quod
1314 219 1356 258 et
1395 221 1438 258 tu
1479 219 1588 259 soles

120 271 414 326 conglutinare
448 271 657 312 amicitias
696 271 944 312 testimoniis
993 274 1076 314 tuis
1104 276 1146 314 et
1174 277 1295 316 illum
1334 274 1463 316 aliter
1491 287 1588 316 cum

119 330 216 370 aliis
246 329 298 369 de
326 328 450 369 nobis
477 329 666 368 locutum
694 327 927 368 audiebam.
986 330 1068 370 Sed
1097 343 1269 382 prorsus
1298 333 1359 372 ita
1388 345 1498 380 esse,
1538 334 1588 373 ut

119 385 296 438 scribis,
325 386 430 426 mihi
459 384 697 437 persuades.
757 385 906 436 Itaque
934 397 1011 439 ego
1038 386 1075 427 is
1102 388 1146 427 in
1176 389 1299 429 illum
1330 402 1435 441 sum,
1464 401 1588 442 quem

118 445 167 484 tu
196 455 264 483 me
293 455 382 484 esse
412 442 488 483 vis.
551 441 672 481 Diem
710 442 828 481 tuum
864 454 939 495 ego
975 455 1141 495 quoque
1179 457 1232 485 ex
1271 446 1448 498 epistola
1487 444 1636 498 qua-2

119 500 215 541 dam
244 502 340 552 tua,
370 511 495 551 quam
523 497 755 550 incipiente
783 498 992 540 febricula
1032 502 1286 554 scripseras,
1325 502 1430 543 mihi
1468 505 1587 544 nota·

118 569 285 606 veram;
316 557 358 597 et
389 554 767 596 animadverteram
786 567 906 607 posse
929 568 1006 608 pro
1036 570 1083 598 re
1111 559 1213 599 nata
1243 560 1287 598 te
1315 571 1399 598 nou
1428 560 1586 601 incom-

118 614 242 655 mode
271 613 325 654 ad
354 625 420 653 me
459 613 500 652 in
538 611 748 652 Albanum
785 613 933 652 venire
973 626 1045 656 111.
1075 614 1219 655 Nonas
1255 615 1425 657 Ianuar.
1485 617 1583 664 Sed,

119 669 266 712 amabo
295 672 363 720 te,
389 669 500 710 nihil
528 668 791 709 incommodo
818 670 1075 711 valetudinis
1108 671 1275 714 feceris.
1335 672 1446 720 Quid
1474 674 1585 715 enim

119 730 183 769 est
210 728 370 768 tantum
398 727 443 767 in
472 737 557 766 uno
587 727 661 766 aut
690 726 824 766 altero
854 726 954 767 die?
1010 728 1277 769 Dolabellam
1295 729 1417 771 video
1435 730 1584 772 Liviae
1606 732 1632 773 3

115 786 365 826 testamento
395 795 492 824 cum
520 782 683 823 duobus
712 783 990 824 coheredibus
1021 797 1109 825 esse
1138 786 1182 825 in
1211 786 1388 834 triente,
1419 787 1492 828 sed
1519 787 1584 828 iu·

116 841 208 883 beri
247 842 413 881 mutare
452 851 616 880 nomen.
689 840 768 880 Est
808 839 1013 878 πολιτικόν
1050 842 1227 892 σκέμμα,
1270 845 1489 884 rectumne
1526 844 1584 885 sit

114 898 249 940 nobili
288 896 547 938 adolescenti
576 897 739 936 mutare
767 909 917 937 nomen
948 898 1135 940 mulieris
1164 901 1428 942 testamento.
1497 901 1583 943 Sed

115 956 159 997 id
171 952 503 1005 φιλοσοφώτερον
520 951 861 1004 ὁιευκρινήσομεν,
893 966 1020 1005 quum
1040 956 1233 1008 sciemus,
1259 960 1462 1008 quantum
1481 971 1582 1010 qua-

114 1014 151 1054 si
179 1012 234 1053 sit
264 1013 309 1052 in
338 1011 504 1052 trientis
530 1012 697 1053 triente.
757 1010 874 1059 Quod
903 1012 1061 1063 putasti
1088 1013 1201 1060 fore,
1233 1016 1281 1052 ut
1309 1016 1421 1065 ante,
1451 1027 1578 1066 quam
1603 1021 1630 1060 4

114 1069 225 1111 istuc
254 1069 454 1120 venirem,
484 1067 728 1120 Pompeium
750 1067 951 1115 viderem,
981 1068 1142 1110 factum
1173 1071 1235 1110 est
1263 1069 1334 1110 ita.
1388 1070 1494 1112 Nam
1519 1085 1581 1116 vr.

114 1127 211 1168 Kal.
241 1126 294 1166 ad
323 1125 578 1166 Lavernium
606 1137 672 1166 me
702 1126 952 1165 consecutus
983 1127 1062 1168 est.
1121 1127 1216 1169 Una
1244 1127 1436 1169 Formias
1466 1129 1582 1170 veni·

112 1225 166 1260 Es
189 1223 342 1259 bezieht
363 1223 444 1257 sich
467 1223 567 1257 diess
592 1223 655 1256 auf
678 1220 824 1268 ep.'298.
853 1222 901 1256 im
927 1223 1012 1258 Ans.
1036 1241 1080 1248 -
1126 1225 1201 1266 fac.
1234 1226 1363 1270 fidem,
1397 1227 1581 1263 iiberzeu·

114 1282 199 1315 gen.
223 1288 269 1296 --
314 1269 456 1313 congl.,
482 1269 600 1303 sester
626 1268 970 1303 zusammenkitten.
994 1287 1039 1294 -
1085 1269 1120 1302 is
1142 1281 1241 1313 sum,
1266 1282 1414 1314 quem..
1432 1274 1490 1307 vis
1520 1274 1576 1317 (S.

115 1317 266 1352 Ramsh.
292 1317 323 1360 §.
342 1317 432 1357 184,
453 1317 497 1358 3,
524 1316 611 1349 Not.
632 1317 685 1357 l.)
710 1326 756 1348 =
781 1315 864 1348 talis
889 1325 989 1358 sum,
1023 1315 1184 1359 qualem.
1230 1317 1330 1353 Eine
1357 1319 1578 1356 Antimeria.

113 1364 156 1399 S.
180 1363 330 1397 Ramsh.
358 1363 386 1405 ξ.
406 1362 494 1404 206,
519 1362 574 1404 Α,
601 1362 633 1394 l.

205 1409 239 1443 2.
264 1408 373 1442 Diem
392 1412 492 1441 tuum
517 1407 541 1442 i.
559 1419 592 1441 e.
619 1406 715 1440 diem
733 1412 947 1451 quartanae,
972 1407 1033 1451 τήν
1050 1410 1173 1453 λῆψιν.
1221 1411 1430 1446 MANUT.
1458 1413 1579 1456 „Dei-

113 1466 187 1490 nen
215 1455 452 1498 Fiebertag.⁷'
484 1472 528 1478 —
578 1464 647 1496 pro
678 1463 718 1486 re
753 1458 857 1495 nata,
897 1455 958 1488 bei
990 1455 1139 1489 solcher
1177 1455 1479 1494 Beschaffenheit
1511 1460 1580 1493 der

113 1501 332 1536 Umstaude.
357 1519 401 1525 —
448 1501 523 1533 ΙΙΙ.
551 1499 647 1533 Non.
674 1500 777 1542 Ian„
812 1509 868 1532 am
893 1501 927 1535 3.
954 1500 1031 1534 Ian.
1057 1520 1102 1525 —
1149 1502 1317 1537 incomm.
1349 1505 1481 1548 valet„
1517 1506 1582 1540 auf

113 1548 256 1582 Gefahr
279 1546 424 1581 Deiner
444 1545 685 1580 Gesundheit.
713 1563 755 1569 ·—
806 1545 900 1580 Quid
916 1570 947 1581 ..
962 1572 969 1580 .
988 1546 1069 1580 die!
1093 1546 1191 1581 denn
1216 1559 1294 1583 was
1319 1551 1578 1597 verschlagt‘s,

112 1595 162 1628 ob
186 1593 273 1627 Wir
298 1603 366 1627 uns
390 1592 500 1626 einen
526 1591 619 1626 oder
642 1591 738 1624 zwei
764 1590 867 1634 Tage
891 1592 1020 1626 sriiher
1044 1593 1138 1627 oder
1162 1596 1290 1638 sp'ater
1314 1596 1450 1631 seheri?

202 1641 234 1675 3.
260 1639 401 1673 Liviae.
451 1638 553 1673 Quae
578 1637 650 1671 ista
671 1636 806 1671 mulier
829 1637 956 1680 fuerit,
982 1648 1055 1672 non
1072 1646 1227 1675 constat.
1276 1641 1385 1678 SCH.
1410 1661 1454 1668 —-
1502 1654 1577 1677 esse

111 1687 151 1720 in
174 1686 322 1728 triente,
348 1685 434 1719 dass
458 1684 660 1718 Dolabella
683 1693 766 1717 zum
785 1683 914 1718 Erben
941 1684 1006 1718 des
1030 1685 1170 1720 dritten
1196 1687 1328 1722 Theils
1352 1688 1455 1723 ihrer
1478 1689 1579 1725 Ver-

110 1731 355 1766 lassenschaft
377 1730 586 1774 eingesetzt
610 1729 677 1764 sei.
703 1748 747 1754 —
795 1732 936 1765 πολιτ.
968 1731 1165 1776 σκέμμα,
1203 1733 1374 1776 quaestio
1409 1735 1457 1769 de
1493 1735 1577 1771 iure

110 1778 215 1812 civili
241 1784 278 1812 et
304 1777 466 1822 publico.
513 1776 621 1811 SCH.
647 1775 758 1819 „eine
781 1775 1066 1820 publicistische
1089 1778 1230 1822 Frage,
1262 1780 1469 1823 Aufgabess'
1497 1782 1575 1816 Die

109 1823 264 1869 adoptio
289 1823 440 1857 heredis
466 1822 502 1856 in
534 1833 666 1856 nomen
696 1828 732 1855 et
756 1821 931 1856 familiam
967 1824 1011 1866 (S.
1039 1822 1192 1859 Sueton.
1218 1825 1288 1859 Iul.
1316 1827 1421 1861 Caes.
1449 1839 1480 1862 c.
1497 1829 1573 1872 83.)

109 1881 191 1903 war
217 1869 288 1904 den
312 1869 494 1903 Weibern
519 1869 622 1903 nicht
646 1867 706 1901 bei
726 1867 833 1901 ihren
847 1868 1053 1904 Lebzeiten
1076 1876 1290 1914 verstattet3
1316 1872 1478 1908 sondern
1502 1885 1575 1908 nur

111 1916 227 1950 durch
253 1916 317 1950 das
342 1916 558 1949 Testament
580 1914 746 1949 konnten
777 1912 832 1947 sie
864 1915 1093 1958 verordnen,
1129 1917 1212 1951 dass
1245 1917 1314 1952 der
1342 1919 1445 1954 Erbe
1476 1921 1574 1956 solle

109 1973 155 1996 an
180 1962 324 1996 Kindes
350 1962 447 1996 Statt
470 1970 738 2005 angenommen
762 1959 842 1993 sein
869 1961 942 1995 und
973 1961 1150 1997 demnach
1173 1963 1303 1998 seinen
1325 1965 1574 2002 Familienna-

108 2019 193 2043 men
219 2018 264 2043 zu
289 2008 428 2041 ‘andern
452 2008 564 2041 habe:
601 2007 686 2040 dass
710 2016 752 2040 er
775 2006 885 2049 aber,
921 2018 1031 2042 wenn
1062 2019 1104 2043 er
1128 2008 1208 2043 sich
1232 2010 1366 2045 dessen
1390 2012 1571 2057 weigere,

107 2055 204 2089 auch
228 2054 330 2088 nicht
351 2053 456 2088 Erbe
490 2054 570 2088 sein
601 2053 736 2087 konne.
791 2053 946 2087 Warum
979 2053 1079 2089 diess
1111 2061 1307 2091 verstattet
1341 2068 1439 2102 war,
1471 2059 1571 2094 sieht

107 2111 192 2135 man
217 2100 352 2144 leicht,
386 2111 494 2134 wenn
520 2110 601 2134 man
627 2098 809 2141 bedenkt‚
847 2099 930 2133 dass
963 2099 1032 2141 Jdie
1062 2101 1326 2136 Erblasserinn
1360 2104 1473 2139 nach
1505 2105 1571 2139 ih·

109 2158 205 2181 rem
239 2146 365 2181 Tode
405 2146 467 2180 die
498 2145 724 2191 Adoptirten
757 2145 861 2178 nicht
892 2144 929 2178 in
959 2145 1064 2180 ihrer
1099 2146 1248 2183 Gewalt
1280 2148 1382 2184 hatte
1419 2151 1473 2193 (in
1504 2161 1571 2186 sua

108 2193 329 2237 potestate);
363 2192 459 2226 denn
484 2193 586 2227 diess
609 2193 709 2225 ware
734 2191 816 2225 viro
841 2190 961 2225 nobili
987 2197 1095 2237 turpe
1124 2204 1311 2237 gewesen.
1366 2196 1572 2232 Dolabella

109 2238 255 2273 scheint
279 2238 340 2272 die
364 2239 562 2273 Erbschast
591 2238 694 2272 nicht
723 2243 938 2281 angetreten
971 2247 1016 2272 zu
1050 2238 1191 2283 haben,
1223 2240 1313 2275 weil
1348 2242 1429 2276 sein
1453 2243 1570 2278 Name

106 2285 151 2319 P.
172 2284 367 2319 Cornelius
392 2285 467 2319 wie
481 2295 598 2319 zuvor
618 2295 711 2328 ganz
729 2283 976 2317 unverandert
996 2283 1107 2319 blieb.
1132 2305 1179 2312 —
1227 2288 1370 2332 φιλοσ.
1394 2289 1567 2336 διευκρ.,

107 2330 282 2365 subtilius
306 2330 566 2374 disquiremus.
616 2331 672 2364 Ac
695 2330 854 2364 sortasse
878 2329 983 2364 iocus
1008 2338 1063 2364 est
1083 2331 1120 2364 in
1146 2333 1459 2382 φιλοσοφώτερον,
1482 2335 1570 2378 quia

108 2376 146 2410 in
179 2376 245 2410 illa
275 2376 492 2419 quaestione
528 2376 736 2410 dirimenda
773 2375 942 2410 habenda
967 2382 1047 2410 erat
1079 2377 1175 2412 ratio
1210 2379 1403 2423 pecuniae.
1456 2380 1566 2415 SCH.

105 2422 179 2457 Ein
209 2422 350 2456 Scherz
382 2423 447 2456 auf
476 2421 539 2456 die
573 2423 808 2457 Grunds'atze
843 2422 911 2456 der
939 2422 1151 2467 Epikurer,
1195 2433 1242 2459 zu
1277 2425 1447 2459 welchen
1487 2425 1567 2460 sich

106 2468 258 2503 Attikus
284 2468 485 2502 bekannte!
510 2487 554 2493 —
601 2473 772 2512 quantum
789 2492 799 2501 .
817 2494 825 2502 .
843 2494 851 2502 .
866 2468 904 2502 in
919 2493 927 2501 .
945 2493 953 2502 .
971 2469 1118 2512 triente,
1143 2469 1219 2504 wie
1250 2470 1357 2514 Viel,
1385 2482 1443 2505 um
1470 2472 1568 2506 mich

105 2525 147 2548 so
171 2514 473 2554 auszudrucken‚
499 2513 565 2548 das
589 2513 865 2549 Drittesdrittel
890 2514 1067 2559 betragen
1091 2526 1186 2559 mag.
1233 2516 1346 2559 Nam,
1379 2517 1411 2550 si
1437 2528 1566 2562 parum

105 2567 348 2604 quaestuosus
372 2560 421 2594 sit
446 2560 511 2594 ille
538 2560 681 2596 trientis
706 2560 843 2604 triens,
878 2566 1010 2594 auctor
1041 2572 1114 2595 non
1148 2572 1214 2596 ero
1248 2562 1493 2606 Dolabellae,
1526 2572 1566 2599 ut

104 2616 236 2641 nomen
261 2612 388 2641 mutet.
412 2605 606 2641 Pendebat
628 2606 747 2650 igitur
766 2606 935 2640 tractatio
953 2607 1218 2653 philosophica
1241 2608 1352 2643 huius
1377 2609 1565 2653 quaestio-

104 2652 161 2687 nis
185 2663 234 2686 ex
256 2652 403 2686 trientis
426 2652 695 2687 aestimatione.
743 2651 940 2687 BOSIUS.

188 2700 222 2733 4.
261 2698 327 2733 VI.
343 2698 433 2732 Kal.
451 2698 654 2742 lanuarias,
679 2708 735 2733 am
761 2699 816 2733 27.
834 2699 930 2733 Dec.
956 2715 1000 2724 -
1039 2698 1087 2732 ad
1105 2697 1314 2733 Lavernum
1337 2698 1402 2734 Cd.
1421 2698 1561 2737 decun.

157 2757 224 2785 Cic.
247 2758 359 2785 Briese
384 2767 414 2784 v.
439 2757 581 2785 Biuerb.
614 2759 655 2785 11.
1234 2759 1287 2799 21
