1795 3043
479 90 796 139 EPISTULA
839 90 1146 138 cccxxxll„
1442 98 1541 143 895

80 202 276 254 quintum
312 202 561 244 milliarium
599 203 701 255 quid
739 215 854 244 nunc
891 203 1029 256 ipsum
1067 203 1178 244 unde
1216 216 1260 244 se
1290 203 1543 256 recipienti?

78 259 180 312 quid
200 260 375 313 agenti?
421 260 522 312 quid
541 262 719 302 acturo?
759 260 922 308 Quanto
944 263 1084 301 autem
1096 260 1278 301 ferocius
1299 261 1373 302 ille
1393 274 1545 302 causae

81 329 182 357 suae
222 316 427 370 confidet,
471 330 602 369 quum
640 332 734 365 VOS,
779 330 910 369 quum
946 318 1076 358 vestri
1113 318 1270 358 similes
1308 331 1392 359 uon
1421 318 1544 358 modo

84 375 350 425 frequentes,
390 373 462 414 sed
490 375 603 415 laeto
633 376 752 416 vultu
783 375 1043 427 gratulantes
1072 375 1254 416 viderit?
1311 375 1448 428 „Num
1468 376 1546 428 igl-

82 432 152 470 tur
191 431 466 482 peccamus?
529 432 707 472 Minime
751 445 823 472 vos
858 431 1040 483 quidem.
1110 432 1192 472 Sed
1240 434 1377 473 tamen
1425 433 1545 485 signa

83 487 406 540 conturbantur,
437 488 589 540 quibus
606 490 802 531 voluntas
832 503 856 529 a
877 488 1142 529 simulatione
1173 489 1374 542 distingui
1394 494 1544 542 posset.

83 545 202 593 Quae
243 558 343 585 vero
386 548 553 586 senatus
592 547 787 587 consulta
820 546 970 587 video?
1040 545 1120 585 Sed
1159 547 1368 599 apertius,
1419 560 1545 598 quam

81 614 393 653 proposueram.
462 603 552 656 Ego
589 603 742 655 Arpini
780 605 877 644 volo
917 616 1008 643 esse
1050 602 1188 654 pridie
1228 604 1346 654 KaL,
1393 604 1545 644 deinde

83 660 250 699 circum
280 661 452 700 villulas
468 662 632 700 nostras
661 673 818 709 errare,
849 673 953 712 quas
984 659 1171 700 visurum
1200 673 1266 699 me
1297 663 1444 712 postea
1475 662 1542 701 de-

83 717 264 768 speravi.
323 714 482 764 Εὐγενῆ
510 718 583 758 tua
613 718 803 764 consilia,
835 720 876 758 et
901 720 1040 758 tamen
1071 730 1147 769 pro
1174 718 1432 769 temporibus
1462 732 1545 758 non

84 772 259 813 incauta
290 774 394 814 mihi
424 774 548 814 valde
577 774 828 827 probantur.
888 772 1048 826 Lepido
1070 774 1239 825 quidem
1257 797 1311 804 -
1343 789 1437 815 nam
1458 778 1547 816 sere

85 829 466 881 συνδιημερεύομεν,
498 832 609 883 quod
639 832 919 885 gratissimum
946 831 1012 871 illi
1043 834 1104 872 est
1129 855 1186 860 -
1221 844 1434 882 nunquam
1463 834 1548 884 pla-

84 888 172 928 cuit
202 899 254 927 ex
284 889 408 929 ltalia
437 890 576 937 exire,
610 890 735 930 Tullo
767 890 899 929 multo
928 889 1076 929 minus.
1120 887 1279 929 Crebro
1298 890 1406 928 enim
1429 890 1547 930 illius

85 944 234 984 literae
273 944 325 985 ab
365 947 460 986 aliis
500 946 553 987 ad
590 959 666 986 nos
711 947 962 987 commeant.
1023 945 1104 985 Sed
1144 959 1210 985 me
1248 946 1418 986 illorum
1455 960 1549 987 sen-

83 1002 243 1042 tentiae
277 1003 414 1043 minus
452 1003 690 1045 movebant.
757 1004 898 1044 Minus
926 1004 1078 1057 >multa
1123 1003 1325 1043 dederant
1374 1004 1438 1043 ilii
1486 1005 1549 1044 rei

85 1059 284 1110 publicae
323 1060 513 1112 pignora.
581 1062 673 1101 Tua
709 1073 777 1100 me
807 1061 983 1100 hercule
1024 1061 1253 1099 auctoritas
1281 1060 1550 1101 vehementer

85 1117 236 1156 movet.
294 1115 428 1157 Affert
464 1118 577 1157 enim
615 1120 658 1157 et
688 1117 842 1168 reliqui
878 1117 1079 1168 temporis
1107 1118 1392 1168 recuperandi
1423 1118 1550 1158 ratio-

85 1185 180 1212 nem
211 1175 254 1213 et
284 1176 516 1226 praesentis
544 1174 701 1215 tuendi.
762 1173 868 1224 Sed,
899 1173 1077 1214 obsecro
1108 1176 1174 1226 te,
1223 1174 1324 1226 quid
1363 1176 1444 1216 hoc
1474 1176 1550 1215 mi-

86 1230 247 1276 serius,
279 1244 402 1282 quam
433 1233 612 1272 alterum
644 1232 816 1283 plausus
845 1232 889 1271 in
912 1231 1151 1272 foedissima
1181 1244 1308 1272 causa
1329 1245 1549 1283 quaerere,

87 1288 265 1327 alterum
294 1286 548 1329 offensiones
588 1289 631 1329 in
662 1289 851 1339 optima‘.²
901 1288 1095 1328 Alterum
1125 1288 1356 1329 existimari
1386 1302 1553 1330 conser-

88 1346 273 1384 vatorem
312 1346 601 1393 inimicorum,
652 1346 832 1385 alterum
872 1344 1128 1385 desertorem
1164 1346 1428 1387 amicorum?
1498 1348 1554 1388 Et

87 1401 329 1441 mehercule
359 1403 545 1453 quamvis
582 1414 770 1442 amemus
800 1402 983 1442 Cnaeum
1013 1404 1227 1451 nostrum,
1277 1405 1324 1442 ut
1368 1406 1410 1443 et
1446 1405 1553 1444 saci-

86 1470 179 1497 mus
209 1461 251 1498 et
279 1458 501 1507 debemus,
551 1461 689 1499 tamen
718 1459 826 1507 hoc,
879 1458 993 1510 quod
1024 1458 1180 1499 talibus
1211 1460 1314 1501 viris
1343 1473 1426 1500 non
1459 1461 1555 1501 sub-

89 1547 321 1591 ehemaligen
353 1549 514 1582 Praetor
545 1548 765 1582 Peducaeus
803 1559 834 1581 s.
866 1559 924 1591 ep.
957 1547 1147 1590 LXVIII,
1180 1549 1355 1593 LXVII,
1387 1550 1551 1586 LXXII.

88 1593 313 1635 CCLXXX‚
339 1594 582 1637 CCLXXIX,
616 1597 647 1628 1.
693 1595 769 1628 bes.
796 1605 841 1627 zu
867 1593 1060 1637 CCCVII,
1083 1597 1118 1629 3.
1156 1596 1359 1634 CCCX1V‚
1386 1599 1417 1630 1.
1461 1596 1552 1631 Scin

92 1640 210 1674 Vater
235 1640 424 1674 S.Peduc.
452 1640 547 1674 wird
575 1641 895 1685 ep.1Xerwahnt.
931 1640 984 1674 Er
1008 1641 1145 1674 kommt
1174 1650 1283 1675 unter
1299 1643 1381 1675 dem
1402 1644 1551 1677 blosseu

89 1686 225 1719 Namen
250 1687 601 1721 Se1tusCCLXXX
627 1698 705 1722 vor.
739 1687 915 1721 Wieland
941 1688 1106 1721 versteht
1123 1687 1205 1722 hier
1229 1688 1266 1722 in
1293 1690 1417 1722 dieser
1431 1690 1554 1723 Stelle

90 1733 158 1765 den
195 1733 387 1776 Epir-ure·-
422 1734 493 1767 und
521 1734 668 1767 Freund
706 1734 771 1766 des
808 1733 980 1773 Attikns,
1030 1735 1101 1766 den
1137 1735 1251 1768 sehon
1285 1735 1320 1768 in
1358 1748 1416 1779 ep.
1443 1737 1553 1778 vm,

90 1779 190 1818 (ΠΧ,
217 1780 395 1815 XXXIV
421 1780 636 1814 erwiihnlen
660 1779 900 1814 L.Saufeius.
935 1779 1042 1813 Cales
1068 1791 1135 1824 pro
1161 1782 1252 1813 tales
1277 1793 1296 1814 e
1315 1782 1434 1826 Lipsii
1454 1795 1553 1827 susp.

93 1825 179 1859 Bos.
211 1845 255 1850 ——
302 1827 349 1858 ad
382 1837 414 1869 q.
446 1826 538 1859 mill.
575 1826 722 1860 obviam
754 1826 961 1870 procedere
988 1827 1159 1869 cogitatis
1187 1828 1349 1862 Caesari.
1379 1829 1483 1862 5011.
1513 1848 1554 1853 —

94 1882 186 1904 nunc
217 1872 353 1915 ipsum,
394 1872 510 1914 grade
545 1872 581 1905 in
615 1873 697 1905 dem
730 1871 891 1915 ietzigen
923 1873 1204 1916 Augenblicke‚
1249 1875 1320 1907 hoc
1357 1874 1439 1919 ipso
1466 1883 1556 1909 tem-

97 1929 202 1960 pore.
260 1918 345 1960 quid
376 1918 476 1963 nunc}
499 1919 673 1962 temporis
713 1918 841 1952 Beieri
866 1930 967 1963 susp.
999 1920 1246 1954 adscribentis
1279 1925 1335 1964 tps
1360 1933 1441 1955 cum
1468 1922 1557 1965 lin.;

22 1982 27 2003 ῳ
96 1963 158 1996 sed
193 1964 372 1996 refutarat
402 1964 471 1997 iam
499 1965 686 1999 Corradus
720 1976 813 1998 nunc
838 1965 955 2008 ipsam
981 1966 1140 2000 afferens
1177 1978 1224 2000 ex
1250 1967 1331 2002 Lib.
1360 1971 1391 2001 7.
1426 1968 1495 2013 Ep.
1520 1970 1555 2003 3.

22 2010 24 2044 ἔ
53 2050 57 2054 s
96 2010 123 2053 ξ.
151 2010 183 2042 2.
227 2010 300 2043 OR.
348 2010 422 2044 Auf
456 2012 546 2044 unde
578 2011 670 2054 liegt
706 2011 770 2044 das·
797 2011 971 2044 Gewicht
996 2013 1062 2045 der
1087 2013 1220 2056 Frage.
1251 2033 1292 2038 —
1341 2014 1438 2047 Num
1473 2041 1480 2048 .
1508 2041 1516 2048 .
1547 2041 1557 2049 .

24 2084 27 2097 ,
90 2057 306 2100 peccamus?
338 2057 478 2100 Figura
503 2058 641 2100 πύσμα.
680 2057 720 2091 S.
749 2069 808 2102 ep.
825 2057 1050 2099 CCCXXX,
1077 2060 1110 2093 1.
1137 2078 1181 2083 ——-
1221 2060 1406 2103 voluntas,
1430 2061 1558 2095 wahre

95 2102 312 2145 Gesinnung
339 2102 390 2136 im
419 2103 612 2147 Gegens.
643 2114 713 2136 von
728 2104 867 2143 simul„
894 2105 1087 2138 verstellte
1102 2104 1333 2151 Gesinnung.
1356 2125 1402 2133 —
1437 2108 1557 2151 video,

95 2149 173 2183 seh'
198 2148 257 2182 ich
284 2160 355 2181 nun
381 2149 428 2184 im
457 2150 587 2184 Geiste
613 2160 758 2184 vorans,
784 2169 826 2174 -—
876 2150 1038 2194 apertius
1061 2151 1208 2193 loquor.

184 2197 219 2229 3.
250 2196 374 2238 pridie
407 2196 495 2230 [sal.
534 2197 667 2240 Mari„
714 2207 769 2230 am
794 2196 978 2231 28.Febr.
1018 2215 1060 2221 -·
1118 2199 1318 2244 EfiygpyJ,
1362 2210 1560 2242 generosa,

101 2239 242 2274 nobilia
267 2248 361 2275 suut.
397 2260 440 2266 —
494 2242 639 2287 Lepido.
680 2242 718 2277 S.
745 2254 804 2287 ep.
822 2243 1071 2283 cccxxix,
1105 2245 1137 2277 1.
1174 2263 1219 2269 —
1266 2248 1559 2297 ovvdtnluqffi

100 2297 168 2319 una
194 2287 289 2321 diem
315 2289 565 2331 conterimus,
592 2290 669 2323 sere
688 2288 856 2332 quotidie
875 2288 984 2322 simul
1001 2301 1139 2324 sumus.
1173 2292 1290 2324 Erant
1312 2292 1407 2325 enim
1434 2292 1560 2332 vicini,

101 2331 209 2366 5011.
236 2348 279 2358 ‘—
326 2334 368 2368 L.
398 2335 575 2371 Volcatio
605 2336 732 2377 Tullo,
766 2334 828 2378 qui
856 2337 920 2369 708
948 2343 1100 2378 praetor
1125 2337 1309 2380 urbanus,
1347 2339 1410 2371 721
1430 2337 1560 2371 consul

102 2378 180 2412 suit.
240 2379 326 2414 vid.
371 2391 429 2425 ep.
455 2382 729 2425 CCCCLXIX,
763 2382 1100 2418 CCCCLXXXIV
1133 2389 1169 2417 et
1203 2384 1413 2419 CCXCW,
1450 2386 1482 2418 3.
1517 2402 1561 2408 -—

98 2425 279 2468 pignora,
313 2426 500 2470 Psander,
538 2428 712 2462 Beweise
744 2428 846 2461 ihrer
874 2428 1202 2472 Anhanglichkeil.
1243 2430 1328 2465 vor
1353 2431 1482 2463 illinus
1515 2428 1563 2463 ist

33 2492 34 2495 =
98 2471 195 2505 Nam
219 2473 468 2514 ausgelassen.
495 2492 538 2498 --
585 2485 641 2507 me
666 2474 818 2509 hercule.
853 2474 915 2508 Sic
944 2475 1042 2510 Vici.
1066 2476 1097 2509 2.
1131 2475 1215 2510 Sch.
1251 2475 1450 2510 mehercule
1475 2486 1563 2509 con-

101 2517 253 2551 iunctim
290 2518 385 2553 Lett.
423 2519 495 2553 ΟΒ.
529 2539 572 2545 -—
624 2521 700 2553 Tua
822 2525 983 2563 auctor„
1025 2521 1151 2556 Dein
1189 2522 1297 2555 Rath.
1345 2541 1388 2546 —-
1444 2523 1564 2563 Asl'ert

101 2564 193 2596 enim
222 2570 314 2606 cet„
359 2564 454 2597 denn
480 2576 522 2598 er
546 2566 627 2608 gibt
654 2566 723 2599 mir
753 2567 822 2601 den
849 2567 948 2610 Weg
973 2578 1017 2601 an
1043 2568 1103 2601 die
1131 2568 1257 2608 Hand,
1293 2568 1439 2601 sowohl
1468 2568 1563 2600 mich

101 2609 246 2653 knnf'nig
274 2610 417 2644 wieder
455 2610 491 2644 in
525 2611 595 2645 den
629 2612 783 2655 vorigen
809 2613 925 2648 Stand
958 2623 1002 2647 zu
1038 2622 1184 2654 serzen,
1225 2613 1278 2645 als
1312 2612 1406 2646 mich
1434 2613 1469 2646 in
1496 2614 1563 2647 der

36 2670 38 2701 ᾗ
100 2655 261 2699 ietzigen
277 2657 378 2699 Lage
404 2657 471 2690 der
486 2657 609 2700 Dinge
634 2668 679 2692 zu
702 2659 924 2703 beliaupten.
946 2679 988 2684 -—
1030 2671 1136 2703 quam
1160 2660 1327 2697 alterum,
1353 2659 1562 2693 Caesarem.

106 2720 148 2725 —
181 2703 335 2736 alterum
360 2704 572 2745 offemc'oncs
599 2703 623 2738 i.
651 2716 682 2738 e.
710 2705 931 2749 Pompeium
958 2705 995 2738 id
1022 2717 1155 2748 agere.
1184 2711 1220 2738 ut
1245 2705 1280 2738 in
1299 2705 1434 2749 optima
1455 2717 1564 2739 cansa

107 2747 176 2782 situ·
203 2749 328 2783 odium
355 2757 473 2795 paret.
499 2749 605 2784 3011.
633 2769 673 2774 —
725 2752 858 2785 talibus
883 2751 989 2794 viris,
1015 2751 1087 2785 wie
1113 2751 1195 2786 dem
1212 2750 1401 2786 Domitius
1414 2752 1564 2787 Aheno-

1570 609 1596 646 QG
