1795 3043
207 51 310 101 474
458 38 527 93 Μ.
563 46 620 91 T.
660 44 1005 94 CICERONIS
1039 46 1413 99 EPISTOLAE.

206 160 330 213 putat
367 159 649 201 satisfactum:
699 157 908 199 beneficio
941 159 1133 201 Caesaris
1160 163 1378 213 movetur-3
1426 162 1501 204 sed
1531 165 1671 207 tamen

154 220 185 261 8
206 218 398 259 movetur
426 215 559 269 magis
587 218 813 268 perspecta
831 228 892 259 re.
940 217 1056 258 Tene
1076 218 1183 259 haec
1198 231 1318 271 posse
1337 220 1481 264 serre?
1524 220 1672 264 Omnia

203 275 381 316 misera:
430 272 504 314 sed
532 273 616 314 hoc
644 273 754 314 nihil
780 273 998 323 miserius,
1052 275 1277 327 Pompeius
1306 276 1358 320 Ν.
1388 276 1578 331 Magium
1619 279 1672 320 de

203 344 312 386 pace
342 331 484 380 misit,
522 331 564 370 et
591 331 732 371 tamen
761 334 1052 385 oppugnatur,
1082 333 1192 384 quod
1215 346 1292 387 ego
1314 346 1399 374 non
1424 334 1670 377 credebam:

203 389 276 430 sed
307 388 444 429 habeo
476 402 500 429 a
529 387 663 429 Balbo
692 388 861 437 literas,
908 402 1085 440 quarum
1123 390 1175 431 ad
1204 393 1246 431 te
1276 393 1518 444 exemplum
1547 392 1668 434 misi:

202 447 324 499 lege,
363 458 539 498 quaeso,
586 446 629 486 et
664 445 771 486 illud
810 444 1000 488 infimum
1029 449 1159 499 caput
1188 447 1321 501 ipsius
1351 448 1479 489 Balbi
1506 449 1670 502 optimi,

202 503 274 544 cui
312 503 477 544 Gnaeus
511 506 655 543 noster
691 504 856 551 locum,
900 504 973 545 ubi
1021 505 1190 545 hortos.
1223 505 1488 558 aedificaret,
1539 506 1671 549 dedit.

202 561 336 608 Quem
365 561 436 602 cui
465 562 656 601 nostram
686 572 771 600 non
801 573 927 614 saepe
955 562 1187 614 praetulit?
1244 562 1395 614 ltaque
1430 564 1558 604 miser
1587 565 1672 605 tor-

202 619 372 669 quetur.
431 617 539 667 Sed,
580 629 634 657 ne
671 617 737 657 bis
767 617 911 658 eadem
940 619 1080 670 legas,
1130 618 1184 660 ad
1212 619 1346 673 ipsam
1375 622 1418 660 te
1447 621 1671 673 epistolam

200 674 366 716 reiicio.
426 675 553 726 Spem
594 676 734 715 autem
771 675 889 727 pacis
929 675 1065 716 habeo
1094 677 1270 719 nullam
1329 677 1556 719 Dolabella
1584 678 1672 718 suis

199 731 340 773 literis
367 730 515 772 Idibus
543 730 668 772 Mart.
709 731 819 772 datis
854 745 1018 773 merum
1054 731 1214 774 bellum
1242 735 1444 787 loquitur.
1501 734 1673 777 Manea-

200 801 292 830 mus
342 801 441 842 ergo
493 789 538 829 in
576 788 655 829 illa
700 788 845 830 eadem
885 789 1095 831 sententia
1133 791 1288 833 misera
1332 794 1376 833 et
1424 792 1669 858 desperata·

200 846 369 898 quando
399 847 482 887 hoc
511 845 706 888 miserius
737 858 827 888 esse
855 847 966 888 nihil
995 849 1147 900 potest.

911 1054 960 1094 A.

584 1139 786 1176 BALBUS
822 1141 1068 1177 CICERONI
1101 1142 1207 1178 IMP.
1240 1141 1280 1178 S.

314 1222 471 1261 Caesar
500 1221 622 1261 nobis
652 1221 801 1262 literas
820 1221 1048 1274 perbreves
1065 1223 1202 1276 misit,
1233 1235 1415 1275 quarum,
1433 1223 1670 1276 exemplum

198 1278 444 1329 subscripsi.
501 1277 718 1319 Brevitate
738 1279 941 1330 epistolae
972 1280 1081 1319 scire
1109 1282 1272 1332 poteris
1302 1293 1396 1320 eum
1426 1280 1549 1321 valde
1577 1292 1670 1320 esse

199 1335 448 1383 distentum,
480 1335 556 1386 qui
585 1338 704 1375 tanta
733 1335 784 1376 de
814 1348 861 1376 re
890 1338 978 1376 tam
1003 1335 1192 1377 breviter
1217 1337 1448 1390 scripserit.
1505 1337 1552 1377 Si
1571 1335 1670 1389 quid

199 1394 423 1446 praeterea
451 1393 550 1433 novi
580 1393 734 1444 fuerit,
771 1394 914 1433 statim
943 1392 1025 1434 tibi
1056 1393 1255 1435 scribam.

199 1546 272 1576 tur
311 1540 412 1574 SCH
454 1559 498 1565 —
545 1541 779 1582 satisfactum
811 1550 832 1573 a
862 1551 903 1574 se
939 1550 1033 1575 esse.
1067 1558 1109 1564 —-
1159 1541 1272 1584 benef.
1302 1542 1427 1584 Caes„
1466 1541 1582 1576 durch
1608 1541 1670 1576 die
1693 1583 1696 1585 q

197 1598 286 1631 gros
271 1586 474 1630 ssmuthige
498 1587 748 1631 Behandlung
772 1586 817 1620 ab
837 1584 965 1619 Seiten
991 1586 1057 1620 des
1073 1586 1296 1621 (3115815.-
1335 1599 1459 1631 magzs
1479 1591 1669 1632 perspecta

197 1645 256 1673 re,
303 1633 420 1666 durch
446 1632 508 1667 die
533 1643 767 1678 gewonnene
793 1632 944 1666 klarere
969 1631 1129 1666 Ansicht
1161 1633 1227 1668 des
1252 1633 1413 1669 Standes
1438 1634 1505 1669 der
1530 1634 1670 1679 Dinge,

198 1658 267 1713 utI.
293 1679 386 1714 Eins
392 1680 470 1713 icht
499 1680 537 1713 in
569 1680 632 1714 die
654 1680 735 1723 Lag
739 1691 759 1713 e
784 1679 852 1712 der
878 1678 1011 1712 Sache.
1061 1678 1244 1713 Quoniam
1271 1680 1395 1721 videt,
1430 1687 1606 1724 quantum
1630 1680 1669 1714 in

196 1727 271 1761 hoc
294 1725 592 1807 tbelslgHCaesar
631 1726 854 1771 Pompeium
895 1723 1121 1770 prudentia,
1172 1725 1306 1771 opibus
1345 1732 1382 1761 et
1416 1727 1569 1762 fortuna
1607 1737 1669 1764 su-

197 1783 319 1819 pere.
455 1798 464 1805 .

291 1842 326 1878 8.
357 1842 452 1875 Tene
476 1845 550 1875 cet.
584 1841 737 1885 „Wirst
753 1841 817 1875 Du
835 1847 1008 1884 ertragen
1029 1840 1199 1884 konnen,
1224 1839 1317 1874 Was
1333 1838 1394 1875 ich
1412 1840 1487 1876 Dir
1501 1840 1598 1875 noch
1621 1851 1668 1876 zu

198 1888 396 1923 berichten
435 1887 581 1921 habe'W
636 1888 748 1922 Mene
781 1887 868 1920 haec
903 1889 1002 1929 ferre
1033 1889 1165 1931 posse!
1210 1887 1350 1921 Manut.
1390 1887 1428 1921 in
1466 1888 1668 1923 Comment.

200 1935 289 1970 Sch.
321 1935 416 1968 Liin.
459 1935 550 1968 Pars
576 1934 668 1968 haec
694 1932 877 1978 epistolae
903 1944 951 1968 ex
977 1933 1176 1967 intervallo
1201 1932 1363 1977 ascripta
1387 1940 1474 1979 post
1498 1940 1669 1978 acceptas

198 1991 220 2015 a
244 1981 364 2015 Balbo
391 1986 429 2014 et
453 1991 475 2014 a
498 1980 704 2014 Dolabella
738 1980 878 2014 literas.
929 1980 1048 2014 Quum
1079 1979 1174 2013 enim
1208 1980 1419 2025 oppugnari
1444 1980 1667 2025 Pompeium

199 2027 458 2072 cognovisset,
500 2027 635 2060 dolore
675 2026 862 2072 percitus:
910 2026 1043 2069 Mene,
1087 2024 1229 2069 inquit,
1273 2025 1361 2059 haec
1400 2028 1500 2070 ferre
1536 2026 1668 2070 posse?

199 2073 407 2109 MANUT.
445 2092 490 2099 --
540 2072 672 2107 Omnia
704 2073 787 2107 scil.
822 2083 917 2116 quae
953 2073 1072 2106 adhuc
1106 2071 1277 2106 vidimus.
1312 2090 1356 2096 —
1404 2073 1463 2107 Ν.
1479 2073 1666 2116 Magium.

201 2120 265 2155 Sic
292 2119 425 2154 Codex
449 2119 487 2153 iu
512 2120 946 2155 m.1584.Pet1archa
975 2118 1050 2152 Iit.
1077 2118 1180 2153 Caes.
1207 2129 1242 2163 p.
1261 2118 1343 2152 226.
1376 2118 1480 2154 Vict.
1506 2119 1540 2154 2.
1575 2119 1667 2154 Bos.

199 2166 290 2201 Ern.
337 2165 425 2201 Sch.
462 2167 579 2208 Liin„
626 2166 683 2200 uti
716 2166 883 2200 eiusdem
922 2165 1084 2199 hominis
1120 2174 1256 2197 nomen
1295 2174 1411 2208 supra
1449 2165 1667 2209 scripsimus

199 2213 272 2258 Ep.
295 2214 336 2255 7,
364 2212 403 2245 C.
442 2212 640 2246 ORELLI.
665 2232 711 2238 —
755 2213 858 2246 misit
882 2211 927 2245 ad
953 2212 1159 2246 Caesarem.
1186 2229 1230 2235 -
1276 2221 1356 2255 opp.
1383 2222 1405 2245 a
1429 2211 1601 2245 Caesare.
1622 2229 1668 2238 ·-

199 2258 497 2300 nancredebam‚
523 2258 584 2292 ich
607 2259 772 2293 wollte
797 2269 836 2293 es
861 2258 964 2291 nicht
981 2258 1154 2302 glauben.
1185 2256 1225 2291 S.
1242 2256 1296 2290 Rc
1290 2257 1391 2291 msh.
1418 2257 1446 2299 ξ).
1461 2260 1542 2301 163,
1565 2259 1601 2300 3,
1628 2258 1665 2293 b.

200 2325 246 2332 —-
279 2304 362 2347 Iege
386 2304 552 2338 literas.
571 2331 580 2338 .
607 2308 641 2338 et
666 2305 837 2351 inprimis
862 2305 958 2339 illud
983 2306 1049 2347 inf.
1077 2315 1181 2347 cap„
1215 2303 1287 2337 den
1313 2303 1451 2337 letzten
1466 2303 1669 2338 Abschnitt

201 2351 327 2386 dieses
355 2350 479 2386 Briels
463 2366 493 2385 5.
531 2369 577 2376 -
623 2352 772 2395 optimi,
816 2352 863 2386 de
893 2351 1013 2386 Malas
997 2363 1052 2396 sp.
1086 2360 1190 2394 susp.
1227 2350 1356 2384 Lamb.
1408 2349 1547 2396 Optimi
1579 2349 1665 2384 viri.

202 2397 349 2433 Ironie'
376 2416 416 2423 -
460 2397 597 2431 hortos.
634 2398 762 2432 Ueber
787 2398 928 2433 Balbus
950 2408 979 2431 s.
1006 2407 1052 2431 zu
1078 2395 1664 2441 ep.GCCXXXIX,An1ageA.

202 2446 252 2479 At
283 2443 455 2478 Caesaris
488 2443 673 2479 beneficio
705 2445 836 2479 hortos
868 2455 911 2478 ac
943 2443 1198 2477 'lusculanum
1228 2442 1424 2496 praedium
1439 2448 1663 2495 acceperat.

205 2490 297 2527 vid.
323 2490 370 2524 ad
396 2489 510 2524 Attic.
539 2490 698 2535 V11‚7.
745 2489 950 2535 Pompeius
985 2496 1106 2523 autem
1133 2500 1215 2522 eum
1240 2488 1350 2523 etiam
1375 2488 1527 2524 civitate
1550 2489 1665 2522 dona

204 2542 311 2571 verat
347 2536 582 2571 Gaditanum.
615 2556 660 2562 -
707 2540 906 2581 torquetur.
952 2535 1063 2582 Spott
1092 2536 1184 2569 iibei
1216 2535 1279 2570 die
1311 2533 1666 2587 Doppelseitigkeit

205 2583 280 2617 und
305 2583 610 2627 Achseltr'agerei
640 2583 706 2618 des
731 2583 884 2617 Balbus.
914 2602 958 2607 —
1007 2587 1039 2616 te
1066 2608 1074 2616 .
1094 2608 1102 2615 .
1130 2582 1260 2616 reiicio
1286 2582 1353 2622 ad,
1395 2582 1458 2617 ich
1482 2581 1665 2616 verweise

205 2629 305 2666 Dich
331 2629 404 2663 auf.
438 2647 480 2654 —
528 2630 587 2663 Id.
611 2631 750 2671 Ma⁷·.,t
783 2641 840 2664 am
866 2629 921 2664 15.
938 2629 1055 2664 Marz.
1081 2647 1123 2653 —
1172 2639 1311 2663 merum
1335 2628 1465 2662 bellum
1489 2627 1664 2671 loquitur,

204 2675 349 2722 spricht
370 2686 444 2709 von
471 2676 601 2710 Nichts
625 2677 680 2711 als
705 2687 778 2710 von
802 2675 934 2719 Krieg.
969 2694 1011 2700 —
1060 2677 1216 2719 quando.
1256 2675 1450 2710 Fortasse:
1483 2673 1664 2719 quoniam.

208 2722 405 2757 ORELLI.
451 2720 490 2758 S.
517 2723 669 2758 Ramsh.
695 2723 828 2767 §.187,
865 2723 899 2757 1.
926 2722 961 2757 2.
