1795 3043
486 51 805 102 EPISTOLA
840 49 1117 100 CCCLXVI.
1429 54 1529 108 497

74 166 180 216 iam,
225 179 351 219 quam
379 165 643 220 dignitatem,
693 179 799 218 quos
829 165 1032 214 honores,
1078 175 1204 217 quem
1231 162 1344 205 vitae
1373 165 1526 207 statum

73 225 308 272 amiserim,
351 224 510 276 cogito,
561 225 633 265 sed
663 223 764 275 quid
795 224 1046 263 consecutus
1074 222 1173 273 sim,
1222 220 1323 273 quid
1351 221 1526 272 praesti·

73 281 222 332 terim,
268 293 352 331 qua
379 280 423 321 in
452 281 577 321 laude
604 280 805 323 vixerim:
858 279 924 320 his
952 278 1132 330 denique
1160 278 1203 318 in
1225 277 1378 335 malis,
1423 278 1525 329 quid

68 337 242 379 intersit
276 338 388 378 inter
425 350 492 378 me
533 340 574 378 et
610 339 732 389 istos,
781 347 884 388 quos
922 337 1097 388 propter
1132 335 1274 376 omnia
1302 335 1524 375 amisimus.

72 394 132 434 Hi
162 396 280 446 sunt,
312 395 404 446 qui,
435 395 517 435 nisi
547 407 613 434 me
642 394 813 435 civitate
844 393 1119 444 expulissent,
1151 392 1342 432 obtinere
1373 404 1416 432 se
1439 403 1525 432 non

72 463 195 503 posse
229 452 483 503 putaverunt
523 452 740 492 licentiam
784 450 1063 502 cupiditatum
1100 461 1289 489 suarumt
1348 459 1526 500 quorum

72 508 285 548 societatis
305 510 346 548 et
365 510 594 549 sceleratae
624 507 909 548 consensionis
930 505 1032 547 fides
1053 517 1135 556 quo
1156 504 1365 558 eruperit,
1394 505 1524 546 vides.

71 564 195 604 Alter
222 565 340 605 ardet
369 567 509 605 furore
538 566 580 604 et
609 565 792 612 scelere,
840 575 919 604 nec
946 562 1123 603 remittit
1150 562 1334 613 aliquid,
1378 562 1450 602 sed
1476 561 1523 603 in
1546 561 1575 605 2

73 620 162 661 dies
198 621 473 673 ingravescitz
519 621 641 661 modo
671 622 796 662 Italia
830 620 1016 672 expulit:
1062 630 1175 659 nunc
1205 619 1293 659 alia
1322 631 1374 660 ex
1401 619 1525 671 parte

71 679 293 731 persequi,
335 691 387 719 ex
414 679 522 727 alia,
560 678 782 730 provincia
809 677 1046 729 exspoliare
1076 676 1280 718 conatur:
1333 686 1412 716 nec
1441 673 1525 717 iam

71 737 260 787 recusat,
289 735 362 775 sed
392 734 571 786 quodam
601 735 723 775 modo
752 736 959 786 postulat,
989 735 1058 786 ut,
1087 732 1434 785 quemadmodum
1449 733 1526 785 est,

73 791 135 831 sic
177 792 300 832 etiam
339 793 578 844 appelletur
619 795 834 845 tyrannus.
907 791 1048 837 Alter,
1098 791 1158 841 is,
1206 791 1281 840 qui
1324 802 1400 830 nos
1440 787 1523 830 sibi
1547 788 1576 831 3

72 847 282 898 quondam
320 848 372 889 ad
410 848 538 900 pedes
575 851 726 889 stratos
767 861 820 888 ne
858 846 1105 888 sublevabat
1135 846 1327 898 quidem,
1377 844 1450 898 qui
1477 857 1524 886 se

72 903 184 945 nihil
214 906 361 945 contra
391 906 518 945 huius
546 907 804 947 voluntatem
833 904 973 945 aiebat
1002 906 1144 945 facere
1172 915 1316 956 posse,
1357 904 1526 955 elapsus

73 971 97 1000 e
127 962 264 1002 soceri
292 962 482 1002 manibus
509 975 558 1003 ac
588 964 722 1011 ferro,
755 962 914 1002 bellum
944 962 1059 1001 terra
1087 962 1129 1000 et
1156 961 1264 1000 mari
1292 962 1526 1012 comparat,

72 1029 157 1058 non
176 1019 381 1059 iniustum
411 1019 485 1058 ille
503 1019 694 1070 quidem,
727 1019 800 1059 sed
830 1031 958 1069 quum
980 1018 1097 1070 pium
1125 1017 1213 1056 tum
1236 1017 1362 1056 etiam
1383 1028 1526 1057 neces*

70 1075 249 1128 sarium,
286 1077 370 1116 suis
400 1077 540 1116 tamen
572 1076 734 1116 civibus
764 1074 1002 1125 exitiabile,
1037 1072 1120 1113 nisi
1147 1070 1317 1113 vicerit:
1357 1073 1527 1114 calami-

72 1133 210 1172 tosum
248 1131 394 1184 etiam,
448 1132 484 1172 si
520 1132 683 1172 vicerit.
743 1132 906 1172 Horum
946 1141 1021 1182 ego
1061 1141 1317 1170 summorum
1345 1129 1526 1182 impera·
1553 1136 1582 1177 4

71 1189 214 1228 torum
252 1201 335 1229 non
374 1188 497 1228 modo
535 1201 602 1229 res
639 1189 775 1242 gestas
815 1200 900 1227 non
939 1188 1146 1237 antepono
1184 1187 1310 1238 meis,
1360 1187 1435 1227 sed
1470 1199 1525 1228 ne

71 1246 283 1286 fortunam
312 1246 478 1296 quidem
506 1245 664 1298 ipsam,
693 1257 777 1296 qua
805 1244 871 1284 illi
899 1242 1213 1294 florentissima,
1250 1255 1327 1283 nos
1356 1243 1528 1284 duriore

73 1301 308 1342 conflictati
338 1303 541 1344 videmur.
601 1302 701 1350 Quis
741 1301 852 1341 enim
887 1300 1025 1353 potest
1064 1301 1136 1339 aut
1171 1299 1338 1340 deserta
1376 1310 1454 1352 per
1481 1311 1528 1341 se

72 1358 212 1412 patria
250 1360 323 1399 aut
352 1371 550 1411 oppressa
579 1358 728 1400 beatus
758 1356 872 1398 esse?
931 1357 986 1397 Et
1019 1356 1077 1405 si,
1117 1356 1164 1396 ut
1210 1368 1286 1396 nos
1323 1370 1348 1397 a
1377 1358 1420 1397 te
1459 1357 1530 1398 ad-

73 1428 319 1464 monemur,
366 1419 482 1456 recte
511 1417 557 1456 in
585 1416 673 1457 illis
703 1416 822 1456 libris
851 1413 1052 1465 diximus,
1101 1413 1211 1452 nihil
1252 1426 1342 1453 esse
1372 1412 1528 1456 bonum

74 1472 161 1513 nisi
191 1472 303 1523 quod
332 1473 576 1522 honestum,
619 1473 727 1513 nihil
748 1473 903 1512 malum
931 1470 1012 1510 nisi
1032 1469 1144 1521 quod
1161 1471 1283 1522 turpe
1300 1470 1378 1519 sit,
1411 1473 1529 1512 certe

74 1531 255 1579 uterque
296 1529 472 1570 istorum
510 1531 572 1570 est
610 1530 893 1576 miserrimus;
941 1538 1120 1578 quorum
1156 1527 1325 1578 utrique
1365 1537 1528 1579 semper

73 1586 236 1639 patriae
265 1587 376 1626 salus
405 1589 448 1627 et
477 1587 659 1640 dignitas
679 1586 887 1639 posterior
916 1597 990 1625 sua
1015 1583 1298 1626 dominatione
1329 1585 1372 1625 et
1388 1583 1528 1625 dome·

75 1710 147 1733 von
172 1699 324 1733 Attikus
359 1709 405 1732 zu
438 1698 616 1732 erhalten.
650 1716 693 1723 —
741 1698 838 1731 vitae
862 1702 1012 1742 statum,
1046 1697 1283 1734 Wohlstand.
1315 1712 1357 1724 -—
1406 1699 1464 1733 his
1487 1724 1496 1733 .
1518 1722 1528 1734 .

73 1745 114 1779 in
137 1746 247 1779 malis
269 1757 313 1779 =
337 1745 407 1778 hoc
432 1750 621 1789 tempore,
658 1743 696 1778 in
722 1744 844 1778 dieser
870 1744 1064 1789 unseligen
1091 1745 1186 1779 Zeit.
1221 1764 1264 1770 —
1311 1756 1464 1789 quorum
1487 1771 1495 1779 .
1516 1770 1528 1780 .

75 1792 256 1836 eruperit,
288 1790 483 1824 wohinaus
508 1790 623 1823 deren
648 1796 727 1824 treu
751 1790 939 1834 gemeinte
965 1790 1036 1824 und
1061 1792 1155 1825 feste
1180 1791 1432 1835 Verbindung
1455 1790 1528 1825 und

75 1836 407 1871 verbrecherische
442 1835 637 1882 Eintracht
668 1846 739 1869 nun
774 1836 1105 1880 durchgebrocheu
1141 1838 1197 1871 sei
1237 1838 1272 1872 d.
1307 1837 1332 1872 i.
1363 1838 1530 1871 welches

79 1883 161 1917 ziel
188 1883 242 1917 sie
267 1882 448 1925 versolge.
472 1900 516 1906 —
549 1882 657 1916 Alter
681 1883 844 1925 (Caesar)
870 1884 973 1916 ardet
997 1884 1069 1925 fur.
1096 1887 1129 1916 et
1146 1883 1299 1927 scelere,
1325 1883 1421 1927 „der
1432 1883 1530 1918 Eine

77 1930 212 1963 brennt
236 1939 304 1962 vor
316 1928 537 1971 Ungeduld,
563 1927 666 1962 seine
692 1929 847 1962 rasende
863 1929 1135 1963 Herrschsucht
1159 1929 1276 1963 selbst
1301 1929 1418 1964 durch
1432 1930 1531 1965 Ver*

77 1975 241 2010 brechen
266 1985 311 2008 zu
337 1974 605 2018 bei'riedigen.”
637 1973 732 2008 Eine
756 1974 974 2020 Hendiadys
1008 1981 1051 2009 st.
1077 1975 1260 2009 scelerato
1283 1975 1432 2018 furore,
1473 1975 1530 2008 in·

79 2022 183 2056 sania
219 2031 249 2055 s.
291 2021 416 2054 insana
448 2019 627 2063 regnandi
662 2019 878 2064 cupiditate.
914 2040 956 2046 —
1003 2021 1180 2063 remittit,
1224 2031 1265 2054 er
1298 2021 1388 2056 lasst
1422 2020 1530 2055 darin

77 2068 183 2102 nach.
211 2085 255 2092 —
289 2067 458 2109 ingram,
493 2078 534 2100 er
559 2066 656 2100 wird
682 2066 901 2101 schlim'mer.
928 2086 971 2092 --
1006 2067 1111 2100 modo
1134 2079 1181 2101 Ξ
1203 2077 1244 2100 so
1265 2067 1379 2111 eben,
1404 2067 1528 2102 kaum⁶

79 2132 124 2139 -
157 2113 294 2157 expulit
318 2112 548 2157 Pompeium.
582 2131 624 2138 —
669 2114 834 2156 persequi
858 2113 1089 2158 Pompeium.
1125 2131 1167 2136 —
1215 2123 1258 2145 ez
1283 2113 1381 2156 alia,
1422 2124 1529 2158 prov.

79 2159 144 2195 Sic
168 2159 341 2193 distinxit
366 2159 518 2202 Lamb.,
555 2164 594 2192 ut
618 2157 682 2192 sit:
708 2168 778 2201 „ex
803 2160 880 2192 alia
906 2165 1010 2203 parte
1031 2158 1226 2202 provincia
1250 2161 1344 2192 cet.''
1375 2159 1531 2204 provin·

80 2206 160 2249 cia,
196 2205 386 2249 Hispaniis
411 2211 449 2238 et
474 2204 657 2240 exercitu.
696 2222 738 2229 ——-
786 2210 947 2248 recusat,
983 2215 1023 2238 er
1047 2205 1189 2238 straubt
1213 2204 1302 2240 sich.

171 2253 288 2287 3—4.
321 2252 448 2294 Alter,
479 2250 693 2295 Pompeius.
733 2269 778 2276 —
825 2251 950 2294 huius,
988 2250 1171 2285 Caesaris.
1214 2269 1258 2276 ·——
1301 2261 1407 2295 posse
1448 2250 1530 2285 scil.

82 2307 192 2340 quum
224 2298 269 2331 ab
301 2309 346 2331 eo
379 2297 556 2331 adversus
589 2296 713 2331 Clodii
745 2297 905 2342 impetus
939 2296 1117 2330 auxilium
1151 2297 1336 2342 petebam.
1372 2316 1416 2322 —
1462 2308 1533 2330 non

80 2343 256 2377 iniustum
286 2343 361 2377 ille.
404 2343 440 2378 S.
474 2343 623 2377 Ramsh.
657 2343 685 2385 §.
712 2344 800 2387 158,
833 2343 874 2386 2,
904 2354 924 2377 e
954 2354 989 2376 u.
1021 2354 1056 2386 g.
1094 2362 1136 2367 —
1183 2343 1246 2376 sed
1276 2354 1318 2375 ne
1347 2344 1534 2385 fortunam

81 2389 225 2434 quidem
249 2399 377 2423 eorum
402 2400 503 2424 meae
528 2395 725 2433 antepono.
751 2407 796 2414 —
844 2400 913 2432 qua
935 2389 996 2422 illi
1018 2390 1154 2430 florent.
1196 2388 1356 2423 Videtur
1382 2388 1442 2421 hic
1466 2387 1536 2422 ali-

83 2434 172 2479 quid
198 2435 348 2477 deesse,
381 2441 421 2468 ut
447 2436 523 2477 usi;
561 2436 628 2469 sed
652 2434 690 2468 id
716 2435 878 2478 intelligi
901 2441 1026 2479 potest
1050 2446 1070 2468 e
1095 2435 1292 2475 conflictati
1316 2441 1352 2468 et
1375 2434 1536 2468 fortasse

83 2481 253 2515 consulto
279 2491 350 2514 uno
374 2481 445 2515 hoc
469 2482 585 2515 verbo
612 2492 698 2515 usus
723 2487 795 2521 est,
829 2487 869 2514 ut
895 2492 938 2514 eo
964 2480 1046 2525 ipso
1071 2481 1165 2514 illud
1189 2481 1446 2521 florentissima
1471 2479 1536 2513 de-

83 2526 306 2561 bilitaretur.
333 2527 564 2562 ERNESTI.
603 2527 729 2561 Uebei·
754 2526 858 2561 diese
875 2527 1014 2571 Figura
1037 2527 1313 2569 συνεζευγμένον
1338 2536 1367 2560 s.
1385 2525 1534 2560 Ramsh.

83 2573 113 2615 ἕ.
133 2573 223 2613 206,
257 2573 308 2612 C,
333 2574 367 2607 3.
401 2573 446 2615 b,
470 2573 503 2607 2.
546 2592 590 2598 —
637 2574 892 2616 admonemur,
937 2573 1048 2606 daran
1085 2572 1250 2605 erinnert
1288 2571 1454 2606 werden.
1488 2588 1534 2598 -ψ

83 2619 125 2653 in
157 2619 235 2651 illis
269 2619 376 2652 libris
409 2619 456 2652 de
489 2630 530 2653 re
561 2619 720 2664 publica.
760 2638 803 2644 —
855 2621 1040 2664 posterior
1069 2617 1093 2651 i.
1122 2628 1154 2650 e.
1189 2628 1344 2660 quorum
1378 2624 1535 2662 uterque

83 2674 232 2708 semper
262 2665 407 2709 patriae
441 2665 595 2699 salutem
627 2671 665 2699 et
698 2665 917 2709 dignitatem
942 2675 1031 2700 suae
1054 2662 1318 2698 dominationis
1342 2661 1539 2709 cupiditati

85 2715 122 2745 et
149 2710 364 2745 domesticis
392 2711 593 2745 commodis
618 2711 846 2756 posthabuit.

143 2766 212 2796 cic.
234 2770 345 2798 Briese
368 2779 400 2797 v.
426 2769 566 2797 Billerb.
599 2772 640 2797 11.
1211 2770 1268 2810 32
