1795 3043
334 51 647 106 EPISTOLA
681 49 1020 97 CCLXXXIII.
1058 48 1388 97 CCLXXXIV.
1505 56 1605 104 283

152 165 290 210 auctio
321 168 418 207 ante
447 177 582 206 meum
614 160 836 205 adventum
864 162 960 215 fiet,
996 164 1042 203 ut
1071 162 1341 216 Pomponius,
1375 162 1470 209 aut,
1502 161 1539 201 si
1568 162 1606 202 is

150 225 286 266 minus
316 224 487 275 poterit,
516 221 713 262 Camillus
742 222 927 262 nostrum
955 222 1168 273 negotium
1192 222 1326 262 curet.
1367 218 1454 260 Nos
1475 231 1606 269 quum

151 282 257 322 salvi
287 281 544 327 venerimus,
575 279 739 330 reliqua
767 290 844 330 per
873 289 948 317 nos
978 290 1164 329 agemus:
1203 279 1267 318 sin
1299 278 1345 317 tu
1373 276 1457 316 iam
1474 276 1607 316 Roma

150 339 342 393 profecta
371 339 478 389 eris,
511 338 649 377 tamen
680 335 873 386 curabis,
914 336 961 374 ut
991 335 1070 375 hoc
1101 336 1162 374 ita
1191 334 1278 375 fiat.
1336 332 1444 385 Nos,
1482 333 1517 373 si
1546 332 1607 373 dii

153 395 430 442 adiuvabant,
481 393 650 435 circiter
695 393 793 434 Idus
831 391 1086 433 Novembres
1136 392 1181 431 in
1219 392 1343 432 Italia
1389 402 1607 444 speramus

150 454 252 493 fore.
312 452 415 499 Vos,
445 463 536 491 mea
566 449 809 490 suavissima
839 451 881 488 et
907 448 1165 501 optatissima
1195 449 1394 489 Terentia
1425 448 1486 499 [et
1512 449 1608 488 Tul-

151 509 297 561 liola]‚
335 509 370 549 si
409 520 483 548 nos
522 508 689 558 amatis,
729 508 876 547 curate
913 508 960 546 ut
997 505 1184 548 valeatis.
1242 506 1357 546 Vale.
1410 504 1605 554 Athenis,

152 580 187 606 a.
218 566 258 607 d.
290 579 358 607 xv.
386 564 596 606 Kalendas
624 564 893 606 Novembres.

291 770 601 816 EPISTOLA
638 769 966 817 CCLXXXIV.
1002 768 1082 828 (ad
1117 769 1206 815 Att.
1243 769 1346 816 vll.
1384 769 1452 829 1.)

232 856 312 892 Ser.
341 857 498 892 Athenis
523 858 624 893 circa
647 859 735 895 XV.
761 850 845 893 Kal.
870 858 962 892 Nov.
989 859 1034 892 A.
1061 857 1105 892 U.
1134 858 1174 891 C.
1203 857 1279 892 704.
1314 859 1361 901 (a.
1388 856 1428 891 C.
1453 856 1526 899 50.)

151 925 324 960 Breviter
350 926 485 970 repetit
509 938 569 970 ea,
602 939 698 970 quae
723 928 918 972 superiore
944 926 1105 971 epistola
1129 925 1342 971 scripserat.
1370 927 1390 958 1
1407 925 1496 958 -2.
1544 935 1608 958 ro-

151 980 225 1016 gat,
258 980 298 1006 ut
330 972 566 1017 impendente
602 974 702 1007 bello
739 974 841 1008 civili
882 974 981 1007 inter
1006 973 1201 1006 Caesarem
1235 979 1270 1006 et
1307 969 1527 1015 Pompeium
1559 971 1608 1004 de

151 1017 249 1052 omni
274 1025 370 1052 statu
395 1030 461 1053 suo
488 1019 639 1063 cogitet.
666 1023 745 1055 3—
762 1021 794 1055 5.
848 1021 1038 1054 cohortem
1065 1030 1166 1052 suam
1192 1017 1470 1059 abstinentiam,
1498 1027 1607 1059 quam

152 1064 216 1098 diu
240 1064 475 1106 simularant,
518 1072 685 1099 extremo
718 1067 1000 1110 proconsulatus
1032 1070 1200 1109 tempore
1235 1063 1454 1108 deposuisse
1479 1062 1608 1106 queri-

153 1117 223 1145 tur.
248 1112 281 1146 6.
331 1111 444 1155 petit,
472 1117 511 1145 ut
544 1122 583 1146 se
615 1113 652 1145 in
683 1112 870 1156 triumpho
903 1111 1168 1154 consequendo
1194 1111 1355 1144 adiuvet.
1384 1110 1508 1144 7—8.
1560 1108 1609 1144 de

282 1156 476 1193 Philotimi
500 1158 695 1192 fraudibus
721 1158 895 1192 cavendis
922 1164 958 1192 et
981 1157 1251 1203 persequendis
1277 1162 1414 1191 monet.
1441 1157 1476 1191 9.

641 1238 828 1273 CICERO
853 1238 1046 1273 ATTICO
1074 1237 1111 1273 S.

263 1306 471 1348 Dederam
499 1307 691 1359 equidem
719 1309 767 1349 L.
798 1308 967 1348 Saufeio
1006 1308 1152 1348 literas
1182 1308 1224 1346 et
1260 1305 1456 1347 dederam
1484 1303 1536 1345 ad
1565 1305 1608 1345 te

153 1375 294 1411 unum,
326 1365 460 1417 quod,
489 1377 615 1416 quum
644 1377 726 1405 non
758 1367 865 1404 esset
896 1366 1094 1416 temporis
1123 1364 1229 1404 mihi
1259 1364 1311 1403 ad
1340 1362 1609 1403 scribendum

153 1421 272 1468 satis,
312 1423 449 1461 tamen
480 1422 692 1461 hominem
720 1420 798 1461 tibi
828 1423 912 1462 tam
940 1422 1191 1461 familiarem
1221 1422 1311 1460 sine
1338 1420 1443 1460 meis
1470 1419 1609 1460 literis

154 1477 206 1517 ad
236 1481 276 1517 te
305 1479 452 1518 venire
480 1479 686 1520 nolebam.
746 1478 849 1526 Sed,
891 1480 938 1518 ut
967 1478 1210 1529 philosophi
1250 1477 1490 1525 ambulant,
1531 1477 1610 1516 has

152 1534 232 1575 tibi
261 1535 470 1575 redditum
505 1535 561 1575 iri
593 1534 791 1587 putabam
827 1536 957 1586 prius.
1017 1535 1091 1574 Sin
1131 1535 1214 1573 iam
1252 1534 1350 1575 illas
1388 1533 1609 1585 accepisti,

153 1592 234 1630 scis
262 1604 327 1631 me
356 1590 542 1631 Athenas
573 1592 733 1632 venisse
762 1592 898 1643 pridie
921 1591 1017 1631 Idus
1039 1591 1264 1640 Octobres;
1297 1604 1320 1630 e
1341 1591 1439 1631 navi
1471 1602 1611 1643 egres-

153 1660 241 1687 sum
280 1648 321 1687 in
355 1649 575 1688 Piraeeum
614 1650 706 1689 tuas
744 1648 796 1688 ab
825 1649 978 1689 Acasto
1017 1649 1159 1687 nostro
1195 1649 1341 1688 literas
1372 1648 1610 1700 accepisse3

154 1704 460 1757 conturbatum,
489 1705 600 1757 quod
630 1718 724 1746 cum
754 1706 871 1746 febre
902 1706 1072 1746 Romam
1096 1706 1304 1753 venisses3
1337 1705 1446 1745 bono
1470 1708 1609 1744 tamen

153 1762 291 1802 animo
322 1775 409 1802 esse
440 1765 651 1815 coepisse,
679 1762 790 1814 quod
818 1761 996 1803 Acastus
1026 1775 1096 1813 ea,
1126 1774 1232 1813 quae
1263 1763 1438 1809 vellem,
1469 1761 1521 1801 de
1553 1762 1613 1802 al-

154 1818 291 1858 levato
323 1831 499 1871 corpore
528 1822 600 1859 tuo
629 1820 866 1870 nuntiaret,
908 1820 1175 1860 cohorruisse
1206 1821 1346 1859 autem
1374 1831 1464 1867 me,
1497 1816 1609 1870 quod

154 1962 327 1995 eiunctio
354 1988 361 1995 .
382 1988 389 1996 .
416 1962 493 2005 fiet,
520 1962 552 1996 si
585 1963 663 1997 eius
690 1964 785 1997 bona
811 1964 960 2008 publice
986 1964 1240 1999 distrahentur
1266 1969 1302 1997 et
1326 1963 1608 1997 vendentur.'--·

154 2009 374 2052 Pomponius
398 2009 562 2051 Atticus,
596 2020 639 2042 an
665 2010 835 2043 welchen
872 2022 912 2043 er
942 2010 990 2044 im
1023 2011 1178 2054 vorigen
1203 2009 1332 2043 Briese
1363 2008 1610 2053 geschriebeu

157 2055 272 2094 hatte,
314 2054 413 2088 nicht
438 2056 675 2098 zuzugeben‚
712 2056 794 2090 dass
826 2057 1052 2090 Philotimus
1083 2057 1188 2091 seine
1220 2056 1350 2089 Hande
1387 2055 1447 2089 bei
1485 2055 1612 2088 dieser

157 2101 354 2134 Erbschast
388 2101 436 2134 im
462 2101 592 2146 Spiele
627 2103 732 2136 habe.
752 2122 796 2127 —
840 2103 877 2136 C.
907 2103 1100 2145 Camillus,
1140 2103 1198 2136 eiu
1232 2103 1448 2146 begiiterter
1479 2100 1611 2134 Romi-

151 2147 264 2180 scher
288 2147 432 2191 Ritter,
458 2148 525 2181 der
550 2147 712 2182 Cicero's
737 2149 886 2182 Freund
912 2160 947 2184 u.
974 2150 1050 2185 bes.
1078 2150 1142 2183 des
1159 2148 1500 2191 Landguterrechts
1524 2146 1612 2180 sehr

156 2192 298 2236 kundig
322 2204 409 2227 war.
454 2193 492 2228 S.
521 2194 566 2227 ad
591 2194 722 2228 Famil.
741 2195 830 2237 XV,
847 2195 898 2229 14.
925 2196 1045 2238 5220.
1072 2196 1141 2238 IX,
1156 2196 1209 2229 21).
1237 2195 1282 2228 ad
1307 2195 1419 2229 Attic.
1438 2195 1490 2235 V,
1506 2193 1608 2228 820.

158 2239 228 2279 XI,
248 2241 300 2273 16.
313 2239 367 2273 23.
393 2240 502 2283 xm,
523 2242 579 2275 33.
606 2241 714 2283 XIV,
735 2242 768 2274 5.
791 2242 845 2275 14.
864 2260 908 2266 —
940 2253 1013 2285 per
1037 2253 1118 2281 nos,
1152 2241 1269 2274 durch
1294 2241 1391 2274 mich
1417 2240 1545 2274 selbst.
1565 2256 1610 2263 -—

157 2284 191 2317 si
217 2285 270 2317 dii
293 2286 434 2328 adium,
469 2286 532 2320 mit
564 2287 778 2330 gottlichem
803 2287 1078 2324 Beistande.-—
1127 2288 1215 2321 circ.
1247 2287 1304 2333 Id.
1339 2287 1455 2326 Nov.‚
1488 2295 1611 2329 gegen

158 2330 228 2363 den
256 2332 308 2364 13.
328 2331 550 2367 November.
572 2352 615 2357 —
657 2334 705 2377 [et
734 2334 910 2377 Tulliola]
937 2335 997 2367 Ex
1021 2334 1278 2379 supplemento
1311 2334 1407 2366 forte
1438 2343 1511 2365 non
1546 2341 1611 2363 ne-

158 2376 322 2409 cessario
347 2377 431 2410 Bas.
457 2378 553 2412 Edd.
580 2386 727 2423 praeter
753 2381 877 2423 Vict.‚
905 2380 967 2422 qui
994 2380 1098 2415 omis.
1125 2391 1205 2414 cum
1233 2379 1308 2414 Md.
1339 2380 1412 2413 OR.
1431 2397 1473 2403 —
1508 2376 1610 2411 Vale.

159 2421 222 2456 Sic
253 2423 328 2455 Md.
360 2423 447 2457 Bas.
484 2424 583 2458 vict.
603 2426 681 2459 1.2.
707 2426 847 2461 Bened.
875 2426 979 2461 omis.
1001 2427 1094 2460 Vale
1119 2428 1214 2461 Cett.
1243 2426 1315 2460 ΟΒ.
1338 2444 1381 2450 —-
1423 2436 1455 2458 α.
1482 2424 1516 2457 d·
1543 2435 1609 2458 11⁷-

157 2468 248 2502 Kal.
273 2468 387 2511 Nom,
420 2480 474 2502 am
501 2471 553 2504 18.
572 2472 746 2506 October.

248 2527 278 2559 1.
307 2526 348 2559 L.
377 2525 534 2568 Saufeio.
570 2526 608 2562 S.
636 2541 692 2574 ep.
712 2530 1021 2573 CCLXXXHA.
1038 2550 1081 2555 —
1124 2533 1162 2563 ut
1182 2527 1390 2573 philosophi
1413 2527 1610 2560 ambulant.

159 2571 297 2616 Nempe
324 2572 447 2615 tarde,
486 2584 558 2607 nou
583 2576 721 2609 assueti
746 2577 888 2619 labori,
925 2575 1142 2621 praesertim
1176 2588 1195 2608 e
1227 2575 1356 2608 schola
1380 2572 1557 2619 Epicuri,
1590 2583 1612 2605 e

159 2628 231 2659 qua
261 2617 432 2651 Saufeius
466 2626 555 2653 erat.
588 2621 703 2655 ERN.
748 2629 892 2664 „etwas
933 2624 1121 2667 langsame
1152 2622 1388 2664 Fussganger
1426 2619 1545 2654 sind.’'
1566 2636 1613 2643 —-

158 2664 266 2707 istas,
301 2665 495 2707 epistolam
522 2666 804 2702 CCLXXXIII.
832 2688 875 2694 —
926 2680 968 2702 ea
994 2696 1002 2703 .
1019 2695 1027 2703 .
1045 2695 1053 2702 .
1079 2670 1122 2702 de
1146 2669 1253 2701 allen.
1280 2678 1309 2700 c.
1334 2671 1415 2709 tuo,
1458 2665 1520 2699 die
1553 2674 1612 2698 er-

159 2710 406 2745 wiinschteste
435 2712 638 2747 Nachricht
674 2714 766 2748 iiber
798 2715 896 2750 Dein
928 2714 1253 2750 Besserbelinden.
1280 2732 1323 2738 —
1368 2711 1611 2754 cohomuiese,
