<?xml version="1.0" encoding="UTF-8"?>
<!DOCTYPE html PUBLIC "-//W3C//DTD XHTML 1.0 Transitional//EN"
    "http://www.w3.org/TR/xhtml1/DTD/xhtml1-transitional.dtd">
<html xmlns="http://www.w3.org/1999/xhtml" xml:lang="en" lang="en">
 <head>
  <title>
</title>
<meta http-equiv="Content-Type" content="text/html;charset=utf-8" />
  <meta name='ocr-system' content='tesseract 3.04.00' />
  <meta name='ocr-capabilities' content='ocr_page ocr_carea ocr_par ocr_line ocrx_word'/>
</head>
<body>
  <div class='ocr_page' id='page_1' title='image "./epistolaeadattic02ciceuoft_0392.png"; bbox 0 0 1795 3043; ppageno 0'>
   <div class='ocr_carea' id='block_1_1' title="bbox 217 75 1422 134">
    <p class='ocr_par' dir='ltr' id='par_1_1' title="bbox 217 75 1422 134">
     <span class='ocr_line' id='line_1_1' title="bbox 217 75 1422 134; baseline -0.006 0"><span class='ocrx_word' id='word_1_1' title='bbox 217 82 318 134; x_wconf 81' lang='lat'><strong>382</strong></span> <span class='ocrx_word' id='word_1_2' title='bbox 469 78 536 126; x_wconf 90' lang='lat' dir='ltr'><strong>M.</strong></span> <span class='ocrx_word' id='word_1_3' title='bbox 576 78 632 124; x_wconf 88' lang='lat' dir='ltr'><strong>T.</strong></span> <span class='ocrx_word' id='word_1_4' title='bbox 668 75 1013 124; x_wconf 87' lang='lat' dir='ltr'>CICERONIS</span> <span class='ocrx_word' id='word_1_5' title='bbox 1046 76 1422 127; x_wconf 87' lang='lat' dir='ltr'><strong>EPISTOLAE.</strong></span> 
     </span>
    </p>
   </div>
   <div class='ocr_carea' id='block_1_2' title="bbox 167 189 1679 1439">
    <p class='ocr_par' dir='ltr' id='par_1_2' title="bbox 167 189 1679 1439">
     <span class='ocr_line' id='line_1_2' title="bbox 218 189 1677 244; baseline 0.001 -11"><span class='ocrx_word' id='word_1_6' title='bbox 218 192 320 244; x_wconf 89' lang='lat' dir='ltr'><strong>quid</strong></span> <span class='ocrx_word' id='word_1_7' title='bbox 350 192 395 233; x_wconf 89' lang='lat' dir='ltr'><strong>in</strong></span> <span class='ocrx_word' id='word_1_8' title='bbox 426 193 649 241; x_wconf 78' lang='lat' dir='ltr'><strong>utramque</strong></span> <span class='ocrx_word' id='word_1_9' title='bbox 677 189 842 240; x_wconf 85' lang='lat' dir='ltr'><strong>partem</strong></span> <span class='ocrx_word' id='word_1_10' title='bbox 869 189 974 231; x_wconf 90' lang='lat' dir='ltr'><strong>mihi</strong></span> <span class='ocrx_word' id='word_1_11' title='bbox 1004 189 1048 230; x_wconf 92' lang='lat' dir='ltr'><strong>in</strong></span> <span class='ocrx_word' id='word_1_12' title='bbox 1068 191 1250 230; x_wconf 82' lang='lat' dir='ltr'><strong>mentem</strong></span> <span class='ocrx_word' id='word_1_13' title='bbox 1269 189 1426 244; x_wconf 85' lang='lat' dir='ltr'><strong>veniat,</strong></span> <span class='ocrx_word' id='word_1_14' title='bbox 1454 191 1677 244; x_wconf 86' lang='lat' dir='ltr'><strong>explicabo</strong></span> 
     </span>
     <span class='ocr_line' id='line_1_3' title="bbox 168 247 1677 301; baseline 0 -10"><span class='ocrx_word' id='word_1_15' title='bbox 168 252 196 292; x_wconf 88' lang='grc'>2</span> <span class='ocrx_word' id='word_1_16' title='bbox 219 249 350 290; x_wconf 86' lang='lat' dir='ltr'><strong>brevi.</strong></span> <span class='ocrx_word' id='word_1_17' title='bbox 410 248 547 295; x_wconf 81' lang='lat' dir='ltr'><strong>Quum</strong></span> <span class='ocrx_word' id='word_1_18' title='bbox 585 247 737 287; x_wconf 89' lang='lat' dir='ltr'><strong>merita</strong></span> <span class='ocrx_word' id='word_1_19' title='bbox 765 247 959 300; x_wconf 90' lang='lat' dir='ltr'><strong>Pompeii</strong></span> <span class='ocrx_word' id='word_1_20' title='bbox 992 259 1154 287; x_wconf 86' lang='lat' dir='ltr'><strong>summa</strong></span> <span class='ocrx_word' id='word_1_21' title='bbox 1194 259 1294 301; x_wconf 82' lang='lat' dir='ltr'><strong>erga</strong></span> <span class='ocrx_word' id='word_1_22' title='bbox 1328 249 1506 289; x_wconf 85' lang='lat' dir='ltr'><strong>salutem</strong></span> <span class='ocrx_word' id='word_1_23' title='bbox 1543 262 1677 291; x_wconf 90' lang='lat' dir='ltr'><strong>meam</strong></span> 
     </span>
     <span class='ocr_line' id='line_1_4' title="bbox 217 304 1677 357; baseline -0.001 -9"><span class='ocrx_word' id='word_1_24' title='bbox 217 306 579 356; x_wconf 82' lang='lat' dir='ltr'><strong>familiaritasque,</strong></span> <span class='ocrx_word' id='word_1_25' title='bbox 607 316 715 355; x_wconf 90' lang='lat' dir='ltr'><strong>quae</strong></span> <span class='ocrx_word' id='word_1_26' title='bbox 735 304 840 344; x_wconf 90' lang='lat' dir='ltr'><strong>mihi</strong></span> <span class='ocrx_word' id='word_1_27' title='bbox 858 317 953 345; x_wconf 77' lang='lat' dir='ltr'><strong>cinn</strong></span> <span class='ocrx_word' id='word_1_28' title='bbox 984 315 1032 343; x_wconf 91' lang='lat' dir='ltr'><strong>eo</strong></span> <span class='ocrx_word' id='word_1_29' title='bbox 1064 305 1141 351; x_wconf 87' lang='lat' dir='ltr'><strong>est,</strong></span> <span class='ocrx_word' id='word_1_30' title='bbox 1173 305 1263 344; x_wconf 90' lang='lat' dir='ltr'><strong>tum</strong></span> <span class='ocrx_word' id='word_1_31' title='bbox 1285 305 1379 357; x_wconf 90' lang='lat' dir='ltr'><strong>ipsa</strong></span> <span class='ocrx_word' id='word_1_32' title='bbox 1398 305 1461 345; x_wconf 89' lang='lat' dir='ltr'><strong>rei</strong></span> <span class='ocrx_word' id='word_1_33' title='bbox 1481 306 1677 356; x_wconf 88' lang='lat' dir='ltr'><strong>publicae</strong></span> 
     </span>
     <span class='ocr_line' id='line_1_5' title="bbox 219 361 1677 413; baseline 0 -9"><span class='ocrx_word' id='word_1_34' title='bbox 219 376 344 404; x_wconf 87' lang='lat' dir='ltr'><strong>causa</strong></span> <span class='ocrx_word' id='word_1_35' title='bbox 374 374 440 402; x_wconf 92' lang='lat' dir='ltr'><strong>me</strong></span> <span class='ocrx_word' id='word_1_36' title='bbox 471 361 661 413; x_wconf 83' lang='lat' dir='ltr'><strong>adducit,</strong></span> <span class='ocrx_word' id='word_1_37' title='bbox 706 363 754 400; x_wconf 93' lang='lat' dir='ltr'><strong>ut</strong></span> <span class='ocrx_word' id='word_1_38' title='bbox 783 362 889 402; x_wconf 91' lang='lat' dir='ltr'><strong>mihi</strong></span> <span class='ocrx_word' id='word_1_39' title='bbox 917 361 985 401; x_wconf 91' lang='lat' dir='ltr'><strong>vel</strong></span> <span class='ocrx_word' id='word_1_40' title='bbox 1015 361 1238 402; x_wconf 88' lang='lat' dir='ltr'><strong>consilium</strong></span> <span class='ocrx_word' id='word_1_41' title='bbox 1267 374 1407 402; x_wconf 92' lang='lat' dir='ltr'><strong>meum</strong></span> <span class='ocrx_word' id='word_1_42' title='bbox 1437 375 1531 402; x_wconf 92' lang='lat' dir='ltr'><strong>cum</strong></span> <span class='ocrx_word' id='word_1_43' title='bbox 1561 364 1677 404; x_wconf 90' lang='lat' dir='ltr'><strong>illius</strong></span> 
     </span>
     <span class='ocr_line' id='line_1_6' title="bbox 219 417 1676 472; baseline -0.001 -11"><span class='ocrx_word' id='word_1_44' title='bbox 219 419 414 471; x_wconf 88' lang='lat' dir='ltr'><strong>consilio,</strong></span> <span class='ocrx_word' id='word_1_45' title='bbox 435 420 505 460; x_wconf 81' lang='lat' dir='ltr'><strong>vel</strong></span> <span class='ocrx_word' id='word_1_46' title='bbox 520 420 692 459; x_wconf 83' lang='lat' dir='ltr'><strong>fortuna</strong></span> <span class='ocrx_word' id='word_1_47' title='bbox 711 417 820 469; x_wconf 80' lang='lat' dir='ltr'><strong>[cum</strong></span> <span class='ocrx_word' id='word_1_48' title='bbox 831 417 1037 470; x_wconf 74' lang='lat' dir='ltr'><strong>fortuna]</strong></span> <span class='ocrx_word' id='word_1_49' title='bbox 1059 419 1353 472; x_wconf 82' lang='lat' dir='ltr'><strong>coniungenda</strong></span> <span class='ocrx_word' id='word_1_50' title='bbox 1367 432 1455 459; x_wconf 92' lang='lat' dir='ltr'><strong>esse</strong></span> <span class='ocrx_word' id='word_1_51' title='bbox 1470 420 1676 460; x_wconf 84' lang='lat' dir='ltr'><strong>videatur.</strong></span> 
     </span>
     <span class='ocr_line' id='line_1_7' title="bbox 217 475 1678 529; baseline 0 -12"><span class='ocrx_word' id='word_1_52' title='bbox 217 476 396 518; x_wconf 87' lang='lat' dir='ltr'><strong>Accedit</strong></span> <span class='ocrx_word' id='word_1_53' title='bbox 426 475 553 516; x_wconf 92' lang='lat' dir='ltr'><strong>illud:</strong></span> <span class='ocrx_word' id='word_1_54' title='bbox 603 476 638 514; x_wconf 88' lang='lat' dir='ltr'><strong>si</strong></span> <span class='ocrx_word' id='word_1_55' title='bbox 669 488 819 516; x_wconf 87' lang='lat' dir='ltr'><strong>maneo</strong></span> <span class='ocrx_word' id='word_1_56' title='bbox 859 477 902 515; x_wconf 93' lang='lat' dir='ltr'><strong>et</strong></span> <span class='ocrx_word' id='word_1_57' title='bbox 928 475 1053 516; x_wconf 87' lang='lat' dir='ltr'><strong>illum</strong></span> <span class='ocrx_word' id='word_1_58' title='bbox 1081 475 1324 517; x_wconf 90' lang='lat' dir='ltr'><strong>comitatum</strong></span> <span class='ocrx_word' id='word_1_59' title='bbox 1354 477 1605 529; x_wconf 87' lang='lat' dir='ltr'><strong>optimorum</strong></span> <span class='ocrx_word' id='word_1_60' title='bbox 1635 478 1678 517; x_wconf 77' lang='lat' dir='ltr'><strong>et</strong></span> 
     </span>
     <span class='ocr_line' id='line_1_8' title="bbox 218 532 1677 586; baseline 0 -12"><span class='ocrx_word' id='word_1_61' title='bbox 218 533 549 574; x_wconf 82' lang='lat' dir='ltr'><strong>clarissimorum</strong></span> <span class='ocrx_word' id='word_1_62' title='bbox 578 532 737 573; x_wconf 87' lang='lat' dir='ltr'><strong>civium</strong></span> <span class='ocrx_word' id='word_1_63' title='bbox 766 533 935 584; x_wconf 90' lang='lat' dir='ltr'><strong>desero,</strong></span> <span class='ocrx_word' id='word_1_64' title='bbox 977 533 1212 573; x_wconf 88' lang='lat' dir='ltr'><strong>cadendum</strong></span> <span class='ocrx_word' id='word_1_65' title='bbox 1243 534 1318 580; x_wconf 73' lang='lat' dir='ltr'><strong>est,</strong></span> <span class='ocrx_word' id='word_1_66' title='bbox 1334 533 1378 573; x_wconf 90' lang='lat' dir='ltr'><strong>in</strong></span> <span class='ocrx_word' id='word_1_67' title='bbox 1409 533 1532 573; x_wconf 90' lang='lat' dir='ltr'><strong>unius</strong></span> <span class='ocrx_word' id='word_1_68' title='bbox 1560 535 1677 586; x_wconf 89' lang='lat' dir='ltr'><strong>pote-</strong></span> 
     </span>
     <span class='ocr_line' id='line_1_9' title="bbox 216 588 1678 641; baseline 0.001 -11"><span class='ocrx_word' id='word_1_69' title='bbox 216 592 387 631; x_wconf 83' lang='lat' dir='ltr'><strong>statem:</strong></span> <span class='ocrx_word' id='word_1_70' title='bbox 448 591 521 641; x_wconf 92' lang='lat' dir='ltr'><strong>qui</strong></span> <span class='ocrx_word' id='word_1_71' title='bbox 550 590 629 629; x_wconf 89' lang='lat' dir='ltr'><strong>etsi</strong></span> <span class='ocrx_word' id='word_1_72' title='bbox 657 589 798 629; x_wconf 85' lang='lat' dir='ltr'><strong>multis</strong></span> <span class='ocrx_word' id='word_1_73' title='bbox 826 588 954 629; x_wconf 90' lang='lat' dir='ltr'><strong>rebus</strong></span> <span class='ocrx_word' id='word_1_74' title='bbox 983 589 1193 641; x_wconf 82' lang='lat' dir='ltr'><strong>significat</strong></span> <span class='ocrx_word' id='word_1_75' title='bbox 1230 603 1274 630; x_wconf 91' lang='lat' dir='ltr'><strong>se</strong></span> <span class='ocrx_word' id='word_1_76' title='bbox 1304 590 1426 630; x_wconf 90' lang='lat' dir='ltr'><strong>nobis</strong></span> <span class='ocrx_word' id='word_1_77' title='bbox 1457 602 1546 631; x_wconf 89' lang='lat' dir='ltr'><strong>esse</strong></span> <span class='ocrx_word' id='word_1_78' title='bbox 1576 591 1678 631; x_wconf 86' lang='lat' dir='ltr'><strong>ami-</strong></span> 
     </span>
     <span class='ocr_line' id='line_1_10' title="bbox 217 647 1678 700; baseline 0.001 -13"><span class='ocrx_word' id='word_1_79' title='bbox 217 660 336 697; x_wconf 88' lang='lat' dir='ltr'><strong>cum,</strong></span> <span class='ocrx_word' id='word_1_80' title='bbox 375 647 417 687; x_wconf 89' lang='lat' dir='ltr'><strong>et</strong></span> <span class='ocrx_word' id='word_1_81' title='bbox 447 649 495 687; x_wconf 95' lang='lat' dir='ltr'><strong>ut</strong></span> <span class='ocrx_word' id='word_1_82' title='bbox 525 647 653 697; x_wconf 91' lang='lat' dir='ltr'><strong>esset,</strong></span> <span class='ocrx_word' id='word_1_83' title='bbox 683 660 708 687; x_wconf 87' lang='lat' dir='ltr'><strong>a</strong></span> <span class='ocrx_word' id='word_1_84' title='bbox 737 657 805 685; x_wconf 89' lang='lat' dir='ltr'><strong>me</strong></span> <span class='ocrx_word' id='word_1_85' title='bbox 835 648 896 686; x_wconf 89' lang='lat' dir='ltr'><strong>est</strong></span> <span class='ocrx_word' id='word_1_86' title='bbox 925 667 981 674; x_wconf 91' lang='lat'><strong>--</strong></span> <span class='ocrx_word' id='word_1_87' title='bbox 1018 647 1109 686; x_wconf 88' lang='lat' dir='ltr'><strong>tute</strong></span> <span class='ocrx_word' id='word_1_88' title='bbox 1134 647 1219 688; x_wconf 90' lang='lat' dir='ltr'><strong>scis</strong></span> <span class='ocrx_word' id='word_1_89' title='bbox 1246 667 1305 674; x_wconf 76' lang='lat'><strong>—-</strong></span> <span class='ocrx_word' id='word_1_90' title='bbox 1338 648 1514 699; x_wconf 90' lang='lat' dir='ltr'><strong>propter</strong></span> <span class='ocrx_word' id='word_1_91' title='bbox 1543 648 1678 700; x_wconf 86' lang='lat' dir='ltr'><strong>suspi-</strong></span> 
     </span>
     <span class='ocr_line' id='line_1_11' title="bbox 218 702 1677 755; baseline 0.001 -11"><span class='ocrx_word' id='word_1_92' title='bbox 218 704 385 744; x_wconf 88' lang='lat' dir='ltr'><strong>cionem</strong></span> <span class='ocrx_word' id='word_1_93' title='bbox 415 704 542 744; x_wconf 90' lang='lat' dir='ltr'><strong>huius</strong></span> <span class='ocrx_word' id='word_1_94' title='bbox 571 702 855 755; x_wconf 89' lang='lat' dir='ltr'><strong>impendentis</strong></span> <span class='ocrx_word' id='word_1_95' title='bbox 874 704 1138 754; x_wconf 80' lang='lat' dir='ltr'><strong>tempestatis</strong></span> <span class='ocrx_word' id='word_1_96' title='bbox 1157 704 1291 744; x_wconf 87' lang='lat' dir='ltr'><strong>multo</strong></span> <span class='ocrx_word' id='word_1_97' title='bbox 1310 706 1409 744; x_wconf 89' lang='lat' dir='ltr'><strong>ante</strong></span> <span class='ocrx_word' id='word_1_98' title='bbox 1437 704 1677 755; x_wconf 83' lang='lat' dir='ltr'><strong>provisum:</strong></span> 
     </span>
     <span class='ocr_line' id='line_1_12' title="bbox 217 759 1679 812; baseline 0 -11"><span class='ocrx_word' id='word_1_99' title='bbox 217 763 356 802; x_wconf 84' lang='lat' dir='ltr'><strong>tamen</strong></span> <span class='ocrx_word' id='word_1_100' title='bbox 387 763 614 811; x_wconf 89' lang='lat' dir='ltr'><strong>utrumque</strong></span> <span class='ocrx_word' id='word_1_101' title='bbox 644 759 994 799; x_wconf 84' lang='lat' dir='ltr'><strong>considerandum</strong></span> <span class='ocrx_word' id='word_1_102' title='bbox 1023 761 1111 812; x_wconf 89' lang='lat' dir='ltr'><strong>est,</strong></span> <span class='ocrx_word' id='word_1_103' title='bbox 1155 763 1199 801; x_wconf 92' lang='lat' dir='ltr'><strong>et</strong></span> <span class='ocrx_word' id='word_1_104' title='bbox 1235 763 1392 812; x_wconf 85' lang='lat' dir='ltr'><strong>quanta</strong></span> <span class='ocrx_word' id='word_1_105' title='bbox 1421 760 1524 801; x_wconf 85' lang='lat' dir='ltr'><strong>fides</strong></span> <span class='ocrx_word' id='word_1_106' title='bbox 1554 761 1594 802; x_wconf 86' lang='lat' dir='ltr'><strong>ei</strong></span> <span class='ocrx_word' id='word_1_107' title='bbox 1624 761 1679 801; x_wconf 86' lang='lat' dir='ltr'><strong>sit</strong></span> 
     </span>
     <span class='ocr_line' id='line_1_13' title="bbox 215 816 1678 870; baseline 0 -12"><span class='ocrx_word' id='word_1_108' title='bbox 215 817 411 859; x_wconf 86' lang='lat' dir='ltr'><strong>habenda</strong></span> <span class='ocrx_word' id='word_1_109' title='bbox 442 819 507 870; x_wconf 88' lang='lat' dir='ltr'><strong>et,</strong></span> <span class='ocrx_word' id='word_1_110' title='bbox 546 817 582 856; x_wconf 90' lang='lat' dir='ltr'><strong>si</strong></span> <span class='ocrx_word' id='word_1_111' title='bbox 608 816 789 857; x_wconf 86' lang='lat' dir='ltr'><strong>maxime</strong></span> <span class='ocrx_word' id='word_1_112' title='bbox 816 817 1082 868; x_wconf 84' lang='lat' dir='ltr'><strong>exploratum</strong></span> <span class='ocrx_word' id='word_1_113' title='bbox 1107 817 1162 857; x_wconf 86' lang='lat' dir='ltr'><strong>sit</strong></span> <span class='ocrx_word' id='word_1_114' title='bbox 1200 828 1296 858; x_wconf 88' lang='lat' dir='ltr'><strong>eum</strong></span> <span class='ocrx_word' id='word_1_115' title='bbox 1335 817 1459 858; x_wconf 89' lang='lat' dir='ltr'><strong>nobis</strong></span> <span class='ocrx_word' id='word_1_116' title='bbox 1495 819 1678 858; x_wconf 87' lang='lat' dir='ltr'><strong>amicum</strong></span> 
     </span>
     <span class='ocr_line' id='line_1_14' title="bbox 214 872 1678 926; baseline 0 -10"><span class='ocrx_word' id='word_1_117' title='bbox 214 876 330 923; x_wconf 85' lang='lat' dir='ltr'><strong>fore,</strong></span> <span class='ocrx_word' id='word_1_118' title='bbox 369 875 478 915; x_wconf 88' lang='lat' dir='ltr'><strong>sitne</strong></span> <span class='ocrx_word' id='word_1_119' title='bbox 507 874 590 914; x_wconf 89' lang='lat' dir='ltr'><strong>viri</strong></span> <span class='ocrx_word' id='word_1_120' title='bbox 618 874 741 914; x_wconf 88' lang='lat' dir='ltr'><strong>fortis</strong></span> <span class='ocrx_word' id='word_1_121' title='bbox 770 875 812 913; x_wconf 86' lang='lat' dir='ltr'><strong>et</strong></span> <span class='ocrx_word' id='word_1_122' title='bbox 838 872 940 913; x_wconf 91' lang='lat' dir='ltr'><strong>boni</strong></span> <span class='ocrx_word' id='word_1_123' title='bbox 971 873 1075 914; x_wconf 88' lang='lat' dir='ltr'><strong>civis</strong></span> <span class='ocrx_word' id='word_1_124' title='bbox 1106 887 1195 914; x_wconf 89' lang='lat' dir='ltr'><strong>esse</strong></span> <span class='ocrx_word' id='word_1_125' title='bbox 1214 874 1258 914; x_wconf 92' lang='lat' dir='ltr'><strong>in</strong></span> <span class='ocrx_word' id='word_1_126' title='bbox 1278 886 1328 915; x_wconf 89' lang='lat' dir='ltr'><strong>ea</strong></span> <span class='ocrx_word' id='word_1_127' title='bbox 1356 875 1487 923; x_wconf 88' lang='lat' dir='ltr'><strong>urbe,</strong></span> <span class='ocrx_word' id='word_1_128' title='bbox 1518 876 1561 915; x_wconf 91' lang='lat' dir='ltr'><strong>in</strong></span> <span class='ocrx_word' id='word_1_129' title='bbox 1593 887 1678 926; x_wconf 88' lang='lat' dir='ltr'><strong>qua</strong></span> 
     </span>
     <span class='ocr_line' id='line_1_15' title="bbox 216 930 1678 984; baseline 0.001 -12"><span class='ocrx_word' id='word_1_130' title='bbox 216 944 346 984; x_wconf 91' lang='lat' dir='ltr'><strong>quum</strong></span> <span class='ocrx_word' id='word_1_131' title='bbox 376 931 549 972; x_wconf 89' lang='lat' dir='ltr'><strong>summis</strong></span> <span class='ocrx_word' id='word_1_132' title='bbox 579 931 811 970; x_wconf 90' lang='lat' dir='ltr'><strong>honoribus</strong></span> <span class='ocrx_word' id='word_1_133' title='bbox 838 930 1111 982; x_wconf 88' lang='lat' dir='ltr'><strong>imperiisque</strong></span> <span class='ocrx_word' id='word_1_134' title='bbox 1137 944 1238 971; x_wconf 87' lang='lat' dir='ltr'><strong>usus</strong></span> <span class='ocrx_word' id='word_1_135' title='bbox 1267 931 1348 980; x_wconf 89' lang='lat' dir='ltr'><strong>sit,</strong></span> <span class='ocrx_word' id='word_1_136' title='bbox 1375 943 1444 972; x_wconf 90' lang='lat' dir='ltr'><strong>res</strong></span> <span class='ocrx_word' id='word_1_137' title='bbox 1474 932 1678 973; x_wconf 86' lang='lat' dir='ltr'><strong>maximas</strong></span> 
     </span>
     <span class='ocr_line' id='line_1_16' title="bbox 214 987 1676 1043; baseline 0 -14"><span class='ocrx_word' id='word_1_138' title='bbox 214 989 407 1043; x_wconf 82' lang='lat' dir='ltr'><strong>gesserit,</strong></span> <span class='ocrx_word' id='word_1_139' title='bbox 436 987 672 1029; x_wconf 86' lang='lat' dir='ltr'><strong>sacerdotio</strong></span> <span class='ocrx_word' id='word_1_140' title='bbox 703 988 758 1028; x_wconf 86' lang='lat' dir='ltr'><strong>sit</strong></span> <span class='ocrx_word' id='word_1_141' title='bbox 787 988 1050 1039; x_wconf 87' lang='lat' dir='ltr'><strong>amplissimo</strong></span> <span class='ocrx_word' id='word_1_142' title='bbox 1065 988 1295 1039; x_wconf 87' lang='lat' dir='ltr'><strong>praeditus,</strong></span> <span class='ocrx_word' id='word_1_143' title='bbox 1323 1000 1474 1028; x_wconf 91' lang='lat' dir='ltr'><strong>nomen</strong></span> <span class='ocrx_word' id='word_1_144' title='bbox 1491 989 1676 1038; x_wconf 86' lang='lat' dir='ltr'><strong>futurus,</strong></span> 
     </span>
     <span class='ocr_line' id='line_1_17' title="bbox 214 1045 1678 1098; baseline -0.001 -11"><span class='ocrx_word' id='word_1_145' title='bbox 214 1046 562 1097; x_wconf 85' lang='lat' dir='ltr'><strong>subeundumque</strong></span> <span class='ocrx_word' id='word_1_146' title='bbox 589 1045 827 1097; x_wconf 87' lang='lat' dir='ltr'><strong>periculum</strong></span> <span class='ocrx_word' id='word_1_147' title='bbox 856 1045 912 1085; x_wconf 88' lang='lat' dir='ltr'><strong>sit</strong></span> <span class='ocrx_word' id='word_1_148' title='bbox 952 1057 1050 1085; x_wconf 89' lang='lat' dir='ltr'><strong>cum</strong></span> <span class='ocrx_word' id='word_1_149' title='bbox 1078 1045 1222 1096; x_wconf 90' lang='lat' dir='ltr'><strong>aliquo</strong></span> <span class='ocrx_word' id='word_1_150' title='bbox 1252 1046 1430 1086; x_wconf 88' lang='lat' dir='ltr'><strong>fortasse</strong></span> <span class='ocrx_word' id='word_1_151' title='bbox 1459 1045 1678 1098; x_wconf 88' lang='lat' dir='ltr'><strong>dedecore,</strong></span> 
     </span>
     <span class='ocr_line' id='line_1_18' title="bbox 167 1101 1679 1156; baseline -0.001 -11"><span class='ocrx_word' id='word_1_152' title='bbox 167 1106 195 1146; x_wconf 86' lang='lat'><strong>3</strong></span> <span class='ocrx_word' id='word_1_153' title='bbox 218 1104 253 1144; x_wconf 91' lang='lat' dir='ltr'><strong>si</strong></span> <span class='ocrx_word' id='word_1_154' title='bbox 271 1103 438 1156; x_wconf 88' lang='lat' dir='ltr'><strong>quando</strong></span> <span class='ocrx_word' id='word_1_155' title='bbox 452 1103 676 1154; x_wconf 88' lang='lat' dir='ltr'><strong>Pompeius</strong></span> <span class='ocrx_word' id='word_1_156' title='bbox 705 1114 794 1142; x_wconf 90' lang='lat' dir='ltr'><strong>rem</strong></span> <span class='ocrx_word' id='word_1_157' title='bbox 822 1101 1038 1154; x_wconf 89' lang='lat' dir='ltr'><strong>publicam</strong></span> <span class='ocrx_word' id='word_1_158' title='bbox 1067 1102 1346 1154; x_wconf 87' lang='lat' dir='ltr'><strong>recuperarit.</strong></span> <span class='ocrx_word' id='word_1_159' title='bbox 1389 1103 1438 1142; x_wconf 92' lang='lat' dir='ltr'><strong>In</strong></span> <span class='ocrx_word' id='word_1_160' title='bbox 1457 1103 1539 1143; x_wconf 89' lang='lat' dir='ltr'><strong>hac</strong></span> <span class='ocrx_word' id='word_1_161' title='bbox 1559 1108 1679 1155; x_wconf 85' lang='lat' dir='ltr'><strong>parte</strong></span> 
     </span>
     <span class='ocr_line' id='line_1_19' title="bbox 215 1159 1678 1209; baseline -0.001 -8"><span class='ocrx_word' id='word_1_162' title='bbox 215 1162 322 1201; x_wconf 86' lang='lat' dir='ltr'><strong>haec</strong></span> <span class='ocrx_word' id='word_1_163' title='bbox 353 1161 464 1202; x_wconf 87' lang='lat' dir='ltr'><strong>sunt.</strong></span> <span class='ocrx_word' id='word_1_164' title='bbox 527 1159 633 1199; x_wconf 83' lang='lat' dir='ltr'><strong>Vide</strong></span> <span class='ocrx_word' id='word_1_165' title='bbox 662 1171 802 1208; x_wconf 81' lang='lat' dir='ltr'><strong>nunc,</strong></span> <span class='ocrx_word' id='word_1_166' title='bbox 839 1171 947 1209; x_wconf 90' lang='lat' dir='ltr'><strong>quae</strong></span> <span class='ocrx_word' id='word_1_167' title='bbox 983 1159 1068 1198; x_wconf 87' lang='lat' dir='ltr'><strong>sint</strong></span> <span class='ocrx_word' id='word_1_168' title='bbox 1103 1159 1149 1198; x_wconf 90' lang='lat' dir='ltr'><strong>in</strong></span> <span class='ocrx_word' id='word_1_169' title='bbox 1180 1159 1327 1199; x_wconf 85' lang='lat' dir='ltr'><strong>altera.</strong></span> <span class='ocrx_word' id='word_1_170' title='bbox 1386 1159 1506 1199; x_wconf 89' lang='lat' dir='ltr'><strong>Nihil</strong></span> <span class='ocrx_word' id='word_1_171' title='bbox 1537 1163 1678 1200; x_wconf 86' lang='lat' dir='ltr'><strong>actum</strong></span> 
     </span>
     <span class='ocr_line' id='line_1_20' title="bbox 215 1215 1676 1269; baseline -0.001 -11"><span class='ocrx_word' id='word_1_172' title='bbox 215 1220 281 1258; x_wconf 87' lang='lat' dir='ltr'><strong>est</strong></span> <span class='ocrx_word' id='word_1_173' title='bbox 310 1231 334 1258; x_wconf 90' lang='lat' dir='ltr'><strong>a</strong></span> <span class='ocrx_word' id='word_1_174' title='bbox 354 1216 556 1269; x_wconf 91' lang='lat' dir='ltr'><strong>Pompeio</strong></span> <span class='ocrx_word' id='word_1_175' title='bbox 585 1218 728 1256; x_wconf 91' lang='lat' dir='ltr'><strong>nostro</strong></span> <span class='ocrx_word' id='word_1_176' title='bbox 760 1216 996 1266; x_wconf 81' lang='lat' dir='ltr'><strong>sapienter,</strong></span> <span class='ocrx_word' id='word_1_177' title='bbox 1027 1215 1137 1256; x_wconf 89' lang='lat' dir='ltr'><strong>nihil</strong></span> <span class='ocrx_word' id='word_1_178' title='bbox 1166 1215 1357 1265; x_wconf 75' lang='lat' dir='ltr'><strong>fortiter3</strong></span> <span class='ocrx_word' id='word_1_179' title='bbox 1395 1216 1502 1256; x_wconf 90' lang='lat' dir='ltr'><strong>addo</strong></span> <span class='ocrx_word' id='word_1_180' title='bbox 1534 1217 1676 1266; x_wconf 87' lang='lat' dir='ltr'><strong>etiam,</strong></span> 
     </span>
     <span class='ocr_line' id='line_1_21' title="bbox 217 1272 1678 1323; baseline 0 -9"><span class='ocrx_word' id='word_1_181' title='bbox 217 1275 328 1315; x_wconf 90' lang='lat' dir='ltr'><strong>nihil</strong></span> <span class='ocrx_word' id='word_1_182' title='bbox 359 1273 441 1313; x_wconf 89' lang='lat' dir='ltr'><strong>nisi</strong></span> <span class='ocrx_word' id='word_1_183' title='bbox 471 1274 621 1312; x_wconf 84' lang='lat' dir='ltr'><strong>contra</strong></span> <span class='ocrx_word' id='word_1_184' title='bbox 650 1272 874 1312; x_wconf 90' lang='lat' dir='ltr'><strong>consilium</strong></span> <span class='ocrx_word' id='word_1_185' title='bbox 904 1272 1285 1323; x_wconf 84' lang='lat' dir='ltr'><strong>auctoritatemque</strong></span> <span class='ocrx_word' id='word_1_186' title='bbox 1314 1285 1462 1312; x_wconf 87' lang='lat' dir='ltr'><strong>meam.</strong></span> <span class='ocrx_word' id='word_1_187' title='bbox 1519 1273 1678 1314; x_wconf 88' lang='lat' dir='ltr'><strong>Omitto</strong></span> 
     </span>
     <span class='ocr_line' id='line_1_22' title="bbox 215 1328 1677 1381; baseline 0 -10"><span class='ocrx_word' id='word_1_188' title='bbox 215 1331 293 1371; x_wconf 83' lang='lat' dir='ltr'><strong>illa</strong></span> <span class='ocrx_word' id='word_1_189' title='bbox 321 1332 489 1379; x_wconf 80' lang='lat' dir='ltr'><strong>vetera,</strong></span> <span class='ocrx_word' id='word_1_190' title='bbox 531 1328 644 1381; x_wconf 91' lang='lat' dir='ltr'><strong>quod</strong></span> <span class='ocrx_word' id='word_1_191' title='bbox 672 1329 800 1368; x_wconf 91' lang='lat' dir='ltr'><strong>istum</strong></span> <span class='ocrx_word' id='word_1_192' title='bbox 830 1328 875 1368; x_wconf 90' lang='lat' dir='ltr'><strong>in</strong></span> <span class='ocrx_word' id='word_1_193' title='bbox 905 1340 995 1367; x_wconf 89' lang='lat' dir='ltr'><strong>rem</strong></span> <span class='ocrx_word' id='word_1_194' title='bbox 1024 1328 1241 1380; x_wconf 86' lang='lat' dir='ltr'><strong>publicam</strong></span> <span class='ocrx_word' id='word_1_195' title='bbox 1270 1328 1345 1368; x_wconf 91' lang='lat' dir='ltr'><strong>ille</strong></span> <span class='ocrx_word' id='word_1_196' title='bbox 1377 1329 1505 1381; x_wconf 86' lang='lat' dir='ltr'><strong>aluit,</strong></span> <span class='ocrx_word' id='word_1_197' title='bbox 1542 1331 1677 1379; x_wconf 81' lang='lat' dir='ltr'><strong>auxit,</strong></span> 
     </span>
     <span class='ocr_line' id='line_1_23' title="bbox 215 1385 1679 1439; baseline -0.001 -10"><span class='ocrx_word' id='word_1_198' title='bbox 215 1388 415 1429; x_wconf 84' lang='lat' dir='ltr'><strong>armavit:</strong></span> <span class='ocrx_word' id='word_1_199' title='bbox 473 1386 550 1426; x_wconf 89' lang='lat' dir='ltr'><strong>ille</strong></span> <span class='ocrx_word' id='word_1_200' title='bbox 586 1385 751 1439; x_wconf 84' lang='lat' dir='ltr'><strong>legibus</strong></span> <span class='ocrx_word' id='word_1_201' title='bbox 790 1397 870 1437; x_wconf 92' lang='lat' dir='ltr'><strong>per</strong></span> <span class='ocrx_word' id='word_1_202' title='bbox 907 1385 993 1426; x_wconf 86' lang='lat' dir='ltr'><strong>vim</strong></span> <span class='ocrx_word' id='word_1_203' title='bbox 1024 1386 1066 1425; x_wconf 91' lang='lat' dir='ltr'><strong>et</strong></span> <span class='ocrx_word' id='word_1_204' title='bbox 1095 1386 1244 1425; x_wconf 84' lang='lat' dir='ltr'><strong>contra</strong></span> <span class='ocrx_word' id='word_1_205' title='bbox 1275 1386 1466 1438; x_wconf 89' lang='lat' dir='ltr'><strong>auspicia</strong></span> <span class='ocrx_word' id='word_1_206' title='bbox 1494 1387 1679 1428; x_wconf 89' lang='lat' dir='ltr'><strong>ferendis</strong></span> 
     </span>
    </p>
   </div>
   <div class='ocr_carea' id='block_1_3' title="bbox 207 1507 1765 2803">
    <p class='ocr_par' dir='ltr' id='par_1_3' title="bbox 211 1507 1681 1597">
     <span class='ocr_line' id='line_1_24' title="bbox 305 1507 1681 1552; baseline 0.003 -10"><span class='ocrx_word' id='word_1_207' title='bbox 305 1511 340 1544; x_wconf 87' lang='lat'><strong>1.</strong></span> <span class='ocrx_word' id='word_1_208' title='bbox 373 1510 412 1541; x_wconf 83' lang='lat' dir='ltr'><strong>in</strong></span> <span class='ocrx_word' id='word_1_209' title='bbox 436 1511 623 1551; x_wconf 79' lang='lat' dir='ltr'><strong>utramque</strong></span> <span class='ocrx_word' id='word_1_210' title='bbox 643 1512 804 1552; x_wconf 78' lang='lat' dir='ltr'><strong>partem,</strong></span> <span class='ocrx_word' id='word_1_211' title='bbox 846 1507 907 1541; x_wconf 85' lang='lat' dir='ltr'><strong>die</strong></span> <span class='ocrx_word' id='word_1_212' title='bbox 934 1507 1089 1542; x_wconf 82' lang='lat' dir='ltr'><strong>Griinde</strong></span> <span class='ocrx_word' id='word_1_213' title='bbox 1119 1509 1193 1542; x_wconf 84' lang='lat' dir='ltr'><strong>fiir</strong></span> <span class='ocrx_word' id='word_1_214' title='bbox 1225 1508 1300 1542; x_wconf 87' lang='lat' dir='ltr'><strong>und</strong></span> <span class='ocrx_word' id='word_1_215' title='bbox 1334 1509 1500 1545; x_wconf 84' lang='lat' dir='ltr'><strong>wider.</strong></span> <span class='ocrx_word' id='word_1_216' title='bbox 1539 1510 1681 1546; x_wconf 83' lang='lat' dir='ltr'><strong>Dieser</strong></span> 
     </span>
     <span class='ocr_line' id='line_1_25' title="bbox 211 1554 1516 1597; baseline -0.003 -8"><span class='ocrx_word' id='word_1_217' title='bbox 211 1554 324 1589; x_wconf 85' lang='lat' dir='ltr'><strong>Brief</strong></span> <span class='ocrx_word' id='word_1_218' title='bbox 344 1554 392 1588; x_wconf 88' lang='lat' dir='ltr'><strong>ist</strong></span> <span class='ocrx_word' id='word_1_219' title='bbox 418 1554 523 1587; x_wconf 83' lang='lat' dir='ltr'><strong>einer</strong></span> <span class='ocrx_word' id='word_1_220' title='bbox 548 1554 615 1588; x_wconf 84' lang='lat' dir='ltr'><strong>der</strong></span> <span class='ocrx_word' id='word_1_221' title='bbox 639 1554 897 1597; x_wconf 83' lang='lat' dir='ltr'><strong>wichtigsten!</strong></span> <span class='ocrx_word' id='word_1_222' title='bbox 1513 1557 1516 1562; x_wconf 89' lang='lat'>&#39;</span> 
     </span>
    </p>

    <p class='ocr_par' dir='ltr' id='par_1_4' title="bbox 207 1599 1680 2616">
     <span class='ocr_line' id='line_1_26' title="bbox 304 1599 1680 1647; baseline 0.001 -12"><span class='ocrx_word' id='word_1_223' title='bbox 304 1601 339 1635; x_wconf 87' lang='lat'><strong>2.</strong></span> <span class='ocrx_word' id='word_1_224' title='bbox 371 1611 464 1643; x_wconf 79' lang='lat' dir='ltr'><strong>erga</strong></span> <span class='ocrx_word' id='word_1_225' title='bbox 488 1600 598 1634; x_wconf 73' lang='lat' dir='ltr'><strong>salut.</strong></span> <span class='ocrx_word' id='word_1_226' title='bbox 623 1612 695 1643; x_wconf 86' lang='lat' dir='ltr'><strong>m.,</strong></span> <span class='ocrx_word' id='word_1_227' title='bbox 736 1611 796 1633; x_wconf 90' lang='lat' dir='ltr'><strong>um</strong></span> <span class='ocrx_word' id='word_1_228' title='bbox 830 1599 951 1633; x_wconf 87' lang='lat' dir='ltr'><strong>meine</strong></span> <span class='ocrx_word' id='word_1_229' title='bbox 981 1599 1149 1644; x_wconf 84' lang='lat' dir='ltr'><strong>Rettung</strong></span> <span class='ocrx_word' id='word_1_230' title='bbox 1180 1599 1253 1633; x_wconf 89' lang='lat' dir='ltr'><strong>und</strong></span> <span class='ocrx_word' id='word_1_231' title='bbox 1287 1600 1680 1647; x_wconf 80' lang='lat' dir='ltr'><strong>Wiederherstellung</strong></span> 
     </span>
     <span class='ocr_line' id='line_1_27' title="bbox 213 1646 1680 1693; baseline 0.002 -12"><span class='ocrx_word' id='word_1_232' title='bbox 213 1658 279 1682; x_wconf 83' lang='lat' dir='ltr'><strong>aus</strong></span> <span class='ocrx_word' id='word_1_233' title='bbox 312 1647 396 1681; x_wconf 91' lang='lat' dir='ltr'><strong>dem</strong></span> <span class='ocrx_word' id='word_1_234' title='bbox 421 1647 543 1681; x_wconf 85' lang='lat' dir='ltr'><strong>Exsil.</strong></span> <span class='ocrx_word' id='word_1_235' title='bbox 592 1647 718 1680; x_wconf 87' lang='lat' dir='ltr'><strong>Ueber</strong></span> <span class='ocrx_word' id='word_1_236' title='bbox 743 1656 836 1688; x_wconf 80' lang='lat' dir='ltr'><strong>erga</strong></span> <span class='ocrx_word' id='word_1_237' title='bbox 868 1657 896 1679; x_wconf 86' lang='lat' dir='ltr'><strong>s.</strong></span> <span class='ocrx_word' id='word_1_238' title='bbox 925 1646 1071 1680; x_wconf 88' lang='lat' dir='ltr'><strong>Ramsh.</strong></span> <span class='ocrx_word' id='word_1_239' title='bbox 1098 1647 1221 1689; x_wconf 56' lang='lat'><strong>§.132</strong></span> <span class='ocrx_word' id='word_1_240' title='bbox 1246 1648 1280 1682; x_wconf 87' lang='lat'><strong>3.</strong></span> <span class='ocrx_word' id='word_1_241' title='bbox 1316 1647 1459 1682; x_wconf 78' lang='lat' dir='ltr'><strong>Grotef.</strong></span> <span class='ocrx_word' id='word_1_242' title='bbox 1485 1650 1514 1693; x_wconf 82' lang='lat'><strong>§.</strong></span> <span class='ocrx_word' id='word_1_243' title='bbox 1528 1650 1606 1685; x_wconf 83' lang='lat'><strong>226.</strong></span> <span class='ocrx_word' id='word_1_244' title='bbox 1633 1667 1680 1675; x_wconf 90' lang='lat'><strong>—-</strong></span> 
     </span>
     <span class='ocr_line' id='line_1_28' title="bbox 214 1692 1676 1738; baseline 0.001 -10"><span class='ocrx_word' id='word_1_245' title='bbox 214 1695 310 1738; x_wconf 85' lang='lat' dir='ltr'><strong>[cum</strong></span> <span class='ocrx_word' id='word_1_246' title='bbox 335 1694 500 1736; x_wconf 81' lang='lat' dir='ltr'><strong>fortuna]</strong></span> <span class='ocrx_word' id='word_1_247' title='bbox 527 1693 609 1727; x_wconf 79' lang='lat' dir='ltr'><strong>scil.</strong></span> <span class='ocrx_word' id='word_1_248' title='bbox 636 1692 747 1727; x_wconf 89' lang='lat' dir='ltr'><strong>illius.</strong></span> <span class='ocrx_word' id='word_1_249' title='bbox 775 1692 836 1726; x_wconf 80' lang='lat' dir='ltr'><strong>Ex</strong></span> <span class='ocrx_word' id='word_1_250' title='bbox 861 1693 1017 1736; x_wconf 87' lang='lat' dir='ltr'><strong>Malasp.</strong></span> <span class='ocrx_word' id='word_1_251' title='bbox 1043 1693 1164 1736; x_wconf 82' lang='lat' dir='ltr'><strong>suppl.</strong></span> <span class='ocrx_word' id='word_1_252' title='bbox 1192 1700 1415 1737; x_wconf 81' lang='lat' dir='ltr'><strong>receperunt</strong></span> <span class='ocrx_word' id='word_1_253' title='bbox 1436 1695 1561 1729; x_wconf 88' lang='lat' dir='ltr'><strong>Lamb.</strong></span> <span class='ocrx_word' id='word_1_254' title='bbox 1586 1697 1676 1730; x_wconf 81' lang='lat' dir='ltr'><strong>Bos.</strong></span> 
     </span>
     <span class='ocr_line' id='line_1_29' title="bbox 213 1738 1676 1776; baseline 0.001 -2"><span class='ocrx_word' id='word_1_255' title='bbox 213 1741 350 1774; x_wconf 79' lang='lat' dir='ltr'><strong>GraeV.</strong></span> <span class='ocrx_word' id='word_1_256' title='bbox 380 1739 472 1774; x_wconf 83' lang='lat' dir='ltr'><strong>Ern.</strong></span> <span class='ocrx_word' id='word_1_257' title='bbox 506 1738 593 1774; x_wconf 71' lang='lat' dir='ltr'><strong>Sci).</strong></span> <span class='ocrx_word' id='word_1_258' title='bbox 626 1739 721 1772; x_wconf 80' lang='lat' dir='ltr'><strong>Lim.</strong></span> <span class='ocrx_word' id='word_1_259' title='bbox 758 1738 904 1773; x_wconf 86' lang='lat' dir='ltr'><strong>Absunt</strong></span> <span class='ocrx_word' id='word_1_260' title='bbox 941 1739 1030 1771; x_wconf 83' lang='lat' dir='ltr'><strong>haec</strong></span> <span class='ocrx_word' id='word_1_261' title='bbox 1062 1748 1084 1772; x_wconf 87' lang='lat' dir='ltr'><strong>a</strong></span> <span class='ocrx_word' id='word_1_262' title='bbox 1120 1738 1210 1772; x_wconf 90' lang='lat' dir='ltr'><strong>Cdd.</strong></span> <span class='ocrx_word' id='word_1_263' title='bbox 1244 1740 1356 1774; x_wconf 81' lang='lat' dir='ltr'><strong>notis.</strong></span> <span class='ocrx_word' id='word_1_264' title='bbox 1391 1741 1475 1774; x_wconf 81' lang='lat' dir='ltr'><strong>Asc.</strong></span> <span class='ocrx_word' id='word_1_265' title='bbox 1502 1743 1535 1775; x_wconf 93' lang='lat' dir='ltr'><strong>l.</strong></span> <span class='ocrx_word' id='word_1_266' title='bbox 1574 1742 1676 1776; x_wconf 88' lang='lat' dir='ltr'><strong>Crat.</strong></span> 
     </span>
     <span class='ocr_line' id='line_1_30' title="bbox 212 1784 1678 1831; baseline 0.001 -11"><span class='ocrx_word' id='word_1_267' title='bbox 212 1786 318 1823; x_wconf 84' lang='lat' dir='ltr'><strong>Vict.</strong></span> <span class='ocrx_word' id='word_1_268' title='bbox 346 1787 378 1820; x_wconf 93' lang='grc'><strong>1.</strong></span> <span class='ocrx_word' id='word_1_269' title='bbox 403 1786 436 1819; x_wconf 91' lang='grc'><strong>2.</strong></span> <span class='ocrx_word' id='word_1_270' title='bbox 474 1786 548 1820; x_wconf 84' lang='lat' dir='ltr'><strong>OR.</strong></span> <span class='ocrx_word' id='word_1_271' title='bbox 581 1804 624 1810; x_wconf 95' lang='lat'>—</span> <span class='ocrx_word' id='word_1_272' title='bbox 685 1795 811 1818; x_wconf 77' lang='lat' dir='ltr'><strong>maneo</strong></span> <span class='ocrx_word' id='word_1_273' title='bbox 837 1784 875 1818; x_wconf 90' lang='lat' dir='ltr'><strong>in</strong></span> <span class='ocrx_word' id='word_1_274' title='bbox 900 1784 1022 1818; x_wconf 85' lang='lat' dir='ltr'><strong>ltalia.</strong></span> <span class='ocrx_word' id='word_1_275' title='bbox 1053 1801 1098 1809; x_wconf 86' lang='lat'><strong>·—</strong></span> <span class='ocrx_word' id='word_1_276' title='bbox 1153 1786 1383 1828; x_wconf 73' lang='lat' dir='ltr'><strong>comitatum,</strong></span> <span class='ocrx_word' id='word_1_277' title='bbox 1426 1786 1586 1831; x_wconf 79' lang='lat' dir='ltr'><strong>Gefolge</strong></span> <span class='ocrx_word' id='word_1_278' title='bbox 1611 1788 1678 1822; x_wconf 87' lang='lat' dir='ltr'><strong>des</strong></span> 
     </span>
     <span class='ocr_line' id='line_1_31' title="bbox 212 1829 1676 1876; baseline 0.001 -10"><span class='ocrx_word' id='word_1_279' title='bbox 212 1831 431 1876; x_wconf 86' lang='lat' dir='ltr'><strong>Pompeius.</strong></span> <span class='ocrx_word' id='word_1_280' title='bbox 469 1851 511 1856; x_wconf 94' lang='lat'><em>-</em></span> <span class='ocrx_word' id='word_1_281' title='bbox 567 1831 692 1875; x_wconf 76' lang='lat' dir='ltr'><strong>unius,</strong></span> <span class='ocrx_word' id='word_1_282' title='bbox 736 1831 915 1864; x_wconf 83' lang='lat' dir='ltr'><strong>Caesaris.</strong></span> <span class='ocrx_word' id='word_1_283' title='bbox 945 1850 988 1855; x_wconf 97' lang='lat'><strong>—</strong></span> <span class='ocrx_word' id='word_1_284' title='bbox 1049 1834 1131 1863; x_wconf 79' lang='lat' dir='ltr'><strong>tute.</strong></span> <span class='ocrx_word' id='word_1_285' title='bbox 1178 1829 1215 1864; x_wconf 89' lang='lat' dir='ltr'><strong>S.</strong></span> <span class='ocrx_word' id='word_1_286' title='bbox 1248 1831 1397 1866; x_wconf 86' lang='lat' dir='ltr'><strong>Ramsh.</strong></span> <span class='ocrx_word' id='word_1_287' title='bbox 1434 1833 1540 1876; x_wconf 80' lang='lat'><strong>§.87‚</strong></span> <span class='ocrx_word' id='word_1_288' title='bbox 1566 1835 1598 1868; x_wconf 93' lang='grc'><strong>1.</strong></span> <span class='ocrx_word' id='word_1_289' title='bbox 1633 1852 1676 1858; x_wconf 90' lang='grc'>-</span> 
     </span>
     <span class='ocr_line' id='line_1_32' title="bbox 210 1875 1677 1923; baseline 0.001 -11"><span class='ocrx_word' id='word_1_290' title='bbox 210 1880 365 1923; x_wconf 82' lang='lat' dir='ltr'><strong>suspic.,</strong></span> <span class='ocrx_word' id='word_1_291' title='bbox 397 1878 571 1921; x_wconf 79' lang='lat' dir='ltr'><strong>Ahnung.</strong></span> <span class='ocrx_word' id='word_1_292' title='bbox 597 1895 643 1902; x_wconf 89' lang='lat'><strong>——</strong></span> <span class='ocrx_word' id='word_1_293' title='bbox 688 1877 781 1910; x_wconf 72' lang='lat' dir='ltr'><strong>sitne</strong></span> <span class='ocrx_word' id='word_1_294' title='bbox 805 1877 882 1910; x_wconf 82' lang='lat' dir='ltr'><strong>viri</strong></span> <span class='ocrx_word' id='word_1_295' title='bbox 904 1878 931 1919; x_wconf 78' lang='lat' dir='ltr'><strong>f.</strong></span> <span class='ocrx_word' id='word_1_296' title='bbox 957 1880 991 1910; x_wconf 86' lang='lat' dir='ltr'><strong>et</strong></span> <span class='ocrx_word' id='word_1_297' title='bbox 1015 1876 1047 1910; x_wconf 82' lang='lat' dir='ltr'><strong>b.</strong></span> <span class='ocrx_word' id='word_1_298' title='bbox 1075 1888 1107 1910; x_wconf 84' lang='lat' dir='ltr'><strong>c.</strong></span> <span class='ocrx_word' id='word_1_299' title='bbox 1133 1875 1171 1911; x_wconf 75' lang='grc' dir='ltr'><strong>τὸ</strong></span> <span class='ocrx_word' id='word_1_300' title='bbox 1197 1887 1271 1909; x_wconf 80' lang='lat' dir='ltr'><strong>esse</strong></span> <span class='ocrx_word' id='word_1_301' title='bbox 1295 1889 1340 1910; x_wconf 87' lang='lat'><strong><em>=</em></strong></span> <span class='ocrx_word' id='word_1_302' title='bbox 1362 1888 1523 1912; x_wconf 88' lang='lat' dir='ltr'><strong>manere.</strong></span> <span class='ocrx_word' id='word_1_303' title='bbox 1551 1880 1677 1914; x_wconf 85' lang='lat' dir='ltr'><strong>Ueber</strong></span> 
     </span>
     <span class='ocr_line' id='line_1_33' title="bbox 210 1923 1675 1967; baseline 0.001 -7"><span class='ocrx_word' id='word_1_304' title='bbox 210 1925 285 1960; x_wconf 87' lang='lat' dir='ltr'><strong>den</strong></span> <span class='ocrx_word' id='word_1_305' title='bbox 303 1923 612 1960; x_wconf 85' lang='lat' dir='ltr'><strong>Subiectsinfinit.</strong></span> <span class='ocrx_word' id='word_1_306' title='bbox 640 1932 667 1957; x_wconf 84' lang='lat' dir='ltr'><strong>s.</strong></span> <span class='ocrx_word' id='word_1_307' title='bbox 699 1923 849 1957; x_wconf 86' lang='lat' dir='ltr'><strong>Ramsh.</strong></span> <span class='ocrx_word' id='word_1_308' title='bbox 875 1923 904 1965; x_wconf 85' lang='lat'><strong>§.</strong></span> <span class='ocrx_word' id='word_1_309' title='bbox 920 1924 998 1966; x_wconf 85' lang='grc'><strong>168,</strong></span> <span class='ocrx_word' id='word_1_310' title='bbox 1023 1923 1067 1955; x_wconf 90' lang='lat' dir='ltr'><strong>A.</strong></span> <span class='ocrx_word' id='word_1_311' title='bbox 1103 1923 1182 1966; x_wconf 78' lang='lat'><strong>108,</strong></span> <span class='ocrx_word' id='word_1_312' title='bbox 1207 1924 1241 1957; x_wconf 84' lang='lat'><strong>3.</strong></span> <span class='ocrx_word' id='word_1_313' title='bbox 1279 1923 1422 1958; x_wconf 84' lang='lat' dir='ltr'><strong>Grotef.</strong></span> <span class='ocrx_word' id='word_1_314' title='bbox 1449 1925 1568 1967; x_wconf 72' lang='lat'><strong>§.304.</strong></span> <span class='ocrx_word' id='word_1_315' title='bbox 1594 1926 1675 1961; x_wconf 81' lang='lat'><strong>236.</strong></span> 
     </span>
     <span class='ocr_line' id='line_1_34' title="bbox 207 1970 1678 2016; baseline 0 -10"><span class='ocrx_word' id='word_1_316' title='bbox 207 1991 250 1999; x_wconf 92' lang='lat'><strong>·—</strong></span> <span class='ocrx_word' id='word_1_317' title='bbox 286 1971 514 2016; x_wconf 72' lang='lat' dir='ltr'><strong>sacerdotio,</strong></span> <span class='ocrx_word' id='word_1_318' title='bbox 555 1975 747 2014; x_wconf 81' lang='lat' dir='ltr'><strong>auguratu.</strong></span> <span class='ocrx_word' id='word_1_319' title='bbox 772 1989 817 1995; x_wconf 90' lang='lat'>—</span> <span class='ocrx_word' id='word_1_320' title='bbox 863 1980 990 2004; x_wconf 80' lang='lat' dir='ltr'><strong>nomen</strong></span> <span class='ocrx_word' id='word_1_321' title='bbox 1014 1970 1159 2011; x_wconf 78' lang='lat' dir='ltr'><strong>futurus</strong></span> <span class='ocrx_word' id='word_1_322' title='bbox 1184 1995 1215 2003; x_wconf 84' lang='lat'><strong>..</strong></span> <span class='ocrx_word' id='word_1_323' title='bbox 1241 1971 1310 2011; x_wconf 84' lang='lat' dir='ltr'><strong>sit,</strong></span> <span class='ocrx_word' id='word_1_324' title='bbox 1343 1970 1431 2011; x_wconf 86' lang='lat' dir='ltr'><strong>„ich</strong></span> <span class='ocrx_word' id='word_1_325' title='bbox 1449 1970 1509 2004; x_wconf 88' lang='lat' dir='ltr'><strong>ein</strong></span> <span class='ocrx_word' id='word_1_326' title='bbox 1531 1972 1678 2006; x_wconf 85' lang='lat' dir='ltr'><strong>blosser</strong></span> 
     </span>
     <span class='ocr_line' id='line_1_35' title="bbox 208 2014 1677 2062; baseline -0.001 -9"><span class='ocrx_word' id='word_1_327' title='bbox 208 2020 346 2062; x_wconf 88' lang='lat' dir='ltr'><strong>Name,</strong></span> <span class='ocrx_word' id='word_1_328' title='bbox 385 2018 488 2052; x_wconf 86' lang='lat' dir='ltr'><strong>nicht</strong></span> <span class='ocrx_word' id='word_1_329' title='bbox 515 2017 614 2052; x_wconf 87' lang='lat' dir='ltr'><strong>mein</strong></span> <span class='ocrx_word' id='word_1_330' title='bbox 646 2016 801 2060; x_wconf 86' lang='lat' dir='ltr'><strong>eigener</strong></span> <span class='ocrx_word' id='word_1_331' title='bbox 825 2015 942 2060; x_wconf 89' lang='lat' dir='ltr'><strong>Herr,</strong></span> <span class='ocrx_word' id='word_1_332' title='bbox 980 2015 1144 2050; x_wconf 87' lang='lat' dir='ltr'><strong>sondern</strong></span> <span class='ocrx_word' id='word_1_333' title='bbox 1169 2014 1252 2048; x_wconf 83' lang='lat' dir='ltr'><strong>eine</strong></span> <span class='ocrx_word' id='word_1_334' title='bbox 1283 2017 1535 2051; x_wconf 66' lang='lat' dir='ltr'><strong>verachtliche</strong></span> <span class='ocrx_word' id='word_1_335' title='bbox 1559 2018 1677 2062; x_wconf 79' lang='lat' dir='ltr'><strong>Figur</strong></span> 
     </span>
     <span class='ocr_line' id='line_1_36' title="bbox 210 2060 1676 2108; baseline -0.001 -8"><span class='ocrx_word' id='word_1_336' title='bbox 210 2065 292 2100; x_wconf 85' lang='lat' dir='ltr'><strong>sein</strong></span> <span class='ocrx_word' id='word_1_337' title='bbox 316 2065 484 2099; x_wconf 82' lang='lat' dir='ltr'><strong>wiirde.&#39;&#39;</strong></span> <span class='ocrx_word' id='word_1_338' title='bbox 523 2065 612 2108; x_wconf 82' lang='lat' dir='ltr'><strong>Vgl.</strong></span> <span class='ocrx_word' id='word_1_339' title='bbox 637 2063 719 2098; x_wconf 88' lang='lat' dir='ltr'><strong>Liv.</strong></span> <span class='ocrx_word' id='word_1_340' title='bbox 745 2064 802 2106; x_wconf 83' lang='lat'><strong>29,</strong></span> <span class='ocrx_word' id='word_1_341' title='bbox 829 2064 868 2096; x_wconf 88' lang='lat'><strong>1:</strong></span> <span class='ocrx_word' id='word_1_342' title='bbox 901 2062 1050 2097; x_wconf 83' lang='lat' dir='ltr'><strong>nomina</strong></span> <span class='ocrx_word' id='word_1_343' title='bbox 1074 2067 1211 2095; x_wconf 81' lang='lat' dir='ltr'><strong>tantum</strong></span> <span class='ocrx_word' id='word_1_344' title='bbox 1237 2060 1382 2096; x_wconf 88' lang='lat' dir='ltr'><strong>ducum.</strong></span> <span class='ocrx_word' id='word_1_345' title='bbox 1422 2064 1474 2105; x_wconf 90' lang='lat' dir='ltr'><strong>V,</strong></span> <span class='ocrx_word' id='word_1_346' title='bbox 1499 2065 1559 2098; x_wconf 81' lang='lat'><strong>18.-</strong></span> <span class='ocrx_word' id='word_1_347' title='bbox 1598 2075 1676 2097; x_wconf 91' lang='lat' dir='ltr'><strong>um-</strong></span> 
     </span>
     <span class='ocr_line' id='line_1_37' title="bbox 210 2107 1674 2152; baseline -0.002 -6"><span class='ocrx_word' id='word_1_348' title='bbox 210 2113 314 2146; x_wconf 88' lang='lat' dir='ltr'><strong>bram</strong></span> <span class='ocrx_word' id='word_1_349' title='bbox 349 2117 386 2145; x_wconf 87' lang='lat' dir='ltr'><strong>et</strong></span> <span class='ocrx_word' id='word_1_350' title='bbox 423 2121 554 2144; x_wconf 85' lang='lat' dir='ltr'><strong>nomen</strong></span> <span class='ocrx_word' id='word_1_351' title='bbox 587 2109 727 2144; x_wconf 87' lang='lat' dir='ltr'><strong>Licinii</strong></span> <span class='ocrx_word' id='word_1_352' title='bbox 762 2108 933 2143; x_wconf 83' lang='lat' dir='ltr'><strong>relictum</strong></span> <span class='ocrx_word' id='word_1_353' title='bbox 965 2108 1114 2143; x_wconf 87' lang='lat' dir='ltr'><strong>videtis.</strong></span> <span class='ocrx_word' id='word_1_354' title='bbox 1173 2107 1250 2142; x_wconf 82' lang='lat' dir='ltr'><strong>cic.</strong></span> <span class='ocrx_word' id='word_1_355' title='bbox 1282 2107 1330 2140; x_wconf 87' lang='lat' dir='ltr'><strong>ad</strong></span> <span class='ocrx_word' id='word_1_356' title='bbox 1361 2108 1476 2142; x_wconf 84' lang='lat' dir='ltr'><strong>Attic.</strong></span> <span class='ocrx_word' id='word_1_357' title='bbox 1512 2111 1569 2152; x_wconf 89' lang='lat' dir='ltr'><strong>V,</strong></span> <span class='ocrx_word' id='word_1_358' title='bbox 1605 2110 1674 2145; x_wconf 79' lang='lat'><strong>20:</strong></span> 
     </span>
     <span class='ocr_line' id='line_1_38' title="bbox 211 2153 1677 2201; baseline -0.002 -9"><span class='ocrx_word' id='word_1_359' title='bbox 211 2169 344 2192; x_wconf 89' lang='lat' dir='ltr'><strong>nomen</strong></span> <span class='ocrx_word' id='word_1_360' title='bbox 380 2157 580 2201; x_wconf 80' lang='lat' dir='ltr'><strong>legionum.</strong></span> <span class='ocrx_word' id='word_1_361' title='bbox 634 2157 728 2201; x_wconf 89' lang='lat' dir='ltr'><strong>Nep.</strong></span> <span class='ocrx_word' id='word_1_362' title='bbox 766 2157 882 2199; x_wconf 85' lang='lat' dir='ltr'><strong>Ages.</strong></span> <span class='ocrx_word' id='word_1_363' title='bbox 922 2158 960 2190; x_wconf 86' lang='lat'><strong>1:</strong></span> <span class='ocrx_word' id='word_1_364' title='bbox 1008 2154 1158 2189; x_wconf 83' lang='lat' dir='ltr'><strong>nomine</strong></span> <span class='ocrx_word' id='word_1_365' title='bbox 1199 2153 1316 2196; x_wconf 77' lang='lat' dir='ltr'><strong>magis</strong></span> <span class='ocrx_word' id='word_1_366' title='bbox 1353 2165 1459 2197; x_wconf 87' lang='lat' dir='ltr'><strong>quam</strong></span> <span class='ocrx_word' id='word_1_367' title='bbox 1501 2154 1677 2200; x_wconf 86' lang='lat' dir='ltr'><strong>imperio.</strong></span> 
     </span>
     <span class='ocr_line' id='line_1_39' title="bbox 211 2199 1672 2249; baseline -0.002 -10"><span class='ocrx_word' id='word_1_368' title='bbox 211 2205 306 2249; x_wconf 83' lang='lat' dir='ltr'><strong>„Sic</strong></span> <span class='ocrx_word' id='word_1_369' title='bbox 328 2204 403 2239; x_wconf 86' lang='lat' dir='ltr'><strong>Iac.</strong></span> <span class='ocrx_word' id='word_1_370' title='bbox 431 2204 594 2237; x_wconf 78' lang='lat' dir='ltr'><strong>GronOV.</strong></span> <span class='ocrx_word' id='word_1_371' title='bbox 632 2203 749 2245; x_wconf 85' lang='lat' dir='ltr'><strong>coni.‚</strong></span> <span class='ocrx_word' id='word_1_372' title='bbox 788 2213 883 2246; x_wconf 87' lang='lat' dir='ltr'><strong>quae</strong></span> <span class='ocrx_word' id='word_1_373' title='bbox 907 2212 995 2236; x_wconf 86' lang='lat' dir='ltr'><strong>sane</strong></span> <span class='ocrx_word' id='word_1_374' title='bbox 1020 2205 1183 2246; x_wconf 76' lang='lat' dir='ltr'><strong>praestat</strong></span> <span class='ocrx_word' id='word_1_375' title='bbox 1208 2199 1500 2244; x_wconf 82' lang='lat' dir='ltr'><strong>interpolatione</strong></span> <span class='ocrx_word' id='word_1_376' title='bbox 1526 2202 1672 2237; x_wconf 81' lang='lat' dir='ltr'><strong>Ienson.</strong></span> 
     </span>
     <span class='ocr_line' id='line_1_40' title="bbox 212 2247 1675 2295; baseline -0.001 -11"><span class='ocrx_word' id='word_1_377' title='bbox 212 2249 444 2295; x_wconf 80' lang='lat' dir='ltr'><strong>Saepissime</strong></span> <span class='ocrx_word' id='word_1_378' title='bbox 474 2256 594 2283; x_wconf 85' lang='lat' dir='ltr'><strong>autem</strong></span> <span class='ocrx_word' id='word_1_379' title='bbox 626 2260 753 2282; x_wconf 80' lang='lat' dir='ltr'><strong>nomen</strong></span> <span class='ocrx_word' id='word_1_380' title='bbox 784 2248 855 2282; x_wconf 88' lang='lat' dir='ltr'><strong>hoc</strong></span> <span class='ocrx_word' id='word_1_381' title='bbox 889 2248 1097 2293; x_wconf 79' lang='lat' dir='ltr'><strong>significatu</strong></span> <span class='ocrx_word' id='word_1_382' title='bbox 1132 2252 1346 2288; x_wconf 83' lang='lat' dir='ltr'><strong>usurpatum</strong></span> <span class='ocrx_word' id='word_1_383' title='bbox 1372 2247 1431 2280; x_wconf 87' lang='lat' dir='ltr'><strong>vel</strong></span> <span class='ocrx_word' id='word_1_384' title='bbox 1458 2255 1675 2292; x_wconf 84' lang='lat' dir='ltr'><strong>corruptum</strong></span> 
     </span>
     <span class='ocr_line' id='line_1_41' title="bbox 213 2290 1674 2338; baseline -0.001 -7"><span class='ocrx_word' id='word_1_385' title='bbox 213 2298 274 2331; x_wconf 90' lang='lat' dir='ltr'><strong>vel</strong></span> <span class='ocrx_word' id='word_1_386' title='bbox 298 2307 371 2329; x_wconf 88' lang='lat' dir='ltr'><strong>nou</strong></span> <span class='ocrx_word' id='word_1_387' title='bbox 398 2296 638 2329; x_wconf 78' lang='lat' dir='ltr'><strong>intellectum.</strong></span> <span class='ocrx_word' id='word_1_388' title='bbox 666 2296 740 2329; x_wconf 76' lang='lat' dir='ltr'><strong>Cfr.</strong></span> <span class='ocrx_word' id='word_1_389' title='bbox 769 2294 905 2329; x_wconf 89' lang='lat' dir='ltr'><strong>Graev.</strong></span> <span class='ocrx_word' id='word_1_390' title='bbox 931 2295 980 2328; x_wconf 80' lang='lat' dir='ltr'><strong>ad</strong></span> <span class='ocrx_word' id='word_1_391' title='bbox 1003 2296 1115 2327; x_wconf 79' lang='lat' dir='ltr'><strong>Attic.</strong></span> <span class='ocrx_word' id='word_1_392' title='bbox 1145 2290 1191 2334; x_wconf 84' lang='lat' dir='ltr'><strong>V,</strong></span> <span class='ocrx_word' id='word_1_393' title='bbox 1217 2293 1274 2326; x_wconf 87' lang='lat'><strong>15.</strong></span> <span class='ocrx_word' id='word_1_394' title='bbox 1307 2292 1491 2327; x_wconf 71' lang='lat' dir='ltr'><strong>Paradox.</strong></span> <span class='ocrx_word' id='word_1_395' title='bbox 1519 2295 1551 2328; x_wconf 82' lang='lat'><strong>4.</strong></span> <span class='ocrx_word' id='word_1_396' title='bbox 1577 2296 1674 2338; x_wconf 84' lang='lat'><strong>§.17.</strong></span> 
     </span>
     <span class='ocr_line' id='line_1_42' title="bbox 212 2337 1674 2385; baseline -0.002 -9"><span class='ocrx_word' id='word_1_397' title='bbox 212 2363 230 2370; x_wconf 94' lang='lat'><em>—</em></span> <span class='ocrx_word' id='word_1_398' title='bbox 259 2353 331 2376; x_wconf 79' lang='lat' dir='ltr'><strong>non</strong></span> <span class='ocrx_word' id='word_1_399' title='bbox 363 2343 508 2385; x_wconf 77' lang='lat' dir='ltr'><strong>futurus</strong></span> <span class='ocrx_word' id='word_1_400' title='bbox 538 2342 614 2374; x_wconf 81' lang='lat' dir='ltr'><strong>sub.</strong></span> <span class='ocrx_word' id='word_1_401' title='bbox 652 2341 729 2375; x_wconf 87' lang='lat' dir='ltr'><strong>Md.</strong></span> <span class='ocrx_word' id='word_1_402' title='bbox 758 2341 851 2375; x_wconf 82' lang='lat' dir='ltr'><strong>Cett.</strong></span> <span class='ocrx_word' id='word_1_403' title='bbox 878 2340 994 2374; x_wconf 92' lang='lat' dir='ltr'><strong>Codd.</strong></span> <span class='ocrx_word' id='word_1_404' title='bbox 1022 2339 1123 2379; x_wconf 77' lang='lat' dir='ltr'><strong>noti,</strong></span> <span class='ocrx_word' id='word_1_405' title='bbox 1156 2337 1264 2370; x_wconf 82' lang='lat' dir='ltr'><strong>etiam</strong></span> <span class='ocrx_word' id='word_1_406' title='bbox 1290 2338 1405 2382; x_wconf 79' lang='lat' dir='ltr'><strong>Regii</strong></span> <span class='ocrx_word' id='word_1_407' title='bbox 1429 2339 1674 2374; x_wconf 86' lang='lat' dir='ltr'><strong>Lallemandi.</strong></span> 
     </span>
     <span class='ocr_line' id='line_1_43' title="bbox 213 2384 1674 2431; baseline -0.001 -9"><span class='ocrx_word' id='word_1_408' title='bbox 213 2390 323 2424; x_wconf 86' lang='lat' dir='ltr'><strong>Rom.</strong></span> <span class='ocrx_word' id='word_1_409' title='bbox 353 2399 424 2422; x_wconf 85' lang='lat' dir='ltr'><strong>non</strong></span> <span class='ocrx_word' id='word_1_410' title='bbox 449 2390 594 2431; x_wconf 77' lang='lat' dir='ltr'><strong>futurus</strong></span> <span class='ocrx_word' id='word_1_411' title='bbox 617 2387 665 2420; x_wconf 80' lang='lat' dir='ltr'><strong>sit</strong></span> <span class='ocrx_word' id='word_1_412' title='bbox 688 2388 747 2420; x_wconf 77' lang='lat' dir='ltr'><strong>sui</strong></span> <span class='ocrx_word' id='word_1_413' title='bbox 772 2390 866 2420; x_wconf 76' lang='lat' dir='ltr'><strong>iuris</strong></span> <span class='ocrx_word' id='word_1_414' title='bbox 889 2387 963 2421; x_wconf 79' lang='lat' dir='ltr'><strong>sub.</strong></span> <span class='ocrx_word' id='word_1_415' title='bbox 998 2396 1047 2419; x_wconf 82' lang='lat' dir='ltr'><strong>ex</strong></span> <span class='ocrx_word' id='word_1_416' title='bbox 1072 2384 1248 2427; x_wconf 85' lang='lat' dir='ltr'><strong>interpol.</strong></span> <span class='ocrx_word' id='word_1_417' title='bbox 1276 2384 1374 2418; x_wconf 89' lang='lat' dir='ltr'><strong>Iens.</strong></span> <span class='ocrx_word' id='word_1_418' title='bbox 1400 2385 1497 2419; x_wconf 91' lang='lat' dir='ltr'><strong>Edd.</strong></span> <span class='ocrx_word' id='word_1_419' title='bbox 1524 2392 1674 2430; x_wconf 80' lang='lat' dir='ltr'><strong>praeter</strong></span> 
     </span>
     <span class='ocr_line' id='line_1_44' title="bbox 213 2430 1674 2473; baseline -0.001 -5"><span class='ocrx_word' id='word_1_420' title='bbox 213 2436 322 2470; x_wconf 89' lang='lat' dir='ltr'><strong>Rom.</strong></span> <span class='ocrx_word' id='word_1_421' title='bbox 357 2441 394 2468; x_wconf 81' lang='lat' dir='ltr'><strong>et</strong></span> <span class='ocrx_word' id='word_1_422' title='bbox 432 2435 462 2468; x_wconf 93' lang='lat' dir='ltr'><strong>I.</strong></span> <span class='ocrx_word' id='word_1_423' title='bbox 497 2434 660 2468; x_wconf 86' lang='lat' dir='ltr'><strong>Gronov.</strong></span> <span class='ocrx_word' id='word_1_424' title='bbox 706 2434 927 2467; x_wconf 84' lang='lat' dir='ltr'><em>ORELLI.&#39;’</em></span> <span class='ocrx_word' id='word_1_425' title='bbox 957 2451 999 2456; x_wconf 89' lang='lat'><strong>—</strong></span> <span class='ocrx_word' id='word_1_426' title='bbox 1053 2430 1225 2464; x_wconf 77' lang='lat' dir='ltr'><strong>subeund.</strong></span> <span class='ocrx_word' id='word_1_427' title='bbox 1256 2431 1462 2473; x_wconf 76' lang='lat' dir='ltr'><strong>periculum</strong></span> <span class='ocrx_word' id='word_1_428' title='bbox 1493 2432 1560 2471; x_wconf 80' lang='lat' dir='ltr'><strong>sit,</strong></span> <span class='ocrx_word' id='word_1_429' title='bbox 1598 2432 1674 2466; x_wconf 87' lang='lat' dir='ltr'><strong>und</strong></span> 
     </span>
     <span class='ocr_line' id='line_1_45' title="bbox 212 2476 1673 2521; baseline -0.003 -5"><span class='ocrx_word' id='word_1_430' title='bbox 212 2481 407 2516; x_wconf 80' lang='lat' dir='ltr'><strong>vielleicht</strong></span> <span class='ocrx_word' id='word_1_431' title='bbox 432 2480 573 2514; x_wconf 82' lang='lat' dir='ltr'><strong>Gefahr</strong></span> <span class='ocrx_word' id='word_1_432' title='bbox 597 2480 703 2521; x_wconf 87' lang='lat' dir='ltr'><strong>liese,</strong></span> <span class='ocrx_word' id='word_1_433' title='bbox 729 2480 783 2513; x_wconf 86' lang='lat' dir='ltr'><strong>als</strong></span> <span class='ocrx_word' id='word_1_434' title='bbox 811 2479 1021 2515; x_wconf 72' lang='lat' dir='ltr'><strong>Verriithcr</strong></span> <span class='ocrx_word' id='word_1_435' title='bbox 1044 2477 1109 2510; x_wconf 85' lang='lat' dir='ltr'><strong>des</strong></span> <span class='ocrx_word' id='word_1_436' title='bbox 1129 2476 1378 2510; x_wconf 80' lang='lat' dir='ltr'><strong>Vaterlandes</strong></span> <span class='ocrx_word' id='word_1_437' title='bbox 1402 2478 1601 2521; x_wconf 80' lang='lat' dir='ltr'><strong>angeklagt</strong></span> <span class='ocrx_word' id='word_1_438' title='bbox 1625 2488 1673 2512; x_wconf 88' lang='lat' dir='ltr'><strong>zu</strong></span> 
     </span>
     <span class='ocr_line' id='line_1_46' title="bbox 214 2522 1673 2569; baseline -0.003 -7"><span class='ocrx_word' id='word_1_439' title='bbox 214 2527 379 2562; x_wconf 81' lang='lat' dir='ltr'><strong>werden.</strong></span> <span class='ocrx_word' id='word_1_440' title='bbox 428 2526 574 2563; x_wconf 85' lang='lat' dir='ltr'><strong>Darauf</strong></span> <span class='ocrx_word' id='word_1_441' title='bbox 594 2526 714 2569; x_wconf 77' lang='lat' dir='ltr'><strong>bezog</strong></span> <span class='ocrx_word' id='word_1_442' title='bbox 739 2526 817 2559; x_wconf 88' lang='lat' dir='ltr'><strong>sich</strong></span> <span class='ocrx_word' id='word_1_443' title='bbox 840 2536 898 2569; x_wconf 85' lang='lat' dir='ltr'><strong>ep.</strong></span> <span class='ocrx_word' id='word_1_444' title='bbox 918 2522 1160 2566; x_wconf 81' lang='lat' dir='ltr'><strong>CCCXXIII,</strong></span> <span class='ocrx_word' id='word_1_445' title='bbox 1184 2522 1224 2556; x_wconf 81' lang='lat'><strong>2:</strong></span> <span class='ocrx_word' id='word_1_446' title='bbox 1255 2523 1365 2567; x_wconf 81' lang='lat' dir='ltr'><strong>„Ego</strong></span> <span class='ocrx_word' id='word_1_447' title='bbox 1391 2523 1488 2567; x_wconf 83' lang='lat' dir='ltr'><strong>scio,</strong></span> <span class='ocrx_word' id='word_1_448' title='bbox 1513 2530 1549 2558; x_wconf 90' lang='lat' dir='ltr'><strong>et</strong></span> <span class='ocrx_word' id='word_1_449' title='bbox 1563 2535 1673 2567; x_wconf 88' lang='lat' dir='ltr'><strong>quem</strong></span> 
     </span>
     <span class='ocr_line' id='line_1_47' title="bbox 212 2572 781 2616; baseline -0.007 -8"><span class='ocrx_word' id='word_1_450' title='bbox 212 2581 369 2609; x_wconf 83' lang='lat' dir='ltr'><strong>metuam</strong></span> <span class='ocrx_word' id='word_1_451' title='bbox 398 2580 434 2607; x_wconf 90' lang='lat' dir='ltr'><strong>et</strong></span> <span class='ocrx_word' id='word_1_452' title='bbox 460 2584 567 2616; x_wconf 88' lang='lat' dir='ltr'><strong>quam</strong></span> <span class='ocrx_word' id='word_1_453' title='bbox 594 2572 641 2605; x_wconf 93' lang='lat' dir='ltr'><strong>ob</strong></span> <span class='ocrx_word' id='word_1_454' title='bbox 668 2572 781 2605; x_wconf 85' lang='lat' dir='ltr'><strong>rem.’⁷</strong></span> 
     </span>
    </p>

    <p class='ocr_par' dir='ltr' id='par_1_5' title="bbox 212 2613 1765 2803">
     <span class='ocr_line' id='line_1_48' title="bbox 302 2613 1765 2663; baseline -0.004 -9"><span class='ocrx_word' id='word_1_455' title='bbox 302 2622 336 2654; x_wconf 88' lang='lat'><strong>3.</strong></span> <span class='ocrx_word' id='word_1_456' title='bbox 370 2623 408 2653; x_wconf 80' lang='lat' dir='ltr'><strong>in</strong></span> <span class='ocrx_word' id='word_1_457' title='bbox 432 2619 498 2653; x_wconf 75' lang='lat' dir='ltr'><strong>hac</strong></span> <span class='ocrx_word' id='word_1_458' title='bbox 528 2623 633 2663; x_wconf 73' lang='lat' dir='ltr'><strong>parte</strong></span> <span class='ocrx_word' id='word_1_459' title='bbox 665 2617 781 2651; x_wconf 85' lang='lat' dir='ltr'><strong>lancis</strong></span> <span class='ocrx_word' id='word_1_460' title='bbox 812 2626 840 2651; x_wconf 81' lang='lat' dir='ltr'><strong>S.</strong></span> <span class='ocrx_word' id='word_1_461' title='bbox 875 2613 1182 2660; x_wconf 80' lang='lat' dir='ltr'><strong>ponderationis,</strong></span> <span class='ocrx_word' id='word_1_462' title='bbox 1222 2613 1323 2648; x_wconf 82' lang='lat' dir='ltr'><strong>diess</strong></span> <span class='ocrx_word' id='word_1_463' title='bbox 1361 2614 1466 2649; x_wconf 83' lang='lat' dir='ltr'><strong>Alles</strong></span> <span class='ocrx_word' id='word_1_464' title='bbox 1505 2613 1598 2657; x_wconf 80' lang='lat' dir='ltr'><strong>liegt</strong></span> <span class='ocrx_word' id='word_1_465' title='bbox 1634 2615 1670 2648; x_wconf 87' lang='lat' dir='ltr'><strong>in</strong></span> <span class='ocrx_word' id='word_1_466' title='bbox 1764 2651 1765 2655; x_wconf 43' lang='lat'><strong>,</strong></span> 
     </span>
     <span class='ocr_line' id='line_1_49' title="bbox 212 2661 1765 2710; baseline -0.005 -11"><span class='ocrx_word' id='word_1_467' title='bbox 212 2665 339 2699; x_wconf 81' lang='lat' dir='ltr'><strong>dieser</strong></span> <span class='ocrx_word' id='word_1_468' title='bbox 378 2665 624 2710; x_wconf 78' lang='lat' dir='ltr'><strong>Wagschaale</strong></span> <span class='ocrx_word' id='word_1_469' title='bbox 664 2664 730 2697; x_wconf 87' lang='lat' dir='ltr'><strong>der</strong></span> <span class='ocrx_word' id='word_1_470' title='bbox 769 2662 1047 2706; x_wconf 85' lang='lat' dir='ltr'><strong>Ueberlegung.</strong></span> <span class='ocrx_word' id='word_1_471' title='bbox 1103 2671 1193 2705; x_wconf 77' lang='lat' dir='ltr'><strong>quae</strong></span> <span class='ocrx_word' id='word_1_472' title='bbox 1231 2665 1315 2694; x_wconf 75' lang='lat' dir='ltr'><strong>sunt</strong></span> <span class='ocrx_word' id='word_1_473' title='bbox 1362 2662 1448 2695; x_wconf 86' lang='lat' dir='ltr'><strong>Asc.</strong></span> <span class='ocrx_word' id='word_1_474' title='bbox 1480 2661 1512 2694; x_wconf 89' lang='lat' dir='ltr'><strong>l.</strong></span> <span class='ocrx_word' id='word_1_475' title='bbox 1551 2662 1585 2694; x_wconf 89' lang='grc'><strong>2.</strong></span> <span class='ocrx_word' id='word_1_476' title='bbox 1626 2678 1672 2686; x_wconf 91' lang='grc'><strong>-</strong></span> <span class='ocrx_word' id='word_1_477' title='bbox 1764 2677 1765 2681; x_wconf 66' lang='lat'><em>=</em></span> 
     </span>
     <span class='ocr_line' id='line_1_50' title="bbox 212 2706 1672 2756; baseline -0.001 -12"><span class='ocrx_word' id='word_1_478' title='bbox 212 2716 333 2745; x_wconf 77' lang='lat' dir='ltr'><strong>vetera</strong></span> <span class='ocrx_word' id='word_1_479' title='bbox 365 2711 534 2756; x_wconf 87' lang='lat' dir='ltr'><strong>Pompeii</strong></span> <span class='ocrx_word' id='word_1_480' title='bbox 574 2716 733 2755; x_wconf 84' lang='lat' dir='ltr'><strong>peccata.</strong></span> <span class='ocrx_word' id='word_1_481' title='bbox 773 2728 818 2734; x_wconf 92' lang='grc'><strong>--</strong></span> <span class='ocrx_word' id='word_1_482' title='bbox 873 2709 1003 2750; x_wconf 79' lang='lat' dir='ltr'><strong>istum,</strong></span> <span class='ocrx_word' id='word_1_483' title='bbox 1043 2708 1252 2742; x_wconf 83' lang='lat' dir='ltr'><strong>Caesarem.</strong></span> <span class='ocrx_word' id='word_1_484' title='bbox 1294 2725 1339 2732; x_wconf 90' lang='lat'><strong>—</strong></span> <span class='ocrx_word' id='word_1_485' title='bbox 1395 2707 1538 2749; x_wconf 71' lang='lat' dir='ltr'><strong>legibus</strong></span> <span class='ocrx_word' id='word_1_486' title='bbox 1580 2706 1602 2742; x_wconf 91' lang='lat' dir='ltr'><strong>i.</strong></span> <span class='ocrx_word' id='word_1_487' title='bbox 1636 2718 1672 2742; x_wconf 87' lang='lat' dir='ltr'><strong>e.</strong></span> 
     </span>
     <span class='ocr_line' id='line_1_51' title="bbox 214 2752 1670 2803; baseline -0.004 -10"><span class='ocrx_word' id='word_1_488' title='bbox 214 2758 385 2793; x_wconf 84' lang='lat' dir='ltr'><strong>Caesaris</strong></span> <span class='ocrx_word' id='word_1_489' title='bbox 410 2758 485 2803; x_wconf 81' lang='lat' dir='ltr'><strong>legi</strong></span> <span class='ocrx_word' id='word_1_490' title='bbox 502 2758 689 2802; x_wconf 84' lang='lat' dir='ltr'><strong>agrariae,</strong></span> <span class='ocrx_word' id='word_1_491' title='bbox 714 2756 807 2791; x_wconf 80' lang='lat' dir='ltr'><strong>iiber</strong></span> <span class='ocrx_word' id='word_1_492' title='bbox 832 2753 893 2789; x_wconf 90' lang='lat' dir='ltr'><strong>die</strong></span> <span class='ocrx_word' id='word_1_493' title='bbox 919 2753 1184 2799; x_wconf 86' lang='lat' dir='ltr'><strong>Campanische</strong></span> <span class='ocrx_word' id='word_1_494' title='bbox 1201 2752 1600 2797; x_wconf 66' lang='lat' dir='ltr'><strong>Landervertheilung.</strong></span> <span class='ocrx_word' id='word_1_495' title='bbox 1624 2771 1670 2782; x_wconf 81' lang='lat'><strong>-·</strong></span> 
     </span>
    </p>
   </div>
  </div>
 </body>
</html>
