<?xml version="1.0" encoding="UTF-8"?>
<!DOCTYPE html PUBLIC "-//W3C//DTD XHTML 1.0 Transitional//EN"
    "http://www.w3.org/TR/xhtml1/DTD/xhtml1-transitional.dtd">
<html xmlns="http://www.w3.org/1999/xhtml" xml:lang="en" lang="en">
 <head>
  <title>
</title>
<meta http-equiv="Content-Type" content="text/html;charset=utf-8" />
  <meta name='ocr-system' content='tesseract 3.04.00' />
  <meta name='ocr-capabilities' content='ocr_page ocr_carea ocr_par ocr_line ocrx_word'/>
</head>
<body>
  <div class='ocr_page' id='page_1' title='image "./epistolaeadattic02ciceuoft_0012.png"; bbox 0 0 1795 3043; ppageno 0'>
   <div class='ocr_carea' id='block_1_1' title="bbox 218 63 1416 118">
    <p class='ocr_par' dir='ltr' id='par_1_1' title="bbox 218 63 1416 118">
     <span class='ocr_line' id='line_1_1' title="bbox 218 63 1416 118; baseline -0.008 0"><span class='ocrx_word' id='word_1_1' title='bbox 218 73 250 118; x_wconf 75' lang='lat'><strong>4</strong></span> <span class='ocrx_word' id='word_1_2' title='bbox 483 67 548 114; x_wconf 91' lang='grc' dir='ltr'>Μ.</span> <span class='ocrx_word' id='word_1_3' title='bbox 583 66 639 112; x_wconf 88' lang='grc' dir='ltr'>Τ.</span> <span class='ocrx_word' id='word_1_4' title='bbox 677 63 1013 111; x_wconf 88' lang='lat' dir='ltr'>CICERONIS</span> <span class='ocrx_word' id='word_1_5' title='bbox 1047 63 1416 112; x_wconf 85' lang='lat' dir='ltr'>EPISTOLAE.</span> 
     </span>
    </p>
   </div>
   <div class='ocr_carea' id='block_1_2' title="bbox 176 175 1684 1199">
    <p class='ocr_par' dir='ltr' id='par_1_2' title="bbox 176 175 1684 1199">
     <span class='ocr_line' id='line_1_2' title="bbox 225 175 1674 235; baseline -0.005 -11"><span class='ocrx_word' id='word_1_6' title='bbox 225 195 308 235; x_wconf 89' lang='lat' dir='ltr'>que</span> <span class='ocrx_word' id='word_1_7' title='bbox 337 182 405 224; x_wconf 88' lang='lat' dir='ltr'>vel</span> <span class='ocrx_word' id='word_1_8' title='bbox 435 191 606 222; x_wconf 86' lang='lat' dir='ltr'>versura</span> <span class='ocrx_word' id='word_1_9' title='bbox 635 179 747 219; x_wconf 86' lang='lat' dir='ltr'>facta</span> <span class='ocrx_word' id='word_1_10' title='bbox 776 178 883 218; x_wconf 90' lang='lat' dir='ltr'>solvi</span> <span class='ocrx_word' id='word_1_11' title='bbox 902 179 1023 227; x_wconf 76' lang='lat' dir='ltr'>v0103</span> <span class='ocrx_word' id='word_1_12' title='bbox 1053 189 1106 218; x_wconf 89' lang='lat' dir='ltr'>ne</span> <span class='ocrx_word' id='word_1_13' title='bbox 1125 179 1312 218; x_wconf 86' lang='lat' dir='ltr'>extrema</span> <span class='ocrx_word' id='word_1_14' title='bbox 1331 175 1495 217; x_wconf 79' lang='lat' dir='ltr'>exactio</span> <span class='ocrx_word' id='word_1_15' title='bbox 1514 176 1674 217; x_wconf 87' lang='lat' dir='ltr'>nostro·</span> 
     </span>
     <span class='ocr_line' id='line_1_3' title="bbox 176 234 1675 287; baseline -0.006 -6"><span class='ocrx_word' id='word_1_16' title='bbox 176 246 203 286; x_wconf 82' lang='lat'><strong>3</strong></span> <span class='ocrx_word' id='word_1_17' title='bbox 228 252 321 281; x_wconf 91' lang='lat' dir='ltr'>rum</span> <span class='ocrx_word' id='word_1_18' title='bbox 358 239 573 279; x_wconf 87' lang='lat' dir='ltr'>nominum</span> <span class='ocrx_word' id='word_1_19' title='bbox 611 237 890 287; x_wconf 85' lang='lat' dir='ltr'>exspectetur.</span> <span class='ocrx_word' id='word_1_20' title='bbox 962 235 1086 277; x_wconf 88' lang='lat' dir='ltr'>Nunc</span> <span class='ocrx_word' id='word_1_21' title='bbox 1127 236 1251 276; x_wconf 86' lang='lat' dir='ltr'>venio</span> <span class='ocrx_word' id='word_1_22' title='bbox 1299 234 1352 275; x_wconf 85' lang='lat' dir='ltr'>ad</span> <span class='ocrx_word' id='word_1_23' title='bbox 1388 235 1675 274; x_wconf 86' lang='lat' dir='ltr'>transversum</span> 
     </span>
     <span class='ocr_line' id='line_1_4' title="bbox 225 290 1678 345; baseline -0.006 -8"><span class='ocrx_word' id='word_1_24' title='bbox 225 299 349 338; x_wconf 89' lang='lat' dir='ltr'>illum</span> <span class='ocrx_word' id='word_1_25' title='bbox 380 297 590 336; x_wconf 83' lang='lat' dir='ltr'>extremae</span> <span class='ocrx_word' id='word_1_26' title='bbox 610 293 809 345; x_wconf 87' lang='lat' dir='ltr'>epistolae</span> <span class='ocrx_word' id='word_1_27' title='bbox 830 294 928 331; x_wconf 86' lang='lat' dir='ltr'>tuae</span> <span class='ocrx_word' id='word_1_28' title='bbox 954 292 1225 340; x_wconf 85' lang='lat' dir='ltr'>versiculum,</span> <span class='ocrx_word' id='word_1_29' title='bbox 1255 291 1301 331; x_wconf 91' lang='lat' dir='ltr'>in</span> <span class='ocrx_word' id='word_1_30' title='bbox 1331 304 1413 341; x_wconf 91' lang='lat' dir='ltr'>quo</span> <span class='ocrx_word' id='word_1_31' title='bbox 1443 302 1509 330; x_wconf 89' lang='lat' dir='ltr'>me</span> <span class='ocrx_word' id='word_1_32' title='bbox 1538 290 1678 330; x_wconf 82' lang='lat' dir='ltr'>admo-</span> 
     </span>
     <span class='ocr_line' id='line_1_5' title="bbox 227 345 1677 399; baseline -0.006 -5"><span class='ocrx_word' id='word_1_33' title='bbox 227 367 302 394; x_wconf 87' lang='lat' dir='ltr'>nes</span> <span class='ocrx_word' id='word_1_34' title='bbox 332 353 383 392; x_wconf 91' lang='lat' dir='ltr'>de</span> <span class='ocrx_word' id='word_1_35' title='bbox 412 363 569 391; x_wconf 90' lang='lat' dir='ltr'>sorore.</span> <span class='ocrx_word' id='word_1_36' title='bbox 627 350 742 397; x_wconf 75' lang='lat' dir='ltr'>Quae</span> <span class='ocrx_word' id='word_1_37' title='bbox 771 361 838 389; x_wconf 89' lang='lat' dir='ltr'>res</span> <span class='ocrx_word' id='word_1_38' title='bbox 867 361 911 388; x_wconf 93' lang='lat' dir='ltr'>se</span> <span class='ocrx_word' id='word_1_39' title='bbox 940 349 1001 388; x_wconf 85' lang='lat' dir='ltr'>sic</span> <span class='ocrx_word' id='word_1_40' title='bbox 1032 348 1175 390; x_wconf 87' lang='lat' dir='ltr'>habet.</span> <span class='ocrx_word' id='word_1_41' title='bbox 1224 349 1281 389; x_wconf 91' lang='lat' dir='ltr'>Ut</span> <span class='ocrx_word' id='word_1_42' title='bbox 1296 347 1393 388; x_wconf 87' lang='lat' dir='ltr'>veni</span> <span class='ocrx_word' id='word_1_43' title='bbox 1413 347 1458 387; x_wconf 92' lang='lat' dir='ltr'>in</span> <span class='ocrx_word' id='word_1_44' title='bbox 1478 345 1677 399; x_wconf 82' lang='lat' dir='ltr'>Arpinas,</span> 
     </span>
     <span class='ocr_line' id='line_1_6' title="bbox 227 404 1678 462; baseline -0.005 -12"><span class='ocrx_word' id='word_1_45' title='bbox 227 422 358 462; x_wconf 91' lang='lat' dir='ltr'>quum</span> <span class='ocrx_word' id='word_1_46' title='bbox 389 409 441 449; x_wconf 89' lang='lat' dir='ltr'>ad</span> <span class='ocrx_word' id='word_1_47' title='bbox 465 421 534 448; x_wconf 89' lang='lat' dir='ltr'>me</span> <span class='ocrx_word' id='word_1_48' title='bbox 564 408 694 447; x_wconf 83' lang='lat' dir='ltr'>frater</span> <span class='ocrx_word' id='word_1_49' title='bbox 723 406 927 452; x_wconf 88' lang='lat' dir='ltr'>venisset,</span> <span class='ocrx_word' id='word_1_50' title='bbox 965 407 1008 444; x_wconf 88' lang='lat' dir='ltr'>in</span> <span class='ocrx_word' id='word_1_51' title='bbox 1040 405 1187 457; x_wconf 89' lang='lat' dir='ltr'>primis</span> <span class='ocrx_word' id='word_1_52' title='bbox 1215 404 1338 445; x_wconf 90' lang='lat' dir='ltr'>nobis</span> <span class='ocrx_word' id='word_1_53' title='bbox 1369 416 1526 451; x_wconf 88' lang='lat' dir='ltr'>serm0‚</span> <span class='ocrx_word' id='word_1_54' title='bbox 1559 404 1678 455; x_wconf 83' lang='lat' dir='ltr'>isque</span> 
     </span>
     <span class='ocr_line' id='line_1_7' title="bbox 226 462 1678 514; baseline -0.006 -7"><span class='ocrx_word' id='word_1_55' title='bbox 226 469 398 513; x_wconf 86' lang='lat' dir='ltr'>multus,</span> <span class='ocrx_word' id='word_1_56' title='bbox 431 465 482 505; x_wconf 90' lang='lat' dir='ltr'>de</span> <span class='ocrx_word' id='word_1_57' title='bbox 512 467 554 504; x_wconf 90' lang='lat' dir='ltr'>te</span> <span class='ocrx_word' id='word_1_58' title='bbox 584 464 686 503; x_wconf 77' lang='lat' dir='ltr'>fuit:</span> <span class='ocrx_word' id='word_1_59' title='bbox 718 474 770 503; x_wconf 80' lang='lat' dir='ltr'>ex</span> <span class='ocrx_word' id='word_1_60' title='bbox 798 474 880 514; x_wconf 92' lang='lat' dir='ltr'>quo</span> <span class='ocrx_word' id='word_1_61' title='bbox 910 462 1007 502; x_wconf 85' lang='lat' dir='ltr'>veni</span> <span class='ocrx_word' id='word_1_62' title='bbox 1037 462 1089 502; x_wconf 92' lang='lat' dir='ltr'>ad</span> <span class='ocrx_word' id='word_1_63' title='bbox 1119 474 1189 510; x_wconf 85' lang='lat' dir='ltr'>ea,</span> <span class='ocrx_word' id='word_1_64' title='bbox 1221 474 1329 513; x_wconf 92' lang='lat' dir='ltr'>quae</span> <span class='ocrx_word' id='word_1_65' title='bbox 1358 462 1572 501; x_wconf 84' lang='lat' dir='ltr'>fueramus</span> <span class='ocrx_word' id='word_1_66' title='bbox 1603 471 1678 512; x_wconf 84' lang='lat' dir='ltr'>ego</span> 
     </span>
     <span class='ocr_line' id='line_1_8' title="bbox 228 517 1677 564; baseline -0.006 0"><span class='ocrx_word' id='word_1_67' title='bbox 228 525 272 564; x_wconf 85' lang='lat' dir='ltr'>et</span> <span class='ocrx_word' id='word_1_68' title='bbox 301 526 347 563; x_wconf 90' lang='lat' dir='ltr'>tu</span> <span class='ocrx_word' id='word_1_69' title='bbox 377 523 488 562; x_wconf 91' lang='lat' dir='ltr'>inter</span> <span class='ocrx_word' id='word_1_70' title='bbox 516 533 592 561; x_wconf 91' lang='lat' dir='ltr'>nos</span> <span class='ocrx_word' id='word_1_71' title='bbox 622 521 674 560; x_wconf 90' lang='lat' dir='ltr'>de</span> <span class='ocrx_word' id='word_1_72' title='bbox 705 531 848 559; x_wconf 86' lang='lat' dir='ltr'>sorore</span> <span class='ocrx_word' id='word_1_73' title='bbox 877 519 921 558; x_wconf 91' lang='lat' dir='ltr'>in</span> <span class='ocrx_word' id='word_1_74' title='bbox 952 519 1192 559; x_wconf 85' lang='lat' dir='ltr'>Tusculano</span> <span class='ocrx_word' id='word_1_75' title='bbox 1222 518 1370 559; x_wconf 87' lang='lat' dir='ltr'>locuti.</span> <span class='ocrx_word' id='word_1_76' title='bbox 1441 517 1562 558; x_wconf 90' lang='lat' dir='ltr'>Nihil</span> <span class='ocrx_word' id='word_1_77' title='bbox 1592 518 1677 556; x_wconf 91' lang='lat' dir='ltr'>tam</span> 
     </span>
     <span class='ocr_line' id='line_1_9' title="bbox 228 574 1681 628; baseline -0.006 -7"><span class='ocrx_word' id='word_1_78' title='bbox 228 580 316 622; x_wconf 88' lang='lat' dir='ltr'>vidi</span> <span class='ocrx_word' id='word_1_79' title='bbox 346 579 469 627; x_wconf 89' lang='lat' dir='ltr'>mite,</span> <span class='ocrx_word' id='word_1_80' title='bbox 501 577 610 618; x_wconf 87' lang='lat' dir='ltr'>nihil</span> <span class='ocrx_word' id='word_1_81' title='bbox 638 578 723 617; x_wconf 89' lang='lat' dir='ltr'>tam</span> <span class='ocrx_word' id='word_1_82' title='bbox 753 577 979 628; x_wconf 86' lang='lat' dir='ltr'>placatum,</span> <span class='ocrx_word' id='word_1_83' title='bbox 1011 589 1136 626; x_wconf 88' lang='lat' dir='ltr'>quam</span> <span class='ocrx_word' id='word_1_84' title='bbox 1167 577 1254 616; x_wconf 88' lang='lat' dir='ltr'>tum</span> <span class='ocrx_word' id='word_1_85' title='bbox 1282 588 1397 616; x_wconf 88' lang='lat' dir='ltr'>meus</span> <span class='ocrx_word' id='word_1_86' title='bbox 1426 574 1558 614; x_wconf 84' lang='lat' dir='ltr'>frater</span> <span class='ocrx_word' id='word_1_87' title='bbox 1587 574 1681 613; x_wconf 88' lang='lat' dir='ltr'>erat</span> 
     </span>
     <span class='ocr_line' id='line_1_10' title="bbox 229 631 1681 683; baseline -0.005 -6"><span class='ocrx_word' id='word_1_88' title='bbox 229 638 274 677; x_wconf 93' lang='lat' dir='ltr'>in</span> <span class='ocrx_word' id='word_1_89' title='bbox 304 648 491 678; x_wconf 90' lang='lat' dir='ltr'>sororem</span> <span class='ocrx_word' id='word_1_90' title='bbox 521 637 660 683; x_wconf 81' lang='lat' dir='ltr'>tua1n;</span> <span class='ocrx_word' id='word_1_91' title='bbox 690 634 737 672; x_wconf 90' lang='lat' dir='ltr'>ut</span> <span class='ocrx_word' id='word_1_92' title='bbox 765 632 912 679; x_wconf 90' lang='lat' dir='ltr'>etiam,</span> <span class='ocrx_word' id='word_1_93' title='bbox 946 632 981 671; x_wconf 83' lang='lat' dir='ltr'>si</span> <span class='ocrx_word' id='word_1_94' title='bbox 1012 645 1094 683; x_wconf 86' lang='lat' dir='ltr'>qua</span> <span class='ocrx_word' id='word_1_95' title='bbox 1123 634 1263 672; x_wconf 86' lang='lat' dir='ltr'>fuerat</span> <span class='ocrx_word' id='word_1_96' title='bbox 1293 645 1345 672; x_wconf 82' lang='lat' dir='ltr'>ex</span> <span class='ocrx_word' id='word_1_97' title='bbox 1375 631 1542 671; x_wconf 90' lang='lat' dir='ltr'>ratione</span> <span class='ocrx_word' id='word_1_98' title='bbox 1572 642 1681 670; x_wconf 89' lang='lat' dir='ltr'>sum-</span> 
     </span>
     <span class='ocr_line' id='line_1_11' title="bbox 229 687 1680 747; baseline -0.006 -13"><span class='ocrx_word' id='word_1_99' title='bbox 229 695 328 747; x_wconf 76' lang='lat' dir='ltr'>ptus</span> <span class='ocrx_word' id='word_1_100' title='bbox 358 691 554 738; x_wconf 86' lang='lat' dir='ltr'>offensio,</span> <span class='ocrx_word' id='word_1_101' title='bbox 587 703 671 730; x_wconf 89' lang='lat' dir='ltr'>non</span> <span class='ocrx_word' id='word_1_102' title='bbox 698 690 937 742; x_wconf 86' lang='lat' dir='ltr'>appareret.</span> <span class='ocrx_word' id='word_1_103' title='bbox 1006 690 1086 729; x_wconf 92' lang='lat' dir='ltr'>Illo</span> <span class='ocrx_word' id='word_1_104' title='bbox 1126 690 1187 729; x_wconf 88' lang='lat' dir='ltr'>sic</span> <span class='ocrx_word' id='word_1_105' title='bbox 1226 689 1308 729; x_wconf 85' lang='lat' dir='ltr'>die.</span> <span class='ocrx_word' id='word_1_106' title='bbox 1376 687 1590 729; x_wconf 86' lang='lat' dir='ltr'>Postridie</span> <span class='ocrx_word' id='word_1_107' title='bbox 1628 698 1680 727; x_wconf 85' lang='lat' dir='ltr'>ex</span> 
     </span>
     <span class='ocr_line' id='line_1_12' title="bbox 229 743 1680 803; baseline -0.006 -12"><span class='ocrx_word' id='word_1_108' title='bbox 229 750 427 803; x_wconf 85' lang='lat' dir='ltr'>Arpinati</span> <span class='ocrx_word' id='word_1_109' title='bbox 464 747 645 801; x_wconf 83' lang='lat' dir='ltr'>profecti</span> <span class='ocrx_word' id='word_1_110' title='bbox 682 759 834 786; x_wconf 89' lang='lat' dir='ltr'>sumus.</span> <span class='ocrx_word' id='word_1_111' title='bbox 894 745 952 785; x_wconf 88' lang='lat' dir='ltr'>Ut</span> <span class='ocrx_word' id='word_1_112' title='bbox 980 744 1024 784; x_wconf 90' lang='lat' dir='ltr'>in</span> <span class='ocrx_word' id='word_1_113' title='bbox 1067 743 1230 786; x_wconf 88' lang='lat' dir='ltr'>Arcano</span> <span class='ocrx_word' id='word_1_114' title='bbox 1262 745 1441 792; x_wconf 81' lang='lat' dir='ltr'>Quintus</span> <span class='ocrx_word' id='word_1_115' title='bbox 1477 744 1680 790; x_wconf 87' lang='lat' dir='ltr'>maneret,</span> 
     </span>
     <span class='ocr_line' id='line_1_13' title="bbox 230 801 1681 857; baseline -0.006 -9"><span class='ocrx_word' id='word_1_116' title='bbox 230 808 321 848; x_wconf 86' lang='lat' dir='ltr'>dies</span> <span class='ocrx_word' id='word_1_117' title='bbox 339 806 463 847; x_wconf 86' lang='lat' dir='ltr'>fecit:</span> <span class='ocrx_word' id='word_1_118' title='bbox 497 817 571 857; x_wconf 83' lang='lat' dir='ltr'>ego</span> <span class='ocrx_word' id='word_1_119' title='bbox 590 803 764 855; x_wconf 84' lang='lat' dir='ltr'>Aquini,</span> <span class='ocrx_word' id='word_1_120' title='bbox 796 802 867 842; x_wconf 90' lang='lat' dir='ltr'>sed</span> <span class='ocrx_word' id='word_1_121' title='bbox 887 802 1130 854; x_wconf 86' lang='lat' dir='ltr'>prandimus</span> <span class='ocrx_word' id='word_1_122' title='bbox 1148 803 1192 842; x_wconf 90' lang='lat' dir='ltr'>in</span> <span class='ocrx_word' id='word_1_123' title='bbox 1211 803 1392 843; x_wconf 89' lang='lat' dir='ltr'>Arcano.</span> <span class='ocrx_word' id='word_1_124' title='bbox 1425 801 1547 843; x_wconf 87' lang='lat' dir='ltr'>Nosti</span> <span class='ocrx_word' id='word_1_125' title='bbox 1565 801 1681 840; x_wconf 85' lang='lat' dir='ltr'>hunc</span> 
     </span>
     <span class='ocr_line' id='line_1_14' title="bbox 227 859 1684 909; baseline -0.005 -5"><span class='ocrx_word' id='word_1_126' title='bbox 227 864 419 905; x_wconf 90' lang='lat' dir='ltr'>fundum.</span> <span class='ocrx_word' id='word_1_127' title='bbox 478 863 569 909; x_wconf 78' lang='lat' dir='ltr'>Quo</span> <span class='ocrx_word' id='word_1_128' title='bbox 598 863 644 901; x_wconf 90' lang='lat' dir='ltr'>ut</span> <span class='ocrx_word' id='word_1_129' title='bbox 671 859 883 906; x_wconf 82' lang='lat' dir='ltr'>venimus,</span> <span class='ocrx_word' id='word_1_130' title='bbox 912 859 1210 899; x_wconf 83' lang='lat' dir='ltr'>humanissime</span> <span class='ocrx_word' id='word_1_131' title='bbox 1241 859 1434 906; x_wconf 80' lang='lat' dir='ltr'>Quintus,</span> <span class='ocrx_word' id='word_1_132' title='bbox 1474 859 1684 909; x_wconf 81' lang='lat' dir='ltr'>„Pompo-</span> 
     </span>
     <span class='ocr_line' id='line_1_15' title="bbox 230 913 1682 972; baseline -0.006 -11"><span class='ocrx_word' id='word_1_133' title='bbox 230 922 315 969; x_wconf 87' lang='lat' dir='ltr'>nia,</span> <span class='ocrx_word' id='word_1_134' title='bbox 347 920 499 972; x_wconf 89' lang='lat' dir='ltr'>inquit,</span> <span class='ocrx_word' id='word_1_135' title='bbox 531 920 575 958; x_wconf 92' lang='lat' dir='ltr'>tu</span> <span class='ocrx_word' id='word_1_136' title='bbox 606 919 739 958; x_wconf 85' lang='lat' dir='ltr'>invita</span> <span class='ocrx_word' id='word_1_137' title='bbox 756 918 970 963; x_wconf 80' lang='lat' dir='ltr'>mulieres,</span> <span class='ocrx_word' id='word_1_138' title='bbox 1002 928 1078 968; x_wconf 82' lang='lat' dir='ltr'>ego</span> <span class='ocrx_word' id='word_1_139' title='bbox 1110 917 1305 957; x_wconf 85' lang='lat' dir='ltr'>accivero</span> <span class='ocrx_word' id='word_1_140' title='bbox 1334 917 1533 968; x_wconf 56' lang='grc' dir='ltr'>μυεῖ-θεέ(</span> <span class='ocrx_word' id='word_1_141' title='bbox 1563 913 1682 955; x_wconf 91' lang='lat' dir='ltr'>Nihil</span> 
     </span>
     <span class='ocr_line' id='line_1_16' title="bbox 230 972 1682 1031; baseline -0.005 -13"><span class='ocrx_word' id='word_1_142' title='bbox 230 978 392 1031; x_wconf 89' lang='lat' dir='ltr'>potuit,</span> <span class='ocrx_word' id='word_1_143' title='bbox 431 976 538 1016; x_wconf 90' lang='lat' dir='ltr'>mihi</span> <span class='ocrx_word' id='word_1_144' title='bbox 576 975 745 1026; x_wconf 87' lang='lat' dir='ltr'>quidem</span> <span class='ocrx_word' id='word_1_145' title='bbox 781 976 827 1013; x_wconf 87' lang='lat' dir='ltr'>ut</span> <span class='ocrx_word' id='word_1_146' title='bbox 865 973 1001 1013; x_wconf 87' lang='lat' dir='ltr'>visum</span> <span class='ocrx_word' id='word_1_147' title='bbox 1038 974 1123 1021; x_wconf 89' lang='lat' dir='ltr'>est,</span> <span class='ocrx_word' id='word_1_148' title='bbox 1164 973 1352 1021; x_wconf 89' lang='lat' dir='ltr'>dulcius,</span> <span class='ocrx_word' id='word_1_149' title='bbox 1393 972 1520 1023; x_wconf 91' lang='lat' dir='ltr'>idque</span> <span class='ocrx_word' id='word_1_150' title='bbox 1550 982 1682 1022; x_wconf 90' lang='lat' dir='ltr'>quum</span> 
     </span>
     <span class='ocr_line' id='line_1_17' title="bbox 230 1028 1682 1082; baseline -0.006 -7"><span class='ocrx_word' id='word_1_151' title='bbox 230 1034 397 1082; x_wconf 85' lang='lat' dir='ltr'>verbis,</span> <span class='ocrx_word' id='word_1_152' title='bbox 438 1035 528 1072; x_wconf 85' lang='lat' dir='ltr'>tum</span> <span class='ocrx_word' id='word_1_153' title='bbox 567 1033 694 1072; x_wconf 86' lang='lat' dir='ltr'>etiam</span> <span class='ocrx_word' id='word_1_154' title='bbox 732 1031 871 1071; x_wconf 87' lang='lat' dir='ltr'>animo</span> <span class='ocrx_word' id='word_1_155' title='bbox 911 1043 962 1070; x_wconf 87' lang='lat' dir='ltr'>ac</span> <span class='ocrx_word' id='word_1_156' title='bbox 994 1031 1128 1071; x_wconf 80' lang='lat' dir='ltr'>vultu.</span> <span class='ocrx_word' id='word_1_157' title='bbox 1187 1031 1243 1071; x_wconf 88' lang='lat' dir='ltr'>At</span> <span class='ocrx_word' id='word_1_158' title='bbox 1271 1031 1371 1077; x_wconf 84' lang='lat' dir='ltr'>illa,</span> <span class='ocrx_word' id='word_1_159' title='bbox 1413 1028 1682 1069; x_wconf 82' lang='lat' dir='ltr'>audientibus</span> 
     </span>
     <span class='ocr_line' id='line_1_18' title="bbox 231 1086 1681 1143; baseline -0.005 -12"><span class='ocrx_word' id='word_1_160' title='bbox 231 1090 377 1137; x_wconf 88' lang='lat' dir='ltr'>nobis,</span> <span class='ocrx_word' id='word_1_161' title='bbox 419 1090 539 1143; x_wconf 82' lang='lat' dir='ltr'>„Ego</span> <span class='ocrx_word' id='word_1_162' title='bbox 569 1102 684 1136; x_wconf 86' lang='lat' dir='ltr'>sum,</span> <span class='ocrx_word' id='word_1_163' title='bbox 717 1088 875 1139; x_wconf 87' lang='lat' dir='ltr'>inquit,</span> <span class='ocrx_word' id='word_1_164' title='bbox 907 1088 980 1127; x_wconf 87' lang='lat' dir='ltr'>hie</span> <span class='ocrx_word' id='word_1_165' title='bbox 1009 1087 1222 1138; x_wconf 88' lang='lat' dir='ltr'>hospita.“</span> <span class='ocrx_word' id='word_1_166' title='bbox 1289 1086 1337 1126; x_wconf 86' lang='lat' dir='ltr'>Id</span> <span class='ocrx_word' id='word_1_167' title='bbox 1368 1089 1506 1126; x_wconf 87' lang='lat' dir='ltr'>autem</span> <span class='ocrx_word' id='word_1_168' title='bbox 1537 1099 1588 1125; x_wconf 84' lang='lat' dir='ltr'>ex</span> <span class='ocrx_word' id='word_1_169' title='bbox 1617 1097 1681 1132; x_wconf 88' lang='lat' dir='ltr'>eo,</span> 
     </span>
     <span class='ocr_line' id='line_1_19' title="bbox 229 1141 1684 1199; baseline -0.005 -10"><span class='ocrx_word' id='word_1_170' title='bbox 229 1150 278 1189; x_wconf 88' lang='lat' dir='ltr'>ut</span> <span class='ocrx_word' id='word_1_171' title='bbox 307 1148 472 1199; x_wconf 79' lang='lat' dir='ltr'>opinor,</span> <span class='ocrx_word' id='word_1_172' title='bbox 504 1146 617 1197; x_wconf 85' lang='lat' dir='ltr'>quod</span> <span class='ocrx_word' id='word_1_173' title='bbox 646 1146 928 1186; x_wconf 85' lang='lat' dir='ltr'>antecesserat</span> <span class='ocrx_word' id='word_1_174' title='bbox 958 1144 1133 1192; x_wconf 81' lang='lat' dir='ltr'>Statius,</span> <span class='ocrx_word' id='word_1_175' title='bbox 1165 1145 1212 1183; x_wconf 90' lang='lat' dir='ltr'>ut</span> <span class='ocrx_word' id='word_1_176' title='bbox 1240 1143 1465 1196; x_wconf 85' lang='lat' dir='ltr'>prandium</span> <span class='ocrx_word' id='word_1_177' title='bbox 1485 1142 1607 1182; x_wconf 91' lang='lat' dir='ltr'>nobis</span> <span class='ocrx_word' id='word_1_178' title='bbox 1624 1141 1684 1183; x_wconf 92' lang='lat' dir='ltr'>vi-</span> 
     </span>
    </p>
   </div>
   <div class='ocr_carea' id='block_1_3' title="bbox 488 1241 1129 1247">
    <p class='ocr_par' dir='ltr' id='par_1_3' title="bbox 488 1241 1129 1247">
     <span class='ocr_line' id='line_1_20' title="bbox 488 1241 1129 1247; baseline 0 0"><span class='ocrx_word' id='word_1_179' title='bbox 488 1241 1129 1247; x_wconf 95' lang='lat' dir='ltr'> </span> 
     </span>
    </p>
   </div>
   <div class='ocr_carea' id='block_1_4' title="bbox 226 1288 1686 2761">
    <p class='ocr_par' dir='ltr' id='par_1_4' title="bbox 226 1288 1686 1603">
     <span class='ocr_line' id='line_1_21' title="bbox 229 1288 1681 1333; baseline -0.005 -7"><span class='ocrx_word' id='word_1_180' title='bbox 229 1293 322 1326; x_wconf 86' lang='lat' dir='ltr'>chen</span> <span class='ocrx_word' id='word_1_181' title='bbox 348 1292 448 1333; x_wconf 76' lang='lat' dir='ltr'>hast,</span> <span class='ocrx_word' id='word_1_182' title='bbox 474 1290 536 1324; x_wconf 89' lang='lat' dir='ltr'>die</span> <span class='ocrx_word' id='word_1_183' title='bbox 561 1289 631 1323; x_wconf 90' lang='lat' dir='ltr'>mir</span> <span class='ocrx_word' id='word_1_184' title='bbox 657 1290 771 1323; x_wconf 51' lang='lat' dir='ltr'>Cesar</span> <span class='ocrx_word' id='word_1_185' title='bbox 796 1289 982 1332; x_wconf 80' lang='lat' dir='ltr'>geliehen.</span> <span class='ocrx_word' id='word_1_186' title='bbox 1022 1288 1060 1323; x_wconf 90' lang='lat' dir='ltr'>S.</span> <span class='ocrx_word' id='word_1_187' title='bbox 1080 1300 1138 1333; x_wconf 87' lang='lat' dir='ltr'>ep.</span> <span class='ocrx_word' id='word_1_188' title='bbox 1156 1289 1408 1329; x_wconf 86' lang='lat' dir='ltr'>CLXXXIX,</span> <span class='ocrx_word' id='word_1_189' title='bbox 1421 1288 1454 1320; x_wconf 82' lang='lat'>2.</span> <span class='ocrx_word' id='word_1_190' title='bbox 1481 1305 1526 1311; x_wconf 88' lang='lat'>-—</span> <span class='ocrx_word' id='word_1_191' title='bbox 1551 1298 1681 1329; x_wconf 79' lang='lat' dir='ltr'>quae..</span> 
     </span>
     <span class='ocr_line' id='line_1_22' title="bbox 227 1333 1685 1379; baseline -0.005 -7"><span class='ocrx_word' id='word_1_192' title='bbox 227 1338 324 1372; x_wconf 78' lang='lat' dir='ltr'>solvi</span> <span class='ocrx_word' id='word_1_193' title='bbox 347 1338 429 1370; x_wconf 84' lang='lat' dir='ltr'>volo</span> <span class='ocrx_word' id='word_1_194' title='bbox 455 1342 546 1379; x_wconf 89' lang='lat' dir='ltr'>cet.‚</span> <span class='ocrx_word' id='word_1_195' title='bbox 582 1335 643 1368; x_wconf 92' lang='lat' dir='ltr'>die</span> <span class='ocrx_word' id='word_1_196' title='bbox 674 1335 734 1368; x_wconf 86' lang='lat' dir='ltr'>ich</span> <span class='ocrx_word' id='word_1_197' title='bbox 768 1335 889 1368; x_wconf 86' lang='lat' dir='ltr'>lieber</span> <span class='ocrx_word' id='word_1_198' title='bbox 914 1336 1010 1368; x_wconf 89' lang='lat' dir='ltr'>ohne</span> <span class='ocrx_word' id='word_1_199' title='bbox 1035 1336 1244 1375; x_wconf 83' lang='lat' dir='ltr'>Aut&#39;schub,</span> <span class='ocrx_word' id='word_1_200' title='bbox 1277 1344 1385 1367; x_wconf 86' lang='lat' dir='ltr'>wenn</span> <span class='ocrx_word' id='word_1_201' title='bbox 1411 1333 1471 1366; x_wconf 90' lang='lat' dir='ltr'>ich</span> <span class='ocrx_word' id='word_1_202' title='bbox 1497 1333 1561 1365; x_wconf 89' lang='lat' dir='ltr'>das</span> <span class='ocrx_word' id='word_1_203' title='bbox 1587 1333 1685 1366; x_wconf 88' lang='lat' dir='ltr'>Geld</span> 
     </span>
     <span class='ocr_line' id='line_1_23' title="bbox 229 1378 1685 1425; baseline -0.005 -7"><span class='ocrx_word' id='word_1_204' title='bbox 229 1385 323 1418; x_wconf 86' lang='lat' dir='ltr'>dazu</span> <span class='ocrx_word' id='word_1_205' title='bbox 355 1383 447 1417; x_wconf 89' lang='lat' dir='ltr'>auch</span> <span class='ocrx_word' id='word_1_206' title='bbox 482 1383 626 1425; x_wconf 81' lang='lat' dir='ltr'>borgen</span> <span class='ocrx_word' id='word_1_207' title='bbox 660 1381 813 1422; x_wconf 68' lang='lat' dir='ltr'>nfflsste,</span> <span class='ocrx_word' id='word_1_208' title='bbox 848 1381 1140 1424; x_wconf 79' lang='lat' dir='ltr'>zuriickgezahlt</span> <span class='ocrx_word' id='word_1_209' title='bbox 1165 1379 1301 1412; x_wconf 79' lang='lat' dir='ltr'>wissen</span> <span class='ocrx_word' id='word_1_210' title='bbox 1328 1378 1428 1421; x_wconf 71' lang='lat' dir='ltr'>will,</span> <span class='ocrx_word' id='word_1_211' title='bbox 1465 1378 1577 1411; x_wconf 82' lang='lat' dir='ltr'>damit</span> <span class='ocrx_word' id='word_1_212' title='bbox 1602 1390 1685 1412; x_wconf 85' lang='lat' dir='ltr'>man</span> 
     </span>
     <span class='ocr_line' id='line_1_24' title="bbox 228 1424 1684 1468; baseline -0.005 -4"><span class='ocrx_word' id='word_1_213' title='bbox 228 1431 266 1464; x_wconf 88' lang='lat' dir='ltr'>ia</span> <span class='ocrx_word' id='word_1_214' title='bbox 295 1429 397 1463; x_wconf 88' lang='lat' dir='ltr'>nicht</span> <span class='ocrx_word' id='word_1_215' title='bbox 425 1428 558 1462; x_wconf 86' lang='lat' dir='ltr'>darauf</span> <span class='ocrx_word' id='word_1_216' title='bbox 584 1433 722 1468; x_wconf 80' lang='lat' dir='ltr'>warte,</span> <span class='ocrx_word' id='word_1_217' title='bbox 757 1427 840 1460; x_wconf 79' lang='lat' dir='ltr'>dass</span> <span class='ocrx_word' id='word_1_218' title='bbox 864 1427 990 1468; x_wconf 86' lang='lat' dir='ltr'>Alles,</span> <span class='ocrx_word' id='word_1_219' title='bbox 1017 1436 1094 1459; x_wconf 81' lang='lat' dir='ltr'>was</span> <span class='ocrx_word' id='word_1_220' title='bbox 1118 1425 1269 1458; x_wconf 89' lang='lat' dir='ltr'>Andere</span> <span class='ocrx_word' id='word_1_221' title='bbox 1294 1424 1365 1457; x_wconf 89' lang='lat' dir='ltr'>mir</span> <span class='ocrx_word' id='word_1_222' title='bbox 1389 1425 1562 1468; x_wconf 82' lang='lat' dir='ltr'>schuldig</span> <span class='ocrx_word' id='word_1_223' title='bbox 1587 1424 1684 1468; x_wconf 85' lang='lat' dir='ltr'>sind,</span> 
     </span>
     <span class='ocr_line' id='line_1_25' title="bbox 229 1471 1686 1519; baseline -0.003 -9"><span class='ocrx_word' id='word_1_224' title='bbox 229 1477 326 1510; x_wconf 88' lang='lat' dir='ltr'>dazu</span> <span class='ocrx_word' id='word_1_225' title='bbox 359 1474 615 1519; x_wconf 76' lang='lat' dir='ltr'>eingefordert</span> <span class='ocrx_word' id='word_1_226' title='bbox 644 1472 717 1506; x_wconf 90' lang='lat' dir='ltr'>und</span> <span class='ocrx_word' id='word_1_227' title='bbox 752 1472 1011 1514; x_wconf 76' lang='lat' dir='ltr'>eingetrieben</span> <span class='ocrx_word' id='word_1_228' title='bbox 1044 1471 1191 1514; x_wconf 81' lang='lat' dir='ltr'>werde,</span> <span class='ocrx_word' id='word_1_229' title='bbox 1225 1471 1313 1504; x_wconf 86' lang='lat' dir='ltr'>weil</span> <span class='ocrx_word' id='word_1_230' title='bbox 1339 1471 1437 1505; x_wconf 78' lang='lat' dir='ltr'>diess</span> <span class='ocrx_word' id='word_1_231' title='bbox 1463 1471 1523 1504; x_wconf 89' lang='lat' dir='ltr'>ein</span> <span class='ocrx_word' id='word_1_232' title='bbox 1546 1482 1613 1514; x_wconf 81' lang='lat' dir='ltr'>gar</span> <span class='ocrx_word' id='word_1_233' title='bbox 1639 1481 1686 1505; x_wconf 85' lang='lat' dir='ltr'>zu</span> 
     </span>
     <span class='ocr_line' id='line_1_26' title="bbox 226 1516 1682 1566; baseline -0.003 -10"><span class='ocrx_word' id='word_1_234' title='bbox 226 1521 500 1566; x_wconf 80' lang='lat' dir='ltr'>langwieriger</span> <span class='ocrx_word' id='word_1_235' title='bbox 524 1518 669 1553; x_wconf 83' lang='lat' dir='ltr'>Handcl</span> <span class='ocrx_word' id='word_1_236' title='bbox 695 1518 754 1552; x_wconf 81' lang='lat' dir='ltr'>ist.</span> <span class='ocrx_word' id='word_1_237' title='bbox 802 1519 901 1560; x_wconf 79' lang='lat' dir='ltr'>facta</span> <span class='ocrx_word' id='word_1_238' title='bbox 921 1518 1012 1550; x_wconf 72' lang='grc' dir='ltr'><strong>ΕΓΗ.</strong></span> <span class='ocrx_word' id='word_1_239' title='bbox 1041 1516 1143 1551; x_wconf 85' lang='lat' dir='ltr'>uncis</span> <span class='ocrx_word' id='word_1_240' title='bbox 1169 1518 1300 1551; x_wconf 80' lang='lat' dir='ltr'>inclus.</span> <span class='ocrx_word' id='word_1_241' title='bbox 1327 1517 1414 1553; x_wconf 84' lang='lat' dir='ltr'>Sch.</span> <span class='ocrx_word' id='word_1_242' title='bbox 1440 1517 1534 1552; x_wconf 80' lang='lat' dir='ltr'>Liin.</span> <span class='ocrx_word' id='word_1_243' title='bbox 1562 1517 1682 1552; x_wconf 79' lang='lat' dir='ltr'>delev.</span> 
     </span>
     <span class='ocr_line' id='line_1_27' title="bbox 230 1568 395 1603; baseline -0.018 0"><span class='ocrx_word' id='word_1_244' title='bbox 230 1568 395 1603; x_wconf 79' lang='lat' dir='ltr'>Orelli.</span> 
     </span>
    </p>

    <p class='ocr_par' dir='ltr' id='par_1_5' title="bbox 228 1608 1684 2761">
     <span class='ocr_line' id='line_1_28' title="bbox 321 1608 1680 1653; baseline -0.004 -4"><span class='ocrx_word' id='word_1_245' title='bbox 321 1616 354 1649; x_wconf 83' lang='lat'>3.</span> <span class='ocrx_word' id='word_1_246' title='bbox 389 1618 657 1651; x_wconf 79' lang='lat' dir='ltr'>trcmsversum,</span> <span class='ocrx_word' id='word_1_247' title='bbox 697 1610 762 1643; x_wconf 85' lang='lat' dir='ltr'>aus</span> <span class='ocrx_word' id='word_1_248' title='bbox 790 1608 851 1643; x_wconf 84' lang='lat' dir='ltr'>die</span> <span class='ocrx_word' id='word_1_249' title='bbox 881 1608 1224 1653; x_wconf 81' lang='lat' dir='ltr'>Randbemerkung</span> <span class='ocrx_word' id='word_1_250' title='bbox 1259 1608 1294 1643; x_wconf 89' lang='lat' dir='ltr'>in</span> <span class='ocrx_word' id='word_1_251' title='bbox 1338 1608 1497 1643; x_wconf 88' lang='lat' dir='ltr'>Deinem</span> <span class='ocrx_word' id='word_1_252' title='bbox 1539 1608 1680 1643; x_wconf 88' lang='lat' dir='ltr'>Briefe.</span> 
     </span>
     <span class='ocr_line' id='line_1_29' title="bbox 231 1655 1682 1705; baseline -0.004 -11"><span class='ocrx_word' id='word_1_253' title='bbox 231 1659 403 1705; x_wconf 83' lang='lat' dir='ltr'>Scriptus</span> <span class='ocrx_word' id='word_1_254' title='bbox 423 1660 543 1692; x_wconf 77' lang='lat' dir='ltr'>fuerat</span> <span class='ocrx_word' id='word_1_255' title='bbox 560 1658 597 1691; x_wconf 88' lang='lat' dir='ltr'>in</span> <span class='ocrx_word' id='word_1_256' title='bbox 614 1656 780 1700; x_wconf 81' lang='lat' dir='ltr'>margine</span> <span class='ocrx_word' id='word_1_257' title='bbox 798 1656 980 1700; x_wconf 84' lang='lat' dir='ltr'>epistolae</span> <span class='ocrx_word' id='word_1_258' title='bbox 999 1657 1159 1700; x_wconf 86' lang='lat' dir='ltr'>ideoque</span> <span class='ocrx_word' id='word_1_259' title='bbox 1177 1663 1399 1690; x_wconf 67' lang='lat' dir='ltr'>transverse.</span> <span class='ocrx_word' id='word_1_260' title='bbox 1425 1655 1621 1689; x_wconf 75' lang='lat' dir='ltr'>Ernesti.</span> <span class='ocrx_word' id='word_1_261' title='bbox 1637 1674 1682 1680; x_wconf 90' lang='lat'>——</span> 
     </span>
     <span class='ocr_line' id='line_1_30' title="bbox 230 1702 1683 1746; baseline -0.003 -6"><span class='ocrx_word' id='word_1_262' title='bbox 230 1708 275 1740; x_wconf 86' lang='lat' dir='ltr'>de</span> <span class='ocrx_word' id='word_1_263' title='bbox 298 1717 426 1739; x_wconf 80' lang='lat' dir='ltr'>sorore</span> <span class='ocrx_word' id='word_1_264' title='bbox 457 1711 521 1738; x_wconf 83' lang='lat' dir='ltr'>tua</span> <span class='ocrx_word' id='word_1_265' title='bbox 543 1703 770 1746; x_wconf 87' lang='lat' dir='ltr'>Pomponia,</span> <span class='ocrx_word' id='word_1_266' title='bbox 799 1704 842 1737; x_wconf 81' lang='lat' dir='ltr'>Q.</span> <span class='ocrx_word' id='word_1_267' title='bbox 870 1703 1063 1737; x_wconf 82' lang='lat' dir='ltr'>Ciceronis</span> <span class='ocrx_word' id='word_1_268' title='bbox 1089 1714 1220 1736; x_wconf 79' lang='lat' dir='ltr'>uxore.</span> <span class='ocrx_word' id='word_1_269' title='bbox 1247 1722 1291 1726; x_wconf 91' lang='lat'>—</span> <span class='ocrx_word' id='word_1_270' title='bbox 1324 1703 1363 1735; x_wconf 79' lang='lat' dir='ltr'>z&#39;n</span> <span class='ocrx_word' id='word_1_271' title='bbox 1386 1702 1550 1746; x_wconf 69' lang='lat' dir='ltr'>Arpinas</span> <span class='ocrx_word' id='word_1_272' title='bbox 1573 1713 1683 1746; x_wconf 85' lang='lat' dir='ltr'>prae-</span> 
     </span>
     <span class='ocr_line' id='line_1_31' title="bbox 231 1749 1678 1795; baseline -0.003 -9"><span class='ocrx_word' id='word_1_273' title='bbox 231 1752 357 1795; x_wconf 86' lang='lat' dir='ltr'>dium,</span> <span class='ocrx_word' id='word_1_274' title='bbox 382 1751 456 1785; x_wconf 80' lang='lat' dir='ltr'>wie</span> <span class='ocrx_word' id='word_1_275' title='bbox 482 1761 540 1794; x_wconf 90' lang='lat' dir='ltr'>ep.</span> <span class='ocrx_word' id='word_1_276' title='bbox 570 1749 621 1792; x_wconf 87' lang='lat'>11,</span> <span class='ocrx_word' id='word_1_277' title='bbox 646 1750 678 1782; x_wconf 87' lang='lat'>2.</span> <span class='ocrx_word' id='word_1_278' title='bbox 706 1750 745 1781; x_wconf 79' lang='lat' dir='ltr'>in</span> <span class='ocrx_word' id='word_1_279' title='bbox 770 1750 1015 1792; x_wconf 61' lang='lat' dir='ltr'>Awptnatt&#39;bas</span> <span class='ocrx_word' id='word_1_280' title='bbox 1040 1749 1218 1793; x_wconf 70' lang='lat' dir='ltr'>praediis.</span> <span class='ocrx_word' id='word_1_281' title='bbox 1263 1749 1360 1782; x_wconf 80' lang='lat' dir='ltr'>lens.</span> <span class='ocrx_word' id='word_1_282' title='bbox 1387 1749 1471 1782; x_wconf 85' lang='lat' dir='ltr'>Asc.</span> <span class='ocrx_word' id='word_1_283' title='bbox 1509 1751 1539 1782; x_wconf 91' lang='lat'>1.</span> <span class='ocrx_word' id='word_1_284' title='bbox 1578 1749 1678 1781; x_wconf 82' lang='lat' dir='ltr'>Crat.</span> 
     </span>
     <span class='ocr_line' id='line_1_32' title="bbox 231 1795 1679 1840; baseline -0.003 -8"><span class='ocrx_word' id='word_1_285' title='bbox 231 1799 323 1833; x_wconf 89' lang='lat' dir='ltr'>Ern.</span> <span class='ocrx_word' id='word_1_286' title='bbox 349 1798 387 1831; x_wconf 80' lang='lat' dir='ltr'>in</span> <span class='ocrx_word' id='word_1_287' title='bbox 400 1797 583 1840; x_wconf 82' lang='lat' dir='ltr'>Arpinum</span> <span class='ocrx_word' id='word_1_288' title='bbox 616 1795 774 1828; x_wconf 72' lang='lat' dir='ltr'>Orelli.</span> <span class='ocrx_word' id='word_1_289' title='bbox 802 1814 846 1819; x_wconf 86' lang='lat'>-—</span> <span class='ocrx_word' id='word_1_290' title='bbox 870 1796 971 1838; x_wconf 79' lang='lat' dir='ltr'>isque</span> <span class='ocrx_word' id='word_1_291' title='bbox 995 1807 1041 1830; x_wconf 86' lang='lat'><strong><em>=</em></strong></span> <span class='ocrx_word' id='word_1_292' title='bbox 1066 1795 1138 1829; x_wconf 91' lang='lat' dir='ltr'>und</span> <span class='ocrx_word' id='word_1_293' title='bbox 1163 1806 1274 1829; x_wconf 87' lang='lat' dir='ltr'>zwar.</span> <span class='ocrx_word' id='word_1_294' title='bbox 1303 1795 1340 1829; x_wconf 88' lang='lat' dir='ltr'>S.</span> <span class='ocrx_word' id='word_1_295' title='bbox 1369 1795 1516 1828; x_wconf 85' lang='lat' dir='ltr'>Ramsh.</span> <span class='ocrx_word' id='word_1_296' title='bbox 1545 1795 1572 1836; x_wconf 61' lang='grc' dir='ltr'>ἕ.</span> <span class='ocrx_word' id='word_1_297' title='bbox 1601 1795 1679 1837; x_wconf 81' lang='grc'><strong>158,</strong></span> 
     </span>
     <span class='ocr_line' id='line_1_33' title="bbox 228 1841 1684 1888; baseline -0.004 -9"><span class='ocrx_word' id='word_1_298' title='bbox 228 1845 266 1888; x_wconf 86' lang='grc'>2,</span> <span class='ocrx_word' id='word_1_299' title='bbox 293 1845 328 1877; x_wconf 88' lang='lat' dir='ltr'>h.</span> <span class='ocrx_word' id='word_1_300' title='bbox 355 1862 398 1868; x_wconf 93' lang='lat'>-—</span> <span class='ocrx_word' id='word_1_301' title='bbox 419 1853 462 1876; x_wconf 72' lang='lat' dir='ltr'>ex</span> <span class='ocrx_word' id='word_1_302' title='bbox 479 1852 546 1886; x_wconf 81' lang='lat' dir='ltr'>quo</span> <span class='ocrx_word' id='word_1_303' title='bbox 571 1841 654 1874; x_wconf 76' lang='lat' dir='ltr'>veni</span> <span class='ocrx_word' id='word_1_304' title='bbox 677 1842 725 1874; x_wconf 77' lang='lat' dir='ltr'>ad</span> <span class='ocrx_word' id='word_1_305' title='bbox 750 1851 803 1883; x_wconf 79' lang='lat' dir='ltr'>ea,</span> <span class='ocrx_word' id='word_1_306' title='bbox 830 1841 930 1874; x_wconf 82' lang='lat' dir='ltr'>diess</span> <span class='ocrx_word' id='word_1_307' title='bbox 956 1842 1112 1875; x_wconf 87' lang='lat' dir='ltr'>brachte</span> <span class='ocrx_word' id='word_1_308' title='bbox 1129 1842 1224 1874; x_wconf 84' lang='lat' dir='ltr'>mich</span> <span class='ocrx_word' id='word_1_309' title='bbox 1243 1842 1405 1874; x_wconf 70' lang='lat' dir='ltr'>aumas.</span> <span class='ocrx_word' id='word_1_310' title='bbox 1431 1860 1474 1864; x_wconf 97' lang='lat'><strong>—</strong></span> <span class='ocrx_word' id='word_1_311' title='bbox 1498 1842 1684 1883; x_wconf 76' lang='lat' dir='ltr'>fueramus</span> 
     </span>
     <span class='ocr_line' id='line_1_34' title="bbox 231 1886 1682 1933; baseline -0.003 -9"><span class='ocrx_word' id='word_1_312' title='bbox 231 1901 302 1933; x_wconf 81' lang='lat' dir='ltr'>ego</span> <span class='ocrx_word' id='word_1_313' title='bbox 326 1893 359 1922; x_wconf 83' lang='lat' dir='ltr'>et</span> <span class='ocrx_word' id='word_1_314' title='bbox 385 1893 466 1922; x_wconf 88' lang='lat' dir='ltr'>tu..</span> <span class='ocrx_word' id='word_1_315' title='bbox 489 1887 614 1921; x_wconf 79' lang='lat' dir='ltr'>locuti.</span> <span class='ocrx_word' id='word_1_316' title='bbox 641 1886 679 1921; x_wconf 88' lang='lat' dir='ltr'>S.</span> <span class='ocrx_word' id='word_1_317' title='bbox 706 1887 856 1921; x_wconf 85' lang='lat' dir='ltr'>Ramsh.</span> <span class='ocrx_word' id='word_1_318' title='bbox 882 1888 910 1930; x_wconf 60' lang='grc' dir='ltr'>ἕ.</span> <span class='ocrx_word' id='word_1_319' title='bbox 937 1889 997 1930; x_wconf 88' lang='grc'>96,</span> <span class='ocrx_word' id='word_1_320' title='bbox 1023 1890 1057 1922; x_wconf 87' lang='grc'>3.</span> <span class='ocrx_word' id='word_1_321' title='bbox 1108 1887 1252 1922; x_wconf 88' lang='lat' dir='ltr'>Grotef.</span> <span class='ocrx_word' id='word_1_322' title='bbox 1280 1888 1308 1930; x_wconf 65' lang='grc' dir='ltr'>ἕ.</span> <span class='ocrx_word' id='word_1_323' title='bbox 1336 1888 1421 1929; x_wconf 79' lang='lat'>194,</span> <span class='ocrx_word' id='word_1_324' title='bbox 1448 1888 1479 1920; x_wconf 93' lang='lat' dir='ltr'>l.</span> <span class='ocrx_word' id='word_1_325' title='bbox 1506 1906 1548 1911; x_wconf 92' lang='lat'>—</span> <span class='ocrx_word' id='word_1_326' title='bbox 1574 1886 1682 1920; x_wconf 72' lang='lat' dir='ltr'><em>Nihil</em></span> 
     </span>
     <span class='ocr_line' id='line_1_35' title="bbox 233 1933 1679 1977; baseline -0.003 -7"><span class='ocrx_word' id='word_1_327' title='bbox 233 1947 279 1970; x_wconf 88' lang='lat'>=</span> <span class='ocrx_word' id='word_1_328' title='bbox 302 1935 495 1969; x_wconf 87' lang='lat' dir='ltr'>neminem.</span> <span class='ocrx_word' id='word_1_329' title='bbox 523 1934 561 1968; x_wconf 84' lang='lat' dir='ltr'>S.</span> <span class='ocrx_word' id='word_1_330' title='bbox 589 1934 737 1967; x_wconf 85' lang='lat' dir='ltr'>Ramsh.</span> <span class='ocrx_word' id='word_1_331' title='bbox 767 1934 795 1975; x_wconf 86' lang='lat'>§.</span> <span class='ocrx_word' id='word_1_332' title='bbox 812 1934 891 1976; x_wconf 83' lang='lat'>203,</span> <span class='ocrx_word' id='word_1_333' title='bbox 910 1936 942 1976; x_wconf 84' lang='lat'>1,</span> <span class='ocrx_word' id='word_1_334' title='bbox 961 1945 994 1975; x_wconf 90' lang='lat' dir='ltr'>a,</span> <span class='ocrx_word' id='word_1_335' title='bbox 1020 1935 1053 1968; x_wconf 89' lang='lat'>5.</span> <span class='ocrx_word' id='word_1_336' title='bbox 1081 1953 1125 1959; x_wconf 93' lang='lat'>-—</span> <span class='ocrx_word' id='word_1_337' title='bbox 1151 1945 1193 1967; x_wconf 71' lang='lat' dir='ltr'>ex</span> <span class='ocrx_word' id='word_1_338' title='bbox 1218 1934 1361 1967; x_wconf 77' lang='lat' dir='ltr'>ratione</span> <span class='ocrx_word' id='word_1_339' title='bbox 1385 1933 1545 1977; x_wconf 66' lang='lat' dir='ltr'>sumptus</span> <span class='ocrx_word' id='word_1_340' title='bbox 1569 1935 1679 1975; x_wconf 80' lang='lat' dir='ltr'>offen-</span> 
     </span>
     <span class='ocr_line' id='line_1_36' title="bbox 231 1979 1678 2024; baseline -0.001 -10"><span class='ocrx_word' id='word_1_341' title='bbox 231 1981 307 2024; x_wconf 80' lang='lat' dir='ltr'>sio,</span> <span class='ocrx_word' id='word_1_342' title='bbox 343 1981 403 2014; x_wconf 90' lang='lat' dir='ltr'>ein</span> <span class='ocrx_word' id='word_1_343' title='bbox 437 1990 502 2014; x_wconf 86' lang='lat' dir='ltr'>aus</span> <span class='ocrx_word' id='word_1_344' title='bbox 531 1979 780 2022; x_wconf 83' lang='lat' dir='ltr'>Berechnung</span> <span class='ocrx_word' id='word_1_345' title='bbox 819 1980 885 2012; x_wconf 85' lang='lat' dir='ltr'>des</span> <span class='ocrx_word' id='word_1_346' title='bbox 918 1980 1143 2014; x_wconf 80' lang='lat' dir='ltr'>Aufwandes</span> <span class='ocrx_word' id='word_1_347' title='bbox 1185 1980 1445 2013; x_wconf 84' lang='lat' dir='ltr'>entstandener</span> <span class='ocrx_word' id='word_1_348' title='bbox 1477 1979 1678 2015; x_wconf 83' lang='lat' dir='ltr'>Verdruss.</span> 
     </span>
     <span class='ocr_line' id='line_1_37' title="bbox 233 2025 1682 2071; baseline -0.001 -11"><span class='ocrx_word' id='word_1_349' title='bbox 233 2028 323 2071; x_wconf 82' lang='lat' dir='ltr'>Vgl.</span> <span class='ocrx_word' id='word_1_350' title='bbox 358 2028 481 2061; x_wconf 86' lang='lat' dir='ltr'>Plaut.</span> <span class='ocrx_word' id='word_1_351' title='bbox 509 2026 619 2059; x_wconf 80' lang='lat' dir='ltr'>Most.</span> <span class='ocrx_word' id='word_1_352' title='bbox 649 2027 691 2067; x_wconf 93' lang='lat' dir='ltr'>l,</span> <span class='ocrx_word' id='word_1_353' title='bbox 721 2027 763 2067; x_wconf 83' lang='lat'>3,</span> <span class='ocrx_word' id='word_1_354' title='bbox 799 2027 877 2061; x_wconf 75' lang='lat'>146.</span> <span class='ocrx_word' id='word_1_355' title='bbox 905 2026 1044 2066; x_wconf 77' lang='lat' dir='ltr'>„Ratio</span> <span class='ocrx_word' id='word_1_356' title='bbox 1074 2027 1219 2071; x_wconf 88' lang='lat' dir='ltr'>accepti</span> <span class='ocrx_word' id='word_1_357' title='bbox 1244 2033 1280 2060; x_wconf 89' lang='lat' dir='ltr'>et</span> <span class='ocrx_word' id='word_1_358' title='bbox 1305 2025 1460 2070; x_wconf 84' lang='lat' dir='ltr'>expensi</span> <span class='ocrx_word' id='word_1_359' title='bbox 1492 2025 1589 2059; x_wconf 88' lang='lat' dir='ltr'>inter</span> <span class='ocrx_word' id='word_1_360' title='bbox 1614 2036 1682 2059; x_wconf 87' lang='lat' dir='ltr'>nos</span> 
     </span>
     <span class='ocr_line' id='line_1_38' title="bbox 232 2071 1681 2116; baseline -0.002 -9"><span class='ocrx_word' id='word_1_361' title='bbox 232 2073 449 2107; x_wconf 82' lang='lat' dir='ltr'>convenit.“</span> <span class='ocrx_word' id='word_1_362' title='bbox 497 2071 560 2106; x_wconf 89' lang='lat' dir='ltr'>Sic</span> <span class='ocrx_word' id='word_1_363' title='bbox 594 2071 700 2105; x_wconf 90' lang='lat' dir='ltr'>Rom.</span> <span class='ocrx_word' id='word_1_364' title='bbox 737 2071 836 2105; x_wconf 89' lang='lat' dir='ltr'>Crat.</span> <span class='ocrx_word' id='word_1_365' title='bbox 868 2077 1009 2116; x_wconf 79' lang='lat' dir='ltr'>sumpta</span> <span class='ocrx_word' id='word_1_366' title='bbox 1046 2074 1143 2107; x_wconf 87' lang='lat' dir='ltr'>Cett.</span> <span class='ocrx_word' id='word_1_367' title='bbox 1179 2084 1260 2106; x_wconf 91' lang='lat' dir='ltr'>cum</span> <span class='ocrx_word' id='word_1_368' title='bbox 1292 2073 1391 2115; x_wconf 37' lang='lat' dir='ltr'>Md,</span> <span class='ocrx_word' id='word_1_369' title='bbox 1425 2072 1489 2106; x_wconf 79' lang='lat' dir='ltr'>sed</span> <span class='ocrx_word' id='word_1_370' title='bbox 1519 2073 1573 2106; x_wconf 88' lang='lat' dir='ltr'>sic</span> <span class='ocrx_word' id='word_1_371' title='bbox 1607 2082 1681 2105; x_wconf 88' lang='lat' dir='ltr'>non</span> 
     </span>
     <span class='ocr_line' id='line_1_39' title="bbox 232 2117 1680 2162; baseline -0.002 -8"><span class='ocrx_word' id='word_1_372' title='bbox 232 2119 324 2154; x_wconf 80' lang='lat' dir='ltr'>satis</span> <span class='ocrx_word' id='word_1_373' title='bbox 350 2117 541 2161; x_wconf 87' lang='lat' dir='ltr'>definitur,</span> <span class='ocrx_word' id='word_1_374' title='bbox 567 2117 753 2151; x_wconf 78' lang='lat' dir='ltr'>cuiusnam</span> <span class='ocrx_word' id='word_1_375' title='bbox 779 2117 835 2151; x_wconf 91' lang='lat' dir='ltr'>rei</span> <span class='ocrx_word' id='word_1_376' title='bbox 860 2118 956 2151; x_wconf 89' lang='lat' dir='ltr'>ratio</span> <span class='ocrx_word' id='word_1_377' title='bbox 981 2119 1112 2161; x_wconf 73' lang='lat' dir='ltr'>fuerit,</span> <span class='ocrx_word' id='word_1_378' title='bbox 1147 2129 1269 2162; x_wconf 87' lang='lat' dir='ltr'>neque</span> <span class='ocrx_word' id='word_1_379' title='bbox 1294 2130 1337 2152; x_wconf 66' lang='lat' dir='ltr'>ex</span> <span class='ocrx_word' id='word_1_380' title='bbox 1369 2120 1511 2152; x_wconf 73' lang='lat' dir='ltr'>ratione</span> <span class='ocrx_word' id='word_1_381' title='bbox 1535 2118 1680 2162; x_wconf 81' lang='lat' dir='ltr'>signifi-</span> 
     </span>
     <span class='ocr_line' id='line_1_40' title="bbox 231 2165 1682 2209; baseline -0.001 -10"><span class='ocrx_word' id='word_1_382' title='bbox 231 2176 320 2199; x_wconf 85' lang='lat' dir='ltr'>care</span> <span class='ocrx_word' id='word_1_383' title='bbox 345 2169 469 2209; x_wconf 86' lang='lat' dir='ltr'>potest</span> <span class='ocrx_word' id='word_1_384' title='bbox 493 2167 673 2208; x_wconf 79' lang='lat' dir='ltr'>„propter</span> <span class='ocrx_word' id='word_1_385' title='bbox 697 2174 836 2206; x_wconf 75' lang='lat' dir='ltr'>veram,</span> <span class='ocrx_word' id='word_1_386' title='bbox 871 2165 1105 2207; x_wconf 80' lang='lat' dir='ltr'>sufficientem</span> <span class='ocrx_word' id='word_1_387' title='bbox 1129 2166 1367 2207; x_wconf 72' lang='lat' dir='ltr'>rationem‚·“</span> <span class='ocrx_word' id='word_1_388' title='bbox 1398 2175 1520 2208; x_wconf 85' lang='lat' dir='ltr'>neque</span> <span class='ocrx_word' id='word_1_389' title='bbox 1544 2165 1682 2198; x_wconf 86' lang='lat' dir='ltr'>dicitur</span> 
     </span>
     <span class='ocr_line' id='line_1_41' title="bbox 232 2209 1682 2255; baseline 0 -11"><span class='ocrx_word' id='word_1_390' title='bbox 232 2211 465 2254; x_wconf 80' lang='lat' dir='ltr'>offensionem</span> <span class='ocrx_word' id='word_1_391' title='bbox 493 2220 652 2252; x_wconf 80' lang='lat' dir='ltr'>sumere,</span> <span class='ocrx_word' id='word_1_392' title='bbox 688 2209 754 2242; x_wconf 83' lang='lat' dir='ltr'>sed</span> <span class='ocrx_word' id='word_1_393' title='bbox 791 2210 915 2254; x_wconf 84' lang='lat' dir='ltr'>potius</span> <span class='ocrx_word' id='word_1_394' title='bbox 942 2212 1129 2255; x_wconf 67' lang='lat' dir='ltr'>excipere3</span> <span class='ocrx_word' id='word_1_395' title='bbox 1163 2212 1222 2245; x_wconf 85' lang='lat' dir='ltr'>vel</span> <span class='ocrx_word' id='word_1_396' title='bbox 1257 2211 1453 2244; x_wconf 88' lang='lat' dir='ltr'>dicendum</span> <span class='ocrx_word' id='word_1_397' title='bbox 1489 2217 1568 2244; x_wconf 88' lang='lat' dir='ltr'>erat</span> <span class='ocrx_word' id='word_1_398' title='bbox 1591 2222 1682 2254; x_wconf 80' lang='lat' dir='ltr'>quae</span> 
     </span>
     <span class='ocr_line' id='line_1_42' title="bbox 231 2255 1683 2299; baseline -0.001 -8"><span class='ocrx_word' id='word_1_399' title='bbox 231 2261 335 2292; x_wconf 80' lang='lat' dir='ltr'>erat.</span> <span class='ocrx_word' id='word_1_400' title='bbox 351 2282 359 2290; x_wconf 92' lang='lat'>.</span> <span class='ocrx_word' id='word_1_401' title='bbox 375 2282 383 2290; x_wconf 94' lang='lat'>.</span> <span class='ocrx_word' id='word_1_402' title='bbox 410 2260 496 2289; x_wconf 82' lang='lat' dir='ltr'>nata</span> <span class='ocrx_word' id='word_1_403' title='bbox 522 2267 551 2290; x_wconf 85' lang='lat' dir='ltr'>s.</span> <span class='ocrx_word' id='word_1_404' title='bbox 577 2255 780 2297; x_wconf 75' lang='lat' dir='ltr'>concitata3</span> <span class='ocrx_word' id='word_1_405' title='bbox 814 2267 881 2290; x_wconf 89' lang='lat' dir='ltr'>nec</span> <span class='ocrx_word' id='word_1_406' title='bbox 907 2263 1046 2291; x_wconf 83' lang='lat' dir='ltr'>rectum</span> <span class='ocrx_word' id='word_1_407' title='bbox 1071 2258 1117 2291; x_wconf 91' lang='lat' dir='ltr'>ad</span> <span class='ocrx_word' id='word_1_408' title='bbox 1142 2268 1246 2291; x_wconf 85' lang='lat' dir='ltr'>usum</span> <span class='ocrx_word' id='word_1_409' title='bbox 1272 2257 1349 2291; x_wconf 84' lang='lat' dir='ltr'>Cic.</span> <span class='ocrx_word' id='word_1_410' title='bbox 1378 2264 1434 2292; x_wconf 82' lang='lat' dir='ltr'>est</span> <span class='ocrx_word' id='word_1_411' title='bbox 1456 2258 1577 2299; x_wconf 78' lang='lat' dir='ltr'>fuerat</span> <span class='ocrx_word' id='word_1_412' title='bbox 1600 2268 1683 2290; x_wconf 89' lang='lat' dir='ltr'>cum</span> 
     </span>
     <span class='ocr_line' id='line_1_43' title="bbox 232 2301 1682 2348; baseline 0.001 -11"><span class='ocrx_word' id='word_1_413' title='bbox 232 2309 350 2348; x_wconf 88' lang='lat' dir='ltr'>part.‚</span> <span class='ocrx_word' id='word_1_414' title='bbox 383 2302 494 2335; x_wconf 90' lang='lat' dir='ltr'>immo</span> <span class='ocrx_word' id='word_1_415' title='bbox 519 2305 609 2335; x_wconf 81' lang='lat' dir='ltr'>erat.</span> <span class='ocrx_word' id='word_1_416' title='bbox 658 2301 776 2334; x_wconf 81' lang='lat' dir='ltr'>Recte</span> <span class='ocrx_word' id='word_1_417' title='bbox 801 2309 929 2336; x_wconf 87' lang='lat' dir='ltr'>contra</span> <span class='ocrx_word' id='word_1_418' title='bbox 951 2304 1138 2345; x_wconf 79' lang='lat' dir='ltr'>fuerat...</span> <span class='ocrx_word' id='word_1_419' title='bbox 1165 2304 1332 2347; x_wconf 78' lang='lat' dir='ltr'>offensio,</span> <span class='ocrx_word' id='word_1_420' title='bbox 1360 2309 1399 2337; x_wconf 87' lang='lat' dir='ltr'>nt</span> <span class='ocrx_word' id='word_1_421' title='bbox 1424 2305 1473 2337; x_wconf 77' lang='lat' dir='ltr'>ad</span> <span class='ocrx_word' id='word_1_422' title='bbox 1496 2305 1598 2337; x_wconf 79' lang='lat' dir='ltr'>Fam.</span> <span class='ocrx_word' id='word_1_423' title='bbox 1623 2305 1682 2347; x_wconf 83' lang='lat'>16,</span> 
     </span>
     <span class='ocr_line' id='line_1_44' title="bbox 231 2348 1681 2394; baseline 0 -11"><span class='ocrx_word' id='word_1_424' title='bbox 231 2355 290 2386; x_wconf 89' lang='grc'>10.</span> <span class='ocrx_word' id='word_1_425' title='bbox 322 2358 458 2390; x_wconf 78' lang='lat' dir='ltr'>graves</span> <span class='ocrx_word' id='word_1_426' title='bbox 488 2348 605 2381; x_wconf 80' lang='lat' dir='ltr'>solent</span> <span class='ocrx_word' id='word_1_427' title='bbox 639 2348 851 2390; x_wconf 74' lang='lat' dir='ltr'>offensiones</span> <span class='ocrx_word' id='word_1_428' title='bbox 875 2360 957 2382; x_wconf 86' lang='lat' dir='ltr'>esse</span> <span class='ocrx_word' id='word_1_429' title='bbox 987 2360 1031 2384; x_wconf 68' lang='lat' dir='ltr'>est</span> <span class='ocrx_word' id='word_1_430' title='bbox 1053 2350 1232 2392; x_wconf 71' lang='lat' dir='ltr'>gravibus</span> <span class='ocrx_word' id='word_1_431' title='bbox 1256 2350 1404 2383; x_wconf 80' lang='lat' dir='ltr'>morbis.</span> <span class='ocrx_word' id='word_1_432' title='bbox 1442 2354 1584 2394; x_wconf 80' lang='lat' dir='ltr'>sumpta</span> <span class='ocrx_word' id='word_1_433' title='bbox 1607 2349 1681 2393; x_wconf 78' lang='lat' dir='ltr'>igi-</span> 
     </span>
     <span class='ocr_line' id='line_1_45' title="bbox 232 2393 1682 2438; baseline 0.001 -10"><span class='ocrx_word' id='word_1_434' title='bbox 232 2400 294 2429; x_wconf 85' lang='lat' dir='ltr'>tur</span> <span class='ocrx_word' id='word_1_435' title='bbox 327 2406 376 2428; x_wconf 84' lang='lat' dir='ltr'>ex</span> <span class='ocrx_word' id='word_1_436' title='bbox 399 2405 501 2428; x_wconf 85' lang='lat' dir='ltr'>mera</span> <span class='ocrx_word' id='word_1_437' title='bbox 531 2399 587 2427; x_wconf 86' lang='lat' dir='ltr'>est</span> <span class='ocrx_word' id='word_1_438' title='bbox 610 2394 948 2428; x_wconf 85' lang='lat' dir='ltr'>accommodatione</span> <span class='ocrx_word' id='word_1_439' title='bbox 981 2393 1026 2428; x_wconf 73' lang='lat' dir='ltr'>a&#39;d</span> <span class='ocrx_word' id='word_1_440' title='bbox 1051 2407 1084 2430; x_wconf 88' lang='lat' dir='ltr'>v.</span> <span class='ocrx_word' id='word_1_441' title='bbox 1113 2397 1274 2438; x_wconf 78' lang='lat' dir='ltr'>offensio.</span> <span class='ocrx_word' id='word_1_442' title='bbox 1316 2396 1511 2430; x_wconf 84' lang='lat' dir='ltr'>ORELLI.</span> <span class='ocrx_word' id='word_1_443' title='bbox 1537 2416 1581 2420; x_wconf 97' lang='lat'><strong>—</strong></span> <span class='ocrx_word' id='word_1_444' title='bbox 1606 2396 1682 2429; x_wconf 81' lang='lat' dir='ltr'>dz&#39;e‘s</span> 
     </span>
     <span class='ocr_line' id='line_1_46' title="bbox 229 2439 1682 2483; baseline -0.001 -8"><span class='ocrx_word' id='word_1_445' title='bbox 229 2441 312 2475; x_wconf 87' lang='lat' dir='ltr'>scil.</span> <span class='ocrx_word' id='word_1_446' title='bbox 339 2441 456 2475; x_wconf 84' lang='lat' dir='ltr'>festus</span> <span class='ocrx_word' id='word_1_447' title='bbox 479 2439 617 2474; x_wconf 87' lang='lat' dir='ltr'>Arcani</span> <span class='ocrx_word' id='word_1_448' title='bbox 641 2440 740 2483; x_wconf 79' lang='lat' dir='ltr'>pagi,</span> <span class='ocrx_word' id='word_1_449' title='bbox 767 2451 873 2482; x_wconf 87' lang='lat' dir='ltr'>quem</span> <span class='ocrx_word' id='word_1_450' title='bbox 906 2440 978 2474; x_wconf 90' lang='lat' dir='ltr'>sibi</span> <span class='ocrx_word' id='word_1_451' title='bbox 1004 2441 1162 2476; x_wconf 80' lang='lat' dir='ltr'>Quintus</span> <span class='ocrx_word' id='word_1_452' title='bbox 1194 2442 1232 2475; x_wconf 88' lang='lat' dir='ltr'>in</span> <span class='ocrx_word' id='word_1_453' title='bbox 1257 2453 1324 2476; x_wconf 87' lang='lat' dir='ltr'>suo</span> <span class='ocrx_word' id='word_1_454' title='bbox 1350 2442 1464 2476; x_wconf 81' lang='lat' dir='ltr'>fundo</span> <span class='ocrx_word' id='word_1_455' title='bbox 1489 2443 1682 2475; x_wconf 87' lang='lat' dir='ltr'>celebran-</span> 
     </span>
     <span class='ocr_line' id='line_1_47' title="bbox 231 2485 1680 2531; baseline -0.001 -10"><span class='ocrx_word' id='word_1_456' title='bbox 231 2487 318 2521; x_wconf 90' lang='lat' dir='ltr'>dum</span> <span class='ocrx_word' id='word_1_457' title='bbox 343 2485 498 2531; x_wconf 84' lang='lat' dir='ltr'>putavit.</span> <span class='ocrx_word' id='word_1_458' title='bbox 533 2487 676 2520; x_wconf 78' lang='lat' dir='ltr'>Manu</span> <span class='ocrx_word' id='word_1_459' title='bbox 687 2490 710 2518; x_wconf 91' lang='lat' dir='ltr'>t.</span> <span class='ocrx_word' id='word_1_460' title='bbox 741 2486 816 2521; x_wconf 80' lang='lat' dir='ltr'>Quo</span> <span class='ocrx_word' id='word_1_461' title='bbox 840 2498 886 2520; x_wconf 89' lang='lat'><strong><em>=</em></strong></span> <span class='ocrx_word' id='word_1_462' title='bbox 911 2497 1018 2529; x_wconf 88' lang='lat' dir='ltr'>quem</span> <span class='ocrx_word' id='word_1_463' title='bbox 1043 2487 1080 2520; x_wconf 88' lang='lat' dir='ltr'>in</span> <span class='ocrx_word' id='word_1_464' title='bbox 1106 2488 1249 2531; x_wconf 89' lang='lat' dir='ltr'>locum,</span> <span class='ocrx_word' id='word_1_465' title='bbox 1276 2488 1398 2522; x_wconf 88' lang='lat' dir='ltr'>dahin.</span> <span class='ocrx_word' id='word_1_466' title='bbox 1427 2489 1551 2521; x_wconf 90' lang='lat' dir='ltr'>Ueber</span> <span class='ocrx_word' id='word_1_467' title='bbox 1572 2492 1610 2521; x_wconf 85' lang='lat' dir='ltr'>ut</span> <span class='ocrx_word' id='word_1_468' title='bbox 1635 2498 1680 2521; x_wconf 88' lang='lat'>=</span> 
     </span>
     <span class='ocr_line' id='line_1_48' title="bbox 231 2532 1676 2578; baseline 0.001 -12"><span class='ocrx_word' id='word_1_469' title='bbox 231 2533 364 2567; x_wconf 88' lang='lat' dir='ltr'>sobald</span> <span class='ocrx_word' id='word_1_470' title='bbox 388 2544 417 2567; x_wconf 89' lang='lat' dir='ltr'>s.</span> <span class='ocrx_word' id='word_1_471' title='bbox 443 2533 592 2567; x_wconf 87' lang='lat' dir='ltr'>Ramsh.</span> <span class='ocrx_word' id='word_1_472' title='bbox 620 2533 648 2574; x_wconf 86' lang='lat'>§.</span> <span class='ocrx_word' id='word_1_473' title='bbox 669 2532 747 2573; x_wconf 77' lang='lat'>189,</span> <span class='ocrx_word' id='word_1_474' title='bbox 772 2533 805 2566; x_wconf 82' lang='lat'>4.</span> <span class='ocrx_word' id='word_1_475' title='bbox 833 2533 974 2566; x_wconf 87' lang='lat' dir='ltr'>Grotef.</span> <span class='ocrx_word' id='word_1_476' title='bbox 1004 2533 1033 2576; x_wconf 84' lang='lat'>§.</span> <span class='ocrx_word' id='word_1_477' title='bbox 1053 2534 1132 2569; x_wconf 75' lang='lat'>382.</span> <span class='ocrx_word' id='word_1_478' title='bbox 1159 2552 1205 2560; x_wconf 88' lang='lat'>·—</span> <span class='ocrx_word' id='word_1_479' title='bbox 1229 2535 1406 2578; x_wconf 76' lang='lat' dir='ltr'>accivere,</span> <span class='ocrx_word' id='word_1_480' title='bbox 1431 2534 1594 2567; x_wconf 87' lang='lat' dir='ltr'>Ernesti.</span> <span class='ocrx_word' id='word_1_481' title='bbox 1618 2535 1676 2567; x_wconf 91' lang='lat' dir='ltr'>ed.</span> 
     </span>
     <span class='ocr_line' id='line_1_49' title="bbox 232 2577 1679 2623; baseline 0.001 -10"><span class='ocrx_word' id='word_1_482' title='bbox 232 2579 329 2613; x_wconf 86' lang='lat' dir='ltr'>lens.</span> <span class='ocrx_word' id='word_1_483' title='bbox 355 2590 402 2613; x_wconf 88' lang='lat' dir='ltr'>m.</span> <span class='ocrx_word' id='word_1_484' title='bbox 428 2589 457 2613; x_wconf 82' lang='lat' dir='ltr'>s.</span> <span class='ocrx_word' id='word_1_485' title='bbox 485 2578 634 2612; x_wconf 75' lang='lat' dir='ltr'>accium.</span> <span class='ocrx_word' id='word_1_486' title='bbox 683 2577 782 2612; x_wconf 88' lang='lat' dir='ltr'>Statt</span> <span class='ocrx_word' id='word_1_487' title='bbox 803 2589 934 2621; x_wconf 78' lang='lat' dir='ltr'>pueros</span> <span class='ocrx_word' id='word_1_488' title='bbox 957 2579 1084 2613; x_wconf 89' lang='lat' dir='ltr'>Lamb.</span> <span class='ocrx_word' id='word_1_489' title='bbox 1112 2580 1232 2623; x_wconf 79' lang='lat' dir='ltr'>viros,</span> <span class='ocrx_word' id='word_1_490' title='bbox 1264 2586 1303 2614; x_wconf 86' lang='lat' dir='ltr'>ut</span> <span class='ocrx_word' id='word_1_491' title='bbox 1327 2580 1398 2614; x_wconf 87' lang='lat' dir='ltr'>iam</span> <span class='ocrx_word' id='word_1_492' title='bbox 1422 2580 1573 2614; x_wconf 81' lang='lat' dir='ltr'>volebat</span> <span class='ocrx_word' id='word_1_493' title='bbox 1597 2581 1679 2615; x_wconf 87' lang='lat' dir='ltr'>Ma-</span> 
     </span>
     <span class='ocr_line' id='line_1_50' title="bbox 232 2624 1676 2671; baseline 0 -12"><span class='ocrx_word' id='word_1_494' title='bbox 232 2625 325 2669; x_wconf 85' lang='lat' dir='ltr'>lasp.</span> <span class='ocrx_word' id='word_1_495' title='bbox 352 2643 397 2650; x_wconf 81' lang='lat'>--</span> <span class='ocrx_word' id='word_1_496' title='bbox 420 2625 649 2659; x_wconf 79' lang='lat' dir='ltr'>audientibus</span> <span class='ocrx_word' id='word_1_497' title='bbox 673 2624 776 2657; x_wconf 75' lang='lat' dir='ltr'>nobis</span> <span class='ocrx_word' id='word_1_498' title='bbox 797 2634 845 2658; x_wconf 87' lang='lat'><strong><em>=</em></strong></span> <span class='ocrx_word' id='word_1_499' title='bbox 877 2624 929 2658; x_wconf 85' lang='lat' dir='ltr'>ita</span> <span class='ocrx_word' id='word_1_500' title='bbox 953 2631 993 2658; x_wconf 89' lang='lat' dir='ltr'>ut</span> <span class='ocrx_word' id='word_1_501' title='bbox 1017 2636 1084 2659; x_wconf 78' lang='lat' dir='ltr'>nos</span> <span class='ocrx_word' id='word_1_502' title='bbox 1110 2626 1239 2660; x_wconf 88' lang='lat' dir='ltr'>audire</span> <span class='ocrx_word' id='word_1_503' title='bbox 1263 2636 1466 2671; x_wconf 86' lang='lat' dir='ltr'>possemus.</span> <span class='ocrx_word' id='word_1_504' title='bbox 1493 2645 1537 2650; x_wconf 94' lang='lat'>—</span> <span class='ocrx_word' id='word_1_505' title='bbox 1562 2637 1606 2665; x_wconf 62' lang='lat' dir='ltr'>ex</span> <span class='ocrx_word' id='word_1_506' title='bbox 1635 2637 1676 2659; x_wconf 87' lang='lat' dir='ltr'>eo</span> 
     </span>
     <span class='ocr_line' id='line_1_51' title="bbox 231 2670 1677 2717; baseline 0 -13"><span class='ocrx_word' id='word_1_507' title='bbox 231 2671 345 2705; x_wconf 85' lang='lat' dir='ltr'>venit.</span> <span class='ocrx_word' id='word_1_508' title='bbox 373 2690 418 2698; x_wconf 91' lang='lat'><strong>—</strong></span> <span class='ocrx_word' id='word_1_509' title='bbox 439 2671 591 2714; x_wconf 77' lang='lat' dir='ltr'>Statius,</span> <span class='ocrx_word' id='word_1_510' title='bbox 617 2670 684 2704; x_wconf 90' lang='lat' dir='ltr'>der</span> <span class='ocrx_word' id='word_1_511' title='bbox 707 2670 989 2713; x_wconf 80' lang='lat' dir='ltr'>Freigelassene</span> <span class='ocrx_word' id='word_1_512' title='bbox 1016 2671 1088 2705; x_wconf 89' lang='lat' dir='ltr'>und</span> <span class='ocrx_word' id='word_1_513' title='bbox 1103 2672 1303 2717; x_wconf 84' lang='lat' dir='ltr'>Giinstling</span> <span class='ocrx_word' id='word_1_514' title='bbox 1327 2673 1392 2705; x_wconf 82' lang='lat' dir='ltr'>des</span> <span class='ocrx_word' id='word_1_515' title='bbox 1418 2670 1575 2707; x_wconf 75' lang='lat' dir='ltr'>Quintus</span> <span class='ocrx_word' id='word_1_516' title='bbox 1601 2672 1677 2705; x_wconf 91' lang='lat' dir='ltr'>und</span> 
     </span>
     <span class='ocr_line' id='line_1_52' title="bbox 231 2716 1670 2761; baseline 0 -10"><span class='ocrx_word' id='word_1_517' title='bbox 231 2717 327 2752; x_wconf 87' lang='lat' dir='ltr'>eben</span> <span class='ocrx_word' id='word_1_518' title='bbox 352 2716 524 2754; x_wconf 80' lang='lat' dir='ltr'>desshalb</span> <span class='ocrx_word' id='word_1_519' title='bbox 548 2717 611 2753; x_wconf 87' lang='lat' dir='ltr'>ein</span> <span class='ocrx_word' id='word_1_520' title='bbox 635 2716 873 2761; x_wconf 80' lang='lat' dir='ltr'>Gegenstand</span> <span class='ocrx_word' id='word_1_521' title='bbox 897 2716 964 2752; x_wconf 87' lang='lat' dir='ltr'>der</span> <span class='ocrx_word' id='word_1_522' title='bbox 987 2717 1204 2753; x_wconf 81' lang='lat' dir='ltr'>Eifersucht</span> <span class='ocrx_word' id='word_1_523' title='bbox 1227 2719 1286 2754; x_wconf 78' lang='lat' dir='ltr'>fiir</span> <span class='ocrx_word' id='word_1_524' title='bbox 1309 2717 1413 2754; x_wconf 89' lang='lat' dir='ltr'>seine</span> <span class='ocrx_word' id='word_1_525' title='bbox 1438 2717 1670 2754; x_wconf 85' lang='lat' dir='ltr'>Gemahlinn.</span> 
     </span>
    </p>
   </div>
  </div>
 </body>
</html>
