<?xml version="1.0" encoding="UTF-8"?>
<!DOCTYPE html PUBLIC "-//W3C//DTD XHTML 1.0 Transitional//EN"
    "http://www.w3.org/TR/xhtml1/DTD/xhtml1-transitional.dtd">
<html xmlns="http://www.w3.org/1999/xhtml" xml:lang="en" lang="en">
 <head>
  <title>
</title>
<meta http-equiv="Content-Type" content="text/html;charset=utf-8" />
  <meta name='ocr-system' content='tesseract 3.04.00' />
  <meta name='ocr-capabilities' content='ocr_page ocr_carea ocr_par ocr_line ocrx_word'/>
</head>
<body>
  <div class='ocr_page' id='page_1' title='image "./epistolaeadattic02ciceuoft_0226.png"; bbox 0 0 1795 3043; ppageno 0'>
   <div class='ocr_carea' id='block_1_1' title="bbox 211 70 1428 129">
    <p class='ocr_par' dir='ltr' id='par_1_1' title="bbox 211 70 1428 129">
     <span class='ocr_line' id='line_1_1' title="bbox 211 70 1428 129; baseline -0.008 -3"><span class='ocrx_word' id='word_1_1' title='bbox 211 78 312 129; x_wconf 80' lang='lat'><strong>216</strong></span> <span class='ocrx_word' id='word_1_2' title='bbox 467 74 532 122; x_wconf 88' lang='grc' dir='ltr'><strong>Μ.</strong></span> <span class='ocrx_word' id='word_1_3' title='bbox 568 74 623 119; x_wconf 90' lang='grc' dir='ltr'><strong>Τ.</strong></span> <span class='ocrx_word' id='word_1_4' title='bbox 669 70 1011 121; x_wconf 82' lang='lat' dir='ltr'><strong>CICERONIS</strong></span> <span class='ocrx_word' id='word_1_5' title='bbox 1055 70 1428 124; x_wconf 85' lang='lat' dir='ltr'><strong>EPISTOLAE.</strong></span> 
     </span>
    </p>
   </div>
   <div class='ocr_carea' id='block_1_2' title="bbox 175 184 1685 468">
    <p class='ocr_par' dir='ltr' id='par_1_2' title="bbox 175 184 1685 468">
     <span class='ocr_line' id='line_1_2' title="bbox 216 184 1680 230; baseline -0.002 0"><span class='ocrx_word' id='word_1_6' title='bbox 216 189 330 230; x_wconf 89' lang='lat' dir='ltr'><strong>niam</strong></span> <span class='ocrx_word' id='word_1_7' title='bbox 359 188 607 229; x_wconf 84' lang='lat' dir='ltr'><strong>sumserant.</strong></span> <span class='ocrx_word' id='word_1_8' title='bbox 665 185 845 228; x_wconf 86' lang='lat' dir='ltr'><strong>Vetabat</strong></span> <span class='ocrx_word' id='word_1_9' title='bbox 884 187 1023 228; x_wconf 80' lang='lat' dir='ltr'><strong>autem</strong></span> <span class='ocrx_word' id='word_1_10' title='bbox 1057 184 1159 226; x_wconf 88' lang='lat' dir='ltr'><strong>Auli</strong></span> <span class='ocrx_word' id='word_1_11' title='bbox 1198 185 1268 225; x_wconf 83' lang='lat' dir='ltr'><strong>lex</strong></span> <span class='ocrx_word' id='word_1_12' title='bbox 1305 184 1369 224; x_wconf 81' lang='lat' dir='ltr'><strong>ius</strong></span> <span class='ocrx_word' id='word_1_13' title='bbox 1410 184 1495 226; x_wconf 89' lang='lat' dir='ltr'><strong>dici</strong></span> <span class='ocrx_word' id='word_1_14' title='bbox 1530 184 1582 227; x_wconf 82' lang='lat' dir='ltr'><strong>de</strong></span> <span class='ocrx_word' id='word_1_15' title='bbox 1620 185 1680 228; x_wconf 85' lang='lat' dir='ltr'><strong>ita</strong></span> 
     </span>
     <span class='ocr_line' id='line_1_3' title="bbox 219 240 1681 298; baseline -0.001 -12"><span class='ocrx_word' id='word_1_16' title='bbox 219 248 383 298; x_wconf 83' lang='lat' dir='ltr'><strong>sumpta</strong></span> <span class='ocrx_word' id='word_1_17' title='bbox 412 245 604 297; x_wconf 90' lang='lat' dir='ltr'><strong>pecunia.</strong></span> <span class='ocrx_word' id='word_1_18' title='bbox 673 243 873 285; x_wconf 82' lang='lat' dir='ltr'><strong>Decrevit</strong></span> <span class='ocrx_word' id='word_1_19' title='bbox 909 243 1038 296; x_wconf 85' lang='lat' dir='ltr'><strong>igitur</strong></span> <span class='ocrx_word' id='word_1_20' title='bbox 1068 243 1258 291; x_wconf 85' lang='lat' dir='ltr'><strong>senatus,</strong></span> <span class='ocrx_word' id='word_1_21' title='bbox 1299 243 1347 281; x_wconf 87' lang='lat' dir='ltr'><strong>ut</strong></span> <span class='ocrx_word' id='word_1_22' title='bbox 1375 240 1440 282; x_wconf 92' lang='lat' dir='ltr'><strong>ius</strong></span> <span class='ocrx_word' id='word_1_23' title='bbox 1469 242 1681 284; x_wconf 83' lang='lat' dir='ltr'><strong>diceretur</strong></span> 
     </span>
     <span class='ocr_line' id='line_1_4' title="bbox 224 298 1679 356; baseline -0.001 -14"><span class='ocrx_word' id='word_1_24' title='bbox 224 303 306 343; x_wconf 87' lang='lat' dir='ltr'><strong>ista</strong></span> <span class='ocrx_word' id='word_1_25' title='bbox 335 302 585 356; x_wconf 72' lang='lat' dir='ltr'><strong>syngrapha.</strong></span> <span class='ocrx_word' id='word_1_26' title='bbox 643 299 765 342; x_wconf 83' lang='lat' dir='ltr'><strong>Nunc</strong></span> <span class='ocrx_word' id='word_1_27' title='bbox 794 301 873 341; x_wconf 88' lang='lat' dir='ltr'><strong>ista</strong></span> <span class='ocrx_word' id='word_1_28' title='bbox 902 300 1030 340; x_wconf 87' lang='lat' dir='ltr'><strong>habet</strong></span> <span class='ocrx_word' id='word_1_29' title='bbox 1061 299 1166 338; x_wconf 90' lang='lat' dir='ltr'><strong>iuris</strong></span> <span class='ocrx_word' id='word_1_30' title='bbox 1196 299 1328 350; x_wconf 76' lang='lat' dir='ltr'><strong>idem,</strong></span> <span class='ocrx_word' id='word_1_31' title='bbox 1359 298 1470 349; x_wconf 90' lang='lat' dir='ltr'><strong>quod</strong></span> <span class='ocrx_word' id='word_1_32' title='bbox 1499 302 1679 347; x_wconf 83' lang='lat' dir='ltr'><strong>ceterae,</strong></span> 
     </span>
     <span class='ocr_line' id='line_1_5' title="bbox 175 356 1684 411; baseline -0.002 -12"><span class='ocrx_word' id='word_1_33' title='bbox 175 360 204 399; x_wconf 82' lang='lat'>8</span> <span class='ocrx_word' id='word_1_34' title='bbox 226 360 335 400; x_wconf 84' lang='lat' dir='ltr'>nihil</span> <span class='ocrx_word' id='word_1_35' title='bbox 366 357 598 411; x_wconf 83' lang='lat' dir='ltr'><strong>praecipui.</strong></span> <span class='ocrx_word' id='word_1_36' title='bbox 658 358 775 399; x_wconf 87' lang='lat' dir='ltr'><strong>Haec</strong></span> <span class='ocrx_word' id='word_1_37' title='bbox 804 372 829 398; x_wconf 89' lang='lat' dir='ltr'><strong>a</strong></span> <span class='ocrx_word' id='word_1_38' title='bbox 867 370 933 397; x_wconf 90' lang='lat' dir='ltr'><strong>me</strong></span> <span class='ocrx_word' id='word_1_39' title='bbox 975 356 1120 396; x_wconf 87' lang='lat' dir='ltr'><strong>ordine</strong></span> <span class='ocrx_word' id='word_1_40' title='bbox 1160 357 1273 396; x_wconf 86' lang='lat' dir='ltr'><strong>facta</strong></span> <span class='ocrx_word' id='word_1_41' title='bbox 1312 358 1414 407; x_wconf 90' lang='lat' dir='ltr'><strong>puto</strong></span> <span class='ocrx_word' id='word_1_42' title='bbox 1451 368 1516 396; x_wconf 88' lang='lat' dir='ltr'><strong>me</strong></span> <span class='ocrx_word' id='word_1_43' title='bbox 1551 357 1684 397; x_wconf 90' lang='lat' dir='ltr'><strong>Bruto</strong></span> 
     </span>
     <span class='ocr_line' id='line_1_6' title="bbox 226 412 1685 468; baseline -0.001 -13"><span class='ocrx_word' id='word_1_44' title='bbox 226 414 524 468; x_wconf 73' lang='lat' dir='ltr'><strong>probaturum3</strong></span> <span class='ocrx_word' id='word_1_45' title='bbox 562 414 661 467; x_wconf 84' lang='lat' dir='ltr'><strong>tibi,</strong></span> <span class='ocrx_word' id='word_1_46' title='bbox 696 416 857 464; x_wconf 88' lang='lat' dir='ltr'><strong>nescio;</strong></span> <span class='ocrx_word' id='word_1_47' title='bbox 900 414 1049 454; x_wconf 86' lang='lat' dir='ltr'><strong>Catoni</strong></span> <span class='ocrx_word' id='word_1_48' title='bbox 1078 415 1194 453; x_wconf 90' lang='lat' dir='ltr'><strong>certe</strong></span> <span class='ocrx_word' id='word_1_49' title='bbox 1228 412 1431 464; x_wconf 88' lang='lat' dir='ltr'><strong>probabo.</strong></span> <span class='ocrx_word' id='word_1_50' title='bbox 1490 413 1573 453; x_wconf 88' lang='lat' dir='ltr'><strong>Sed</strong></span> <span class='ocrx_word' id='word_1_51' title='bbox 1601 414 1685 453; x_wconf 88' lang='lat' dir='ltr'><strong>iam</strong></span> 
     </span>
    </p>
   </div>
   <div class='ocr_carea' id='block_1_3' title="bbox 188 468 1784 1491">
    <p class='ocr_par' dir='ltr' id='par_1_3' title="bbox 229 468 1684 633">
     <span class='ocr_line' id='line_1_7' title="bbox 229 468 1684 524; baseline -0.001 -12"><span class='ocrx_word' id='word_1_52' title='bbox 229 473 281 513; x_wconf 87' lang='lat' dir='ltr'><strong>ad</strong></span> <span class='ocrx_word' id='word_1_53' title='bbox 311 475 351 511; x_wconf 89' lang='lat' dir='ltr'><strong>te</strong></span> <span class='ocrx_word' id='word_1_54' title='bbox 383 473 521 524; x_wconf 78' lang='lat' dir='ltr'><strong>ipsum</strong></span> <span class='ocrx_word' id='word_1_55' title='bbox 551 473 753 514; x_wconf 89' lang='lat' dir='ltr'><strong>revertor.</strong></span> <span class='ocrx_word' id='word_1_56' title='bbox 818 471 914 512; x_wconf 77' lang='lat' dir='ltr'><strong>Ain‘</strong></span> <span class='ocrx_word' id='word_1_57' title='bbox 950 470 1120 511; x_wconf 89' lang='lat' dir='ltr'><strong>tandem</strong></span> <span class='ocrx_word' id='word_1_58' title='bbox 1149 469 1311 523; x_wconf 82' lang='lat' dir='ltr'><strong>Attice,</strong></span> <span class='ocrx_word' id='word_1_59' title='bbox 1350 468 1543 511; x_wconf 89' lang='lat' dir='ltr'><strong>laudator</strong></span> <span class='ocrx_word' id='word_1_60' title='bbox 1577 469 1684 511; x_wconf 83' lang='lat' dir='ltr'><strong>inte-</strong></span> 
     </span>
     <span class='ocr_line' id='line_1_8' title="bbox 229 528 946 582; baseline -0.001 -13"><span class='ocrx_word' id='word_1_61' title='bbox 229 528 395 582; x_wconf 83' lang='lat' dir='ltr'><strong>gritatis</strong></span> <span class='ocrx_word' id='word_1_62' title='bbox 425 530 468 570; x_wconf 89' lang='lat' dir='ltr'><strong>et</strong></span> <span class='ocrx_word' id='word_1_63' title='bbox 496 529 728 582; x_wconf 85' lang='lat' dir='ltr'><strong>elegantiae</strong></span> <span class='ocrx_word' id='word_1_64' title='bbox 757 530 946 569; x_wconf 83' lang='lat' dir='ltr'><strong>nostrae:</strong></span> 
     </span>
     <span class='ocr_line' id='line_1_9' title="bbox 448 585 1324 633; baseline -0.001 -6"><span class='ocrx_word' id='word_1_65' title='bbox 448 585 589 628; x_wconf 76' lang='lat' dir='ltr'><strong>Ausus</strong></span> <span class='ocrx_word' id='word_1_66' title='bbox 617 600 660 626; x_wconf 78' lang='lat' dir='ltr'><strong>es</strong></span> <span class='ocrx_word' id='word_1_67' title='bbox 689 587 767 626; x_wconf 80' lang='lat' dir='ltr'><strong>hoc</strong></span> <span class='ocrx_word' id='word_1_68' title='bbox 796 600 845 626; x_wconf 79' lang='lat' dir='ltr'><strong>ex</strong></span> <span class='ocrx_word' id='word_1_69' title='bbox 874 600 947 627; x_wconf 72' lang='lat' dir='ltr'><strong>ore</strong></span> <span class='ocrx_word' id='word_1_70' title='bbox 975 592 1051 626; x_wconf 75' lang='lat' dir='ltr'><strong>tuo</strong></span> <span class='ocrx_word' id='word_1_71' title='bbox 1079 605 1137 615; x_wconf 91' lang='lat'><strong>--</strong></span> <span class='ocrx_word' id='word_1_72' title='bbox 1162 605 1222 614; x_wconf 90' lang='lat'><strong>--</strong></span> <span class='ocrx_word' id='word_1_73' title='bbox 1243 604 1324 633; x_wconf 88' lang='lat'><strong>--,</strong></span> 
     </span>
    </p>

    <p class='ocr_par' dir='ltr' id='par_1_4' title="bbox 230 639 1784 1434">
     <span class='ocr_line' id='line_1_10' title="bbox 230 639 1690 695; baseline -0.001 -12"><span class='ocrx_word' id='word_1_74' title='bbox 230 642 372 695; x_wconf 74' lang='lat' dir='ltr'><strong>inquit</strong></span> <span class='ocrx_word' id='word_1_75' title='bbox 388 643 549 683; x_wconf 87' lang='lat' dir='ltr'><strong>Ennius</strong></span> <span class='ocrx_word' id='word_1_76' title='bbox 579 663 637 672; x_wconf 87' lang='lat'><strong>·-</strong></span> <span class='ocrx_word' id='word_1_77' title='bbox 664 643 712 682; x_wconf 90' lang='lat' dir='ltr'><strong>ut</strong></span> <span class='ocrx_word' id='word_1_78' title='bbox 740 642 902 693; x_wconf 87' lang='lat' dir='ltr'><strong>equites</strong></span> <span class='ocrx_word' id='word_1_79' title='bbox 920 642 1093 694; x_wconf 85' lang='lat' dir='ltr'><strong>Scaptio</strong></span> <span class='ocrx_word' id='word_1_80' title='bbox 1122 641 1174 682; x_wconf 88' lang='lat' dir='ltr'><strong>ad</strong></span> <span class='ocrx_word' id='word_1_81' title='bbox 1202 639 1428 693; x_wconf 87' lang='lat' dir='ltr'><strong>pecuniam</strong></span> <span class='ocrx_word' id='word_1_82' title='bbox 1458 640 1690 694; x_wconf 84' lang='lat' dir='ltr'><strong>cogendam</strong></span> 
     </span>
     <span class='ocr_line' id='line_1_11' title="bbox 230 698 1692 751; baseline -0.001 -11"><span class='ocrx_word' id='word_1_83' title='bbox 230 700 388 746; x_wconf 86' lang='lat' dir='ltr'><strong>darem,</strong></span> <span class='ocrx_word' id='word_1_84' title='bbox 420 712 485 740; x_wconf 90' lang='lat' dir='ltr'><strong>me</strong></span> <span class='ocrx_word' id='word_1_85' title='bbox 514 698 695 751; x_wconf 80' lang='lat' dir='ltr'><strong>rogare?</strong></span> <span class='ocrx_word' id='word_1_86' title='bbox 726 711 778 738; x_wconf 92' lang='lat' dir='ltr'><strong>an</strong></span> <span class='ocrx_word' id='word_1_87' title='bbox 800 700 860 751; x_wconf 86' lang='lat' dir='ltr'><strong>tu,</strong></span> <span class='ocrx_word' id='word_1_88' title='bbox 892 700 927 739; x_wconf 91' lang='lat' dir='ltr'><strong>si</strong></span> <span class='ocrx_word' id='word_1_89' title='bbox 956 711 1118 740; x_wconf 90' lang='lat' dir='ltr'><strong>mecum</strong></span> <span class='ocrx_word' id='word_1_90' title='bbox 1149 711 1271 750; x_wconf 83' lang='lat' dir='ltr'><strong>esses,</strong></span> <span class='ocrx_word' id='word_1_91' title='bbox 1301 698 1372 750; x_wconf 93' lang='lat' dir='ltr'><strong>qui</strong></span> <span class='ocrx_word' id='word_1_92' title='bbox 1402 698 1554 739; x_wconf 88' lang='lat' dir='ltr'><strong>scribis</strong></span> <span class='ocrx_word' id='word_1_93' title='bbox 1582 710 1692 738; x_wconf 90' lang='lat' dir='ltr'><strong>mor-</strong></span> 
     </span>
     <span class='ocr_line' id='line_1_12' title="bbox 232 755 1784 812; baseline -0.001 -15"><span class='ocrx_word' id='word_1_94' title='bbox 232 757 324 797; x_wconf 88' lang='lat' dir='ltr'><strong>deri</strong></span> <span class='ocrx_word' id='word_1_95' title='bbox 355 759 396 796; x_wconf 82' lang='lat' dir='ltr'><strong>te</strong></span> <span class='ocrx_word' id='word_1_96' title='bbox 425 755 656 808; x_wconf 82' lang='lat' dir='ltr'><strong>interdum,</strong></span> <span class='ocrx_word' id='word_1_97' title='bbox 687 755 799 806; x_wconf 89' lang='lat' dir='ltr'><strong>quod</strong></span> <span class='ocrx_word' id='word_1_98' title='bbox 828 768 911 795; x_wconf 92' lang='lat' dir='ltr'><strong>non</strong></span> <span class='ocrx_word' id='word_1_99' title='bbox 943 756 1066 795; x_wconf 90' lang='lat' dir='ltr'><strong>simul</strong></span> <span class='ocrx_word' id='word_1_100' title='bbox 1103 755 1182 803; x_wconf 90' lang='lat' dir='ltr'><strong>sis,</strong></span> <span class='ocrx_word' id='word_1_101' title='bbox 1226 757 1418 808; x_wconf 84' lang='lat' dir='ltr'><strong>paterere</strong></span> <span class='ocrx_word' id='word_1_102' title='bbox 1456 768 1523 795; x_wconf 90' lang='lat' dir='ltr'><strong>me</strong></span> <span class='ocrx_word' id='word_1_103' title='bbox 1559 755 1602 795; x_wconf 90' lang='lat' dir='ltr'><strong>id</strong></span> <span class='ocrx_word' id='word_1_104' title='bbox 1630 756 1692 796; x_wconf 86' lang='lat' dir='ltr'><strong>fa·</strong></span> <span class='ocrx_word' id='word_1_105' title='bbox 1781 799 1784 812; x_wconf 20' lang='grc' dir='ltr'>λ</span> 
     </span>
     <span class='ocr_line' id='line_1_13' title="bbox 232 811 1784 865; baseline -0.003 -10"><span class='ocrx_word' id='word_1_106' title='bbox 232 826 343 861; x_wconf 87' lang='lat' dir='ltr'><strong>cere,</strong></span> <span class='ocrx_word' id='word_1_107' title='bbox 377 812 411 852; x_wconf 92' lang='lat' dir='ltr'><strong>si</strong></span> <span class='ocrx_word' id='word_1_108' title='bbox 440 814 621 853; x_wconf 79' lang='lat' dir='ltr'><strong>vellem?</strong></span> <span class='ocrx_word' id='word_1_109' title='bbox 662 812 755 852; x_wconf 90' lang='lat' dir='ltr'><strong>Non</strong></span> <span class='ocrx_word' id='word_1_110' title='bbox 787 813 986 864; x_wconf 83' lang='lat' dir='ltr'><strong>amplius,</strong></span> <span class='ocrx_word' id='word_1_111' title='bbox 1017 812 1177 864; x_wconf 80' lang='lat' dir='ltr'><strong>inquis,</strong></span> <span class='ocrx_word' id='word_1_112' title='bbox 1209 812 1527 865; x_wconf 81' lang='lat' dir='ltr'><strong>quinquaginta.</strong></span> <span class='ocrx_word' id='word_1_113' title='bbox 1586 811 1691 853; x_wconf 88' lang='lat' dir='ltr'><strong>Cum</strong></span> <span class='ocrx_word' id='word_1_114' title='bbox 1781 813 1784 851; x_wconf 68' lang='lat' dir='ltr'><strong>l</strong></span> 
     </span>
     <span class='ocr_line' id='line_1_14' title="bbox 233 860 1784 922; baseline -0.001 -12"><span class='ocrx_word' id='word_1_115' title='bbox 233 871 438 922; x_wconf 82' lang='lat' dir='ltr'><strong>Spart-aco</strong></span> <span class='ocrx_word' id='word_1_116' title='bbox 481 870 618 910; x_wconf 89' lang='lat' dir='ltr'><strong>minus</strong></span> <span class='ocrx_word' id='word_1_117' title='bbox 664 869 788 909; x_wconf 90' lang='lat' dir='ltr'><strong>multi</strong></span> <span class='ocrx_word' id='word_1_118' title='bbox 826 869 964 920; x_wconf 91' lang='lat' dir='ltr'><strong>primo</strong></span> <span class='ocrx_word' id='word_1_119' title='bbox 1010 870 1194 909; x_wconf 89' lang='lat' dir='ltr'><strong>fuerunt.</strong></span> <span class='ocrx_word' id='word_1_120' title='bbox 1273 869 1382 916; x_wconf 78' lang='lat' dir='ltr'><strong>Quid</strong></span> <span class='ocrx_word' id='word_1_121' title='bbox 1417 869 1583 909; x_wconf 89' lang='lat' dir='ltr'><strong>tandem</strong></span> <span class='ocrx_word' id='word_1_122' title='bbox 1620 869 1694 910; x_wconf 88' lang='lat' dir='ltr'><strong>isti</strong></span> <span class='ocrx_word' id='word_1_123' title='bbox 1782 860 1784 879; x_wconf 75' lang='lat'><em>¹</em></span> 
     </span>
     <span class='ocr_line' id='line_1_15' title="bbox 232 925 1694 968; baseline -0.001 0"><span class='ocrx_word' id='word_1_124' title='bbox 232 927 334 968; x_wconf 87' lang='lat' dir='ltr'><strong>mali</strong></span> <span class='ocrx_word' id='word_1_125' title='bbox 362 926 406 966; x_wconf 92' lang='lat' dir='ltr'><strong>in</strong></span> <span class='ocrx_word' id='word_1_126' title='bbox 436 927 522 967; x_wconf 87' lang='lat' dir='ltr'><strong>tam</strong></span> <span class='ocrx_word' id='word_1_127' title='bbox 551 928 698 967; x_wconf 88' lang='lat' dir='ltr'><strong>tenera</strong></span> <span class='ocrx_word' id='word_1_128' title='bbox 727 925 866 967; x_wconf 88' lang='lat' dir='ltr'><strong>insula</strong></span> <span class='ocrx_word' id='word_1_129' title='bbox 895 939 978 967; x_wconf 91' lang='lat' dir='ltr'><strong>non</strong></span> <span class='ocrx_word' id='word_1_130' title='bbox 1008 925 1237 966; x_wconf 82' lang='lat' dir='ltr'><strong>fecissent?</strong></span> <span class='ocrx_word' id='word_1_131' title='bbox 1276 926 1368 966; x_wconf 91' lang='lat' dir='ltr'><strong>Non</strong></span> <span class='ocrx_word' id='word_1_132' title='bbox 1396 926 1595 966; x_wconf 86' lang='lat' dir='ltr'><strong>fecissent</strong></span> <span class='ocrx_word' id='word_1_133' title='bbox 1623 939 1694 967; x_wconf 92' lang='lat' dir='ltr'><strong>au-</strong></span> 
     </span>
     <span class='ocr_line' id='line_1_16' title="bbox 232 983 1677 1034; baseline -0.001 -10"><span class='ocrx_word' id='word_1_134' title='bbox 232 983 346 1028; x_wconf 66' lang='lat' dir='ltr'><strong>tem?</strong></span> <span class='ocrx_word' id='word_1_135' title='bbox 398 983 528 1024; x_wconf 88' lang='lat' dir='ltr'><strong>Immo</strong></span> <span class='ocrx_word' id='word_1_136' title='bbox 569 983 672 1034; x_wconf 89' lang='lat' dir='ltr'><strong>quid</strong></span> <span class='ocrx_word' id='word_1_137' title='bbox 703 985 800 1023; x_wconf 89' lang='lat' dir='ltr'><strong>ante</strong></span> <span class='ocrx_word' id='word_1_138' title='bbox 830 983 1055 1024; x_wconf 87' lang='lat' dir='ltr'><strong>adventum</strong></span> <span class='ocrx_word' id='word_1_139' title='bbox 1082 995 1222 1022; x_wconf 90' lang='lat' dir='ltr'><strong>meum</strong></span> <span class='ocrx_word' id='word_1_140' title='bbox 1252 995 1335 1022; x_wconf 91' lang='lat' dir='ltr'><strong>non</strong></span> <span class='ocrx_word' id='word_1_141' title='bbox 1366 983 1585 1022; x_wconf 81' lang='lat' dir='ltr'><strong>fecerunt?</strong></span> <span class='ocrx_word' id='word_1_142' title='bbox 1626 984 1677 1025; x_wconf 90' lang='lat' dir='ltr'><strong>In</strong></span> 
     </span>
     <span class='ocr_line' id='line_1_17' title="bbox 234 1039 1696 1082; baseline -0.001 0"><span class='ocrx_word' id='word_1_143' title='bbox 234 1041 398 1082; x_wconf 90' lang='lat' dir='ltr'><strong>clusum</strong></span> <span class='ocrx_word' id='word_1_144' title='bbox 428 1040 472 1081; x_wconf 92' lang='lat' dir='ltr'><strong>in</strong></span> <span class='ocrx_word' id='word_1_145' title='bbox 503 1040 622 1081; x_wconf 88' lang='lat' dir='ltr'><strong>curia</strong></span> <span class='ocrx_word' id='word_1_146' title='bbox 652 1042 841 1080; x_wconf 89' lang='lat' dir='ltr'><strong>senatum</strong></span> <span class='ocrx_word' id='word_1_147' title='bbox 871 1040 1110 1081; x_wconf 88' lang='lat' dir='ltr'><strong>habuerunt</strong></span> <span class='ocrx_word' id='word_1_148' title='bbox 1139 1040 1414 1080; x_wconf 86' lang='lat' dir='ltr'><strong>Salaminium</strong></span> <span class='ocrx_word' id='word_1_149' title='bbox 1451 1039 1511 1079; x_wconf 89' lang='lat' dir='ltr'><strong>ita</strong></span> <span class='ocrx_word' id='word_1_150' title='bbox 1541 1041 1696 1080; x_wconf 87' lang='lat' dir='ltr'><strong>multos</strong></span> 
     </span>
     <span class='ocr_line' id='line_1_18' title="bbox 235 1096 1696 1148; baseline -0.001 -10"><span class='ocrx_word' id='word_1_151' title='bbox 235 1097 349 1144; x_wconf 81' lang='lat' dir='ltr'><strong>dies,</strong></span> <span class='ocrx_word' id='word_1_152' title='bbox 390 1099 437 1136; x_wconf 89' lang='lat' dir='ltr'><strong>ut</strong></span> <span class='ocrx_word' id='word_1_153' title='bbox 476 1096 718 1138; x_wconf 85' lang='lat' dir='ltr'><strong>interierint</strong></span> <span class='ocrx_word' id='word_1_154' title='bbox 759 1097 956 1137; x_wconf 89' lang='lat' dir='ltr'><strong>nonnulli</strong></span> <span class='ocrx_word' id='word_1_155' title='bbox 996 1098 1114 1136; x_wconf 86' lang='lat' dir='ltr'><strong>same.</strong></span> <span class='ocrx_word' id='word_1_156' title='bbox 1174 1097 1279 1137; x_wconf 85' lang='lat' dir='ltr'><strong>Erat</strong></span> <span class='ocrx_word' id='word_1_157' title='bbox 1318 1096 1429 1136; x_wconf 88' lang='lat' dir='ltr'><strong>enim</strong></span> <span class='ocrx_word' id='word_1_158' title='bbox 1457 1097 1696 1148; x_wconf 87' lang='lat' dir='ltr'><strong>praefectus</strong></span> 
     </span>
     <span class='ocr_line' id='line_1_19' title="bbox 234 1152 1698 1207; baseline 0 -13"><span class='ocrx_word' id='word_1_159' title='bbox 234 1153 365 1207; x_wconf 85' lang='lat' dir='ltr'><strong>Appii</strong></span> <span class='ocrx_word' id='word_1_160' title='bbox 395 1154 590 1206; x_wconf 86' lang='lat' dir='ltr'><strong>Scaptius</strong></span> <span class='ocrx_word' id='word_1_161' title='bbox 621 1155 662 1193; x_wconf 91' lang='lat' dir='ltr'><strong>et</strong></span> <span class='ocrx_word' id='word_1_162' title='bbox 691 1153 874 1195; x_wconf 85' lang='lat' dir='ltr'><strong>habebat</strong></span> <span class='ocrx_word' id='word_1_163' title='bbox 903 1156 1060 1193; x_wconf 84' lang='lat' dir='ltr'><strong>turmas</strong></span> <span class='ocrx_word' id='word_1_164' title='bbox 1099 1153 1151 1193; x_wconf 89' lang='lat' dir='ltr'><strong>ab</strong></span> <span class='ocrx_word' id='word_1_165' title='bbox 1181 1152 1334 1206; x_wconf 88' lang='lat' dir='ltr'><strong>Appio.</strong></span> <span class='ocrx_word' id='word_1_166' title='bbox 1395 1153 1443 1192; x_wconf 92' lang='lat' dir='ltr'><strong>Id</strong></span> <span class='ocrx_word' id='word_1_167' title='bbox 1473 1166 1538 1193; x_wconf 88' lang='lat' dir='ltr'><strong>me</strong></span> <span class='ocrx_word' id='word_1_168' title='bbox 1567 1154 1698 1206; x_wconf 83' lang='lat' dir='ltr'><strong>igitur</strong></span> 
     </span>
     <span class='ocr_line' id='line_1_20' title="bbox 235 1211 1699 1262; baseline 0 -11"><span class='ocrx_word' id='word_1_169' title='bbox 235 1214 295 1262; x_wconf 86' lang='lat' dir='ltr'><strong>tu,</strong></span> <span class='ocrx_word' id='word_1_170' title='bbox 327 1211 448 1251; x_wconf 84' lang='lat' dir='ltr'><strong>cuius</strong></span> <span class='ocrx_word' id='word_1_171' title='bbox 479 1212 724 1251; x_wconf 87' lang='lat' dir='ltr'><strong>mehercule</strong></span> <span class='ocrx_word' id='word_1_172' title='bbox 754 1223 799 1251; x_wconf 87' lang='lat' dir='ltr'><strong>os</strong></span> <span class='ocrx_word' id='word_1_173' title='bbox 824 1212 932 1251; x_wconf 90' lang='lat' dir='ltr'><strong>mihi</strong></span> <span class='ocrx_word' id='word_1_174' title='bbox 954 1212 1050 1251; x_wconf 86' lang='lat' dir='ltr'><strong>ante</strong></span> <span class='ocrx_word' id='word_1_175' title='bbox 1068 1211 1212 1250; x_wconf 89' lang='lat' dir='ltr'><strong>oculos</strong></span> <span class='ocrx_word' id='word_1_176' title='bbox 1237 1211 1343 1250; x_wconf 90' lang='lat' dir='ltr'><strong>solet</strong></span> <span class='ocrx_word' id='word_1_177' title='bbox 1363 1211 1538 1258; x_wconf 85' lang='lat' dir='ltr'><strong>versari,</strong></span> <span class='ocrx_word' id='word_1_178' title='bbox 1571 1222 1699 1262; x_wconf 90' lang='lat' dir='ltr'><strong>quum</strong></span> 
     </span>
     <span class='ocr_line' id='line_1_21' title="bbox 238 1267 1696 1320; baseline -0.001 -12"><span class='ocrx_word' id='word_1_179' title='bbox 238 1267 289 1308; x_wconf 90' lang='lat' dir='ltr'><strong>de</strong></span> <span class='ocrx_word' id='word_1_180' title='bbox 320 1268 464 1318; x_wconf 88' lang='lat' dir='ltr'><strong>aliquo</strong></span> <span class='ocrx_word' id='word_1_181' title='bbox 495 1267 638 1307; x_wconf 87' lang='lat' dir='ltr'><strong>officio</strong></span> <span class='ocrx_word' id='word_1_182' title='bbox 669 1280 718 1308; x_wconf 87' lang='lat' dir='ltr'><strong>ac</strong></span> <span class='ocrx_word' id='word_1_183' title='bbox 748 1267 873 1307; x_wconf 89' lang='lat' dir='ltr'><strong>laude</strong></span> <span class='ocrx_word' id='word_1_184' title='bbox 908 1267 1072 1319; x_wconf 84' lang='lat' dir='ltr'><strong>cogito,</strong></span> <span class='ocrx_word' id='word_1_185' title='bbox 1112 1268 1158 1306; x_wconf 93' lang='lat' dir='ltr'><strong>tu</strong></span> <span class='ocrx_word' id='word_1_186' title='bbox 1187 1279 1278 1314; x_wconf 85' lang='lat' dir='ltr'><strong>me,</strong></span> <span class='ocrx_word' id='word_1_187' title='bbox 1320 1267 1517 1317; x_wconf 85' lang='lat' dir='ltr'><strong>inquam,</strong></span> <span class='ocrx_word' id='word_1_188' title='bbox 1559 1279 1696 1320; x_wconf 82' lang='lat' dir='ltr'><strong>rogas,</strong></span> 
     </span>
     <span class='ocr_line' id='line_1_22' title="bbox 238 1323 1700 1378; baseline 0 -14"><span class='ocrx_word' id='word_1_189' title='bbox 238 1325 478 1378; x_wconf 86' lang='lat' dir='ltr'><strong>praefectus</strong></span> <span class='ocrx_word' id='word_1_190' title='bbox 507 1326 556 1364; x_wconf 86' lang='lat' dir='ltr'><strong>ut</strong></span> <span class='ocrx_word' id='word_1_191' title='bbox 586 1324 782 1376; x_wconf 86' lang='lat' dir='ltr'><strong>Scaptius</strong></span> <span class='ocrx_word' id='word_1_192' title='bbox 814 1323 900 1363; x_wconf 83' lang='lat' dir='ltr'><strong>sit?</strong></span> <span class='ocrx_word' id='word_1_193' title='bbox 953 1323 1073 1363; x_wconf 85' lang='lat' dir='ltr'><strong>Alias</strong></span> <span class='ocrx_word' id='word_1_194' title='bbox 1103 1324 1183 1363; x_wconf 88' lang='lat' dir='ltr'><strong>hoc</strong></span> <span class='ocrx_word' id='word_1_195' title='bbox 1215 1325 1512 1372; x_wconf 85' lang='lat' dir='ltr'><strong>statueramus,</strong></span> <span class='ocrx_word' id='word_1_196' title='bbox 1553 1326 1601 1364; x_wconf 88' lang='lat' dir='ltr'><strong>ut</strong></span> <span class='ocrx_word' id='word_1_197' title='bbox 1629 1337 1700 1364; x_wconf 91' lang='lat' dir='ltr'><strong>ne·</strong></span> 
     </span>
     <span class='ocr_line' id='line_1_23' title="bbox 239 1379 1701 1434; baseline 0.001 -13"><span class='ocrx_word' id='word_1_198' title='bbox 239 1382 489 1434; x_wconf 81' lang='lat' dir='ltr'><strong>gotiatorem</strong></span> <span class='ocrx_word' id='word_1_199' title='bbox 529 1381 761 1421; x_wconf 90' lang='lat' dir='ltr'><strong>neminem:</strong></span> <span class='ocrx_word' id='word_1_200' title='bbox 802 1380 928 1432; x_wconf 90' lang='lat' dir='ltr'><strong>idque</strong></span> <span class='ocrx_word' id='word_1_201' title='bbox 962 1381 1092 1421; x_wconf 86' lang='lat' dir='ltr'><strong>Bruto</strong></span> <span class='ocrx_word' id='word_1_202' title='bbox 1131 1379 1469 1431; x_wconf 81' lang='lat' dir='ltr'><strong>probaveramus.</strong></span> <span class='ocrx_word' id='word_1_203' title='bbox 1535 1381 1701 1422; x_wconf 80' lang='lat' dir='ltr'><strong>Habeat</strong></span> 
     </span>
    </p>

    <p class='ocr_par' dir='ltr' id='par_1_5' title="bbox 188 1437 1700 1491">
     <span class='ocr_line' id='line_1_24' title="bbox 188 1437 1700 1491; baseline 0.001 -13"><span class='ocrx_word' id='word_1_204' title='bbox 188 1441 216 1482; x_wconf 83' lang='grc'>9</span> <span class='ocrx_word' id='word_1_205' title='bbox 240 1440 276 1478; x_wconf 88' lang='lat' dir='ltr'><strong>is</strong></span> <span class='ocrx_word' id='word_1_206' title='bbox 304 1437 493 1479; x_wconf 81' lang='lat' dir='ltr'><strong>turmas?</strong></span> <span class='ocrx_word' id='word_1_207' title='bbox 545 1438 629 1478; x_wconf 85' lang='lat' dir='ltr'><strong>Cur</strong></span> <span class='ocrx_word' id='word_1_208' title='bbox 658 1437 824 1491; x_wconf 90' lang='lat' dir='ltr'><strong>potius,</strong></span> <span class='ocrx_word' id='word_1_209' title='bbox 868 1449 992 1489; x_wconf 86' lang='lat' dir='ltr'><strong>quam</strong></span> <span class='ocrx_word' id='word_1_210' title='bbox 1022 1437 1247 1478; x_wconf 84' lang='lat' dir='ltr'><strong>cohortes?</strong></span> <span class='ocrx_word' id='word_1_211' title='bbox 1307 1438 1482 1490; x_wconf 87' lang='lat' dir='ltr'><strong>Sumptu</strong></span> <span class='ocrx_word' id='word_1_212' title='bbox 1517 1438 1602 1480; x_wconf 89' lang='lat' dir='ltr'><strong>iam</strong></span> <span class='ocrx_word' id='word_1_213' title='bbox 1630 1451 1700 1479; x_wconf 89' lang='lat' dir='ltr'><strong>ne-</strong></span> 
     </span>
    </p>
   </div>
   <div class='ocr_carea' id='block_1_4' title="bbox 1772 0 1789 687">
    <p class='ocr_par' dir='ltr' id='par_1_6' title="bbox 1772 0 1789 687">
     <span class='ocr_line' id='line_1_25' title="bbox 1772 0 1789 687; baseline 0 2356"><span class='ocrx_word' id='word_1_214' title='bbox 1772 0 1789 687; x_wconf 95' lang='lat' dir='ltr'><strong> </strong></span> 
     </span>
    </p>
   </div>
   <div class='ocr_carea' id='block_1_5' title="bbox 1095 1502 1192 1505">
    <p class='ocr_par' dir='ltr' id='par_1_7' title="bbox 1095 1502 1192 1505">
     <span class='ocr_line' id='line_1_26' title="bbox 1095 1502 1192 1505; baseline 0 0"><span class='ocrx_word' id='word_1_215' title='bbox 1095 1502 1192 1505; x_wconf 95' lang='lat' dir='ltr'><strong> </strong></span> 
     </span>
    </p>
   </div>
   <div class='ocr_carea' id='block_1_6' title="bbox 1193 1501 1321 1504">
    <p class='ocr_par' dir='ltr' id='par_1_8' title="bbox 1193 1501 1321 1504">
     <span class='ocr_line' id='line_1_27' title="bbox 1193 1501 1321 1504; baseline 0 0"><span class='ocrx_word' id='word_1_216' title='bbox 1193 1501 1321 1504; x_wconf 95' lang='lat' dir='ltr'><strong> </strong></span> 
     </span>
    </p>
   </div>
   <div class='ocr_carea' id='block_1_7' title="bbox 241 1526 1787 2725">
    <p class='ocr_par' dir='ltr' id='par_1_9' title="bbox 241 1526 1705 1801">
     <span class='ocr_line' id='line_1_28' title="bbox 241 1526 1701 1572; baseline -0.001 -10"><span class='ocrx_word' id='word_1_217' title='bbox 241 1538 276 1563; x_wconf 89' lang='lat' dir='ltr'><strong>u.</strong></span> <span class='ocrx_word' id='word_1_218' title='bbox 302 1528 359 1562; x_wconf 84' lang='lat'><strong>12.</strong></span> <span class='ocrx_word' id='word_1_219' title='bbox 382 1547 426 1553; x_wconf 90' lang='lat'>—</span> <span class='ocrx_word' id='word_1_220' title='bbox 464 1527 559 1562; x_wconf 73' lang='lat' dir='ltr'><strong>Auli</strong></span> <span class='ocrx_word' id='word_1_221' title='bbox 583 1527 747 1562; x_wconf 88' lang='lat' dir='ltr'><strong>Gabinii.</strong></span> <span class='ocrx_word' id='word_1_222' title='bbox 775 1527 812 1562; x_wconf 85' lang='lat' dir='ltr'><strong>S.</strong></span> <span class='ocrx_word' id='word_1_223' title='bbox 838 1526 896 1562; x_wconf 88' lang='lat' dir='ltr'><strong>ad.</strong></span> <span class='ocrx_word' id='word_1_224' title='bbox 924 1527 967 1562; x_wconf 83' lang='lat' dir='ltr'><strong>Q.</strong></span> <span class='ocrx_word' id='word_1_225' title='bbox 985 1527 1107 1561; x_wconf 85' lang='lat' dir='ltr'><strong>Fratr.</strong></span> <span class='ocrx_word' id='word_1_226' title='bbox 1126 1526 1197 1568; x_wconf 87' lang='grc' dir='ltr'>ΙΙΙ,</span> <span class='ocrx_word' id='word_1_227' title='bbox 1218 1526 1249 1560; x_wconf 85' lang='grc'><strong>2.</strong></span> <span class='ocrx_word' id='word_1_228' title='bbox 1265 1528 1299 1562; x_wconf 88' lang='lat'><strong>3.</strong></span> <span class='ocrx_word' id='word_1_229' title='bbox 1314 1527 1345 1561; x_wconf 87' lang='lat'><strong>4.</strong></span> <span class='ocrx_word' id='word_1_230' title='bbox 1363 1529 1395 1562; x_wconf 90' lang='lat'><strong>7.</strong></span> <span class='ocrx_word' id='word_1_231' title='bbox 1409 1527 1441 1561; x_wconf 85' lang='lat'><strong>9.</strong></span> <span class='ocrx_word' id='word_1_232' title='bbox 1468 1526 1513 1561; x_wconf 90' lang='lat' dir='ltr'><strong>ad</strong></span> <span class='ocrx_word' id='word_1_233' title='bbox 1526 1527 1701 1572; x_wconf 86' lang='lat' dir='ltr'><strong>Famil.1,</strong></span> 
     </span>
     <span class='ocr_line' id='line_1_29' title="bbox 241 1572 1701 1618; baseline 0 -10"><span class='ocrx_word' id='word_1_234' title='bbox 241 1576 274 1608; x_wconf 85' lang='lat'><strong>1.</strong></span> <span class='ocrx_word' id='word_1_235' title='bbox 308 1574 354 1609; x_wconf 88' lang='lat' dir='ltr'><strong>ad</strong></span> <span class='ocrx_word' id='word_1_236' title='bbox 378 1572 490 1608; x_wconf 72' lang='lat' dir='ltr'><strong>Attio.</strong></span> <span class='ocrx_word' id='word_1_237' title='bbox 512 1573 568 1616; x_wconf 91' lang='lat'><strong>11,</strong></span> <span class='ocrx_word' id='word_1_238' title='bbox 596 1575 628 1607; x_wconf 86' lang='lat'><strong>5.</strong></span> <span class='ocrx_word' id='word_1_239' title='bbox 663 1574 732 1617; x_wconf 84' lang='lat' dir='ltr'><strong>lv,</strong></span> <span class='ocrx_word' id='word_1_240' title='bbox 753 1574 809 1609; x_wconf 84' lang='lat'><strong>16.</strong></span> <span class='ocrx_word' id='word_1_241' title='bbox 830 1591 874 1598; x_wconf 87' lang='lat'>—</span> <span class='ocrx_word' id='word_1_242' title='bbox 911 1573 984 1606; x_wconf 77' lang='lat' dir='ltr'><strong>ista</strong></span> <span class='ocrx_word' id='word_1_243' title='bbox 1019 1582 1143 1618; x_wconf 78' lang='lat' dir='ltr'><strong>syngr.</strong></span> <span class='ocrx_word' id='word_1_244' title='bbox 1169 1573 1297 1606; x_wconf 87' lang='lat' dir='ltr'><strong>Lamb.</strong></span> <span class='ocrx_word' id='word_1_245' title='bbox 1331 1584 1374 1606; x_wconf 75' lang='lat' dir='ltr'><strong>esc</strong></span> <span class='ocrx_word' id='word_1_246' title='bbox 1405 1574 1479 1607; x_wconf 79' lang='lat' dir='ltr'><strong>ista</strong></span> <span class='ocrx_word' id='word_1_247' title='bbox 1509 1584 1538 1608; x_wconf 88' lang='lat' dir='ltr'><strong>s.</strong></span> <span class='ocrx_word' id='word_1_248' title='bbox 1563 1575 1701 1608; x_wconf 87' lang='lat' dir='ltr'><strong>Muret.</strong></span> 
     </span>
     <span class='ocr_line' id='line_1_30' title="bbox 241 1618 1705 1665; baseline 0 -11"><span class='ocrx_word' id='word_1_249' title='bbox 241 1630 344 1665; x_wconf 79' lang='lat' dir='ltr'><strong>susp.</strong></span> <span class='ocrx_word' id='word_1_250' title='bbox 371 1630 414 1653; x_wconf 76' lang='lat' dir='ltr'><strong>ex</strong></span> <span class='ocrx_word' id='word_1_251' title='bbox 439 1630 567 1664; x_wconf 78' lang='lat' dir='ltr'><strong>syngr.</strong></span> <span class='ocrx_word' id='word_1_252' title='bbox 584 1638 628 1645; x_wconf 89' lang='lat'>-</span> <span class='ocrx_word' id='word_1_253' title='bbox 668 1619 775 1654; x_wconf 81' lang='lat' dir='ltr'><strong>Nunc</strong></span> <span class='ocrx_word' id='word_1_254' title='bbox 799 1619 871 1652; x_wconf 77' lang='lat' dir='ltr'><strong>ista</strong></span> <span class='ocrx_word' id='word_1_255' title='bbox 896 1618 977 1652; x_wconf 72' lang='lat' dir='ltr'><strong>hab.</strong></span> <span class='ocrx_word' id='word_1_256' title='bbox 1005 1625 1075 1653; x_wconf 85' lang='lat' dir='ltr'><strong>cet.</strong></span> <span class='ocrx_word' id='word_1_257' title='bbox 1122 1618 1243 1653; x_wconf 84' lang='lat' dir='ltr'><strong>Diese</strong></span> <span class='ocrx_word' id='word_1_258' title='bbox 1269 1618 1705 1664; x_wconf 85' lang='lat' dir='ltr'><strong>Schuldverschreibung</strong></span> 
     </span>
     <span class='ocr_line' id='line_1_31' title="bbox 241 1665 1705 1711; baseline 0 -12"><span class='ocrx_word' id='word_1_259' title='bbox 241 1666 313 1711; x_wconf 84' lang='lat' dir='ltr'><strong>gilt</strong></span> <span class='ocrx_word' id='word_1_260' title='bbox 337 1666 417 1700; x_wconf 83' lang='lat' dir='ltr'><strong>also</strong></span> <span class='ocrx_word' id='word_1_261' title='bbox 448 1677 517 1699; x_wconf 83' lang='lat' dir='ltr'><strong>vor</strong></span> <span class='ocrx_word' id='word_1_262' title='bbox 544 1665 701 1700; x_wconf 76' lang='lat' dir='ltr'><strong>Gericht</strong></span> <span class='ocrx_word' id='word_1_263' title='bbox 734 1665 851 1699; x_wconf 88' lang='lat' dir='ltr'><strong>durch</strong></span> <span class='ocrx_word' id='word_1_264' title='bbox 883 1665 966 1699; x_wconf 88' lang='lat' dir='ltr'><strong>eine</strong></span> <span class='ocrx_word' id='word_1_265' title='bbox 998 1665 1209 1699; x_wconf 81' lang='lat' dir='ltr'><strong>Ausnahme</strong></span> <span class='ocrx_word' id='word_1_266' title='bbox 1241 1676 1323 1698; x_wconf 91' lang='lat' dir='ltr'><strong>vom</strong></span> <span class='ocrx_word' id='word_1_267' title='bbox 1350 1666 1601 1700; x_wconf 83' lang='lat' dir='ltr'><strong>Gabinischen</strong></span> <span class='ocrx_word' id='word_1_268' title='bbox 1628 1666 1705 1700; x_wconf 87' lang='lat' dir='ltr'><strong>Ge-</strong></span> 
     </span>
     <span class='ocr_line' id='line_1_32' title="bbox 243 1710 1704 1757; baseline -0.001 -10"><span class='ocrx_word' id='word_1_269' title='bbox 243 1720 345 1747; x_wconf 81' lang='lat' dir='ltr'><strong>setze</strong></span> <span class='ocrx_word' id='word_1_270' title='bbox 378 1722 420 1745; x_wconf 86' lang='lat' dir='ltr'><strong>so</strong></span> <span class='ocrx_word' id='word_1_271' title='bbox 452 1712 528 1747; x_wconf 81' lang='lat' dir='ltr'><strong>viel</strong></span> <span class='ocrx_word' id='word_1_272' title='bbox 559 1713 613 1746; x_wconf 85' lang='lat' dir='ltr'><strong>als</strong></span> <span class='ocrx_word' id='word_1_273' title='bbox 645 1712 718 1745; x_wconf 90' lang='lat' dir='ltr'><strong>alle</strong></span> <span class='ocrx_word' id='word_1_274' title='bbox 751 1711 909 1754; x_wconf 84' lang='lat' dir='ltr'><strong>andere,</strong></span> <span class='ocrx_word' id='word_1_275' title='bbox 946 1710 1042 1745; x_wconf 88' lang='lat' dir='ltr'><strong>ohne</strong></span> <span class='ocrx_word' id='word_1_276' title='bbox 1078 1711 1137 1744; x_wconf 89' lang='lat' dir='ltr'><strong>ihr</strong></span> <span class='ocrx_word' id='word_1_277' title='bbox 1168 1711 1204 1745; x_wconf 85' lang='lat' dir='ltr'><strong>in</strong></span> <span class='ocrx_word' id='word_1_278' title='bbox 1236 1711 1440 1757; x_wconf 82' lang='lat' dir='ltr'><strong>Ansehung</strong></span> <span class='ocrx_word' id='word_1_279' title='bbox 1473 1712 1540 1746; x_wconf 89' lang='lat' dir='ltr'><strong>der</strong></span> <span class='ocrx_word' id='word_1_280' title='bbox 1566 1712 1704 1747; x_wconf 86' lang='lat' dir='ltr'><strong>Zinsen</strong></span> 
     </span>
     <span class='ocr_line' id='line_1_33' title="bbox 244 1757 1285 1801; baseline -0.003 -8"><span class='ocrx_word' id='word_1_281' title='bbox 244 1759 348 1794; x_wconf 87' lang='lat' dir='ltr'><strong>mehr</strong></span> <span class='ocrx_word' id='word_1_282' title='bbox 372 1758 493 1792; x_wconf 86' lang='lat' dir='ltr'><strong>Recht</strong></span> <span class='ocrx_word' id='word_1_283' title='bbox 518 1768 564 1792; x_wconf 93' lang='lat' dir='ltr'><strong>zu</strong></span> <span class='ocrx_word' id='word_1_284' title='bbox 590 1757 789 1801; x_wconf 89' lang='lat' dir='ltr'><strong>ertheilen,</strong></span> <span class='ocrx_word' id='word_1_285' title='bbox 814 1758 868 1791; x_wconf 83' lang='lat' dir='ltr'><strong>als</strong></span> <span class='ocrx_word' id='word_1_286' title='bbox 893 1757 967 1791; x_wconf 85' lang='lat' dir='ltr'><strong>alle</strong></span> <span class='ocrx_word' id='word_1_287' title='bbox 991 1757 1128 1791; x_wconf 86' lang='lat' dir='ltr'><strong>andere</strong></span> <span class='ocrx_word' id='word_1_288' title='bbox 1154 1757 1285 1790; x_wconf 85' lang='lat' dir='ltr'><strong>haben.</strong></span> 
     </span>
    </p>

    <p class='ocr_par' dir='ltr' id='par_1_10' title="bbox 245 1803 1787 2725">
     <span class='ocr_line' id='line_1_34' title="bbox 335 1803 1705 1840; baseline -0.001 -1"><span class='ocrx_word' id='word_1_289' title='bbox 335 1805 367 1839; x_wconf 88' lang='grc'><strong>8.</strong></span> <span class='ocrx_word' id='word_1_290' title='bbox 397 1805 475 1838; x_wconf 66' lang='lat' dir='ltr'><strong>tibi.</strong></span> <span class='ocrx_word' id='word_1_291' title='bbox 491 1804 579 1840; x_wconf 85' lang='lat' dir='ltr'><strong>Sch.</strong></span> <span class='ocrx_word' id='word_1_292' title='bbox 597 1804 798 1838; x_wconf 72' lang='lat' dir='ltr'><strong>coni.L1·jn.</strong></span> <span class='ocrx_word' id='word_1_293' title='bbox 819 1815 866 1837; x_wconf 82' lang='lat' dir='ltr'><strong>an</strong></span> <span class='ocrx_word' id='word_1_294' title='bbox 885 1804 965 1837; x_wconf 75' lang='lat' dir='ltr'><strong>tibi.</strong></span> <span class='ocrx_word' id='word_1_295' title='bbox 980 1804 1135 1838; x_wconf 80' lang='lat' dir='ltr'><strong>Poterat</strong></span> <span class='ocrx_word' id='word_1_296' title='bbox 1154 1803 1263 1837; x_wconf 81' lang='lat' dir='ltr'><strong>etiam</strong></span> <span class='ocrx_word' id='word_1_297' title='bbox 1290 1803 1404 1837; x_wconf 75' lang='lat' dir='ltr'><strong>tibine</strong></span> <span class='ocrx_word' id='word_1_298' title='bbox 1430 1804 1562 1838; x_wconf 80' lang='lat' dir='ltr'><strong>nescio.</strong></span> <span class='ocrx_word' id='word_1_299' title='bbox 1577 1804 1705 1838; x_wconf 68' lang='lat' dir='ltr'><strong>OR-</strong></span> 
     </span>
     <span class='ocr_line' id='line_1_35' title="bbox 245 1850 1706 1902; baseline 0 -18"><span class='ocrx_word' id='word_1_300' title='bbox 245 1850 379 1884; x_wconf 75' lang='lat' dir='ltr'><strong>Catoni</strong></span> <span class='ocrx_word' id='word_1_301' title='bbox 408 1851 511 1895; x_wconf 77' lang='lat' dir='ltr'><strong>prob.</strong></span> <span class='ocrx_word' id='word_1_302' title='bbox 553 1850 591 1885; x_wconf 80' lang='lat' dir='ltr'><strong>S.</strong></span> <span class='ocrx_word' id='word_1_303' title='bbox 623 1862 681 1902; x_wconf 86' lang='lat' dir='ltr'><strong>ep.</strong></span> <span class='ocrx_word' id='word_1_304' title='bbox 713 1851 867 1893; x_wconf 85' lang='lat' dir='ltr'>CCLII,</span> <span class='ocrx_word' id='word_1_305' title='bbox 894 1853 928 1894; x_wconf 86' lang='lat'><strong>7,</strong></span> <span class='ocrx_word' id='word_1_306' title='bbox 962 1861 1018 1884; x_wconf 88' lang='lat' dir='ltr'><strong>am</strong></span> <span class='ocrx_word' id='word_1_307' title='bbox 1043 1850 1149 1883; x_wconf 88' lang='lat' dir='ltr'><strong>Ende</strong></span> <span class='ocrx_word' id='word_1_308' title='bbox 1184 1861 1220 1884; x_wconf 93' lang='lat' dir='ltr'><strong>u.</strong></span> <span class='ocrx_word' id='word_1_309' title='bbox 1246 1850 1322 1884; x_wconf 82' lang='lat' dir='ltr'><strong>das.</strong></span> <span class='ocrx_word' id='word_1_310' title='bbox 1348 1850 1376 1891; x_wconf 82' lang='lat'><strong>§.</strong></span> <span class='ocrx_word' id='word_1_311' title='bbox 1394 1851 1415 1884; x_wconf 85' lang='lat'>5</span> <span class='ocrx_word' id='word_1_312' title='bbox 1439 1861 1495 1884; x_wconf 86' lang='lat' dir='ltr'><strong>am</strong></span> <span class='ocrx_word' id='word_1_313' title='bbox 1520 1850 1638 1884; x_wconf 88' lang='lat' dir='ltr'><strong>Ende.</strong></span> <span class='ocrx_word' id='word_1_314' title='bbox 1660 1869 1706 1877; x_wconf 92' lang='lat'><strong>—-</strong></span> 
     </span>
     <span class='ocr_line' id='line_1_36' title="bbox 245 1895 1707 1940; baseline 0.001 -11"><span class='ocrx_word' id='word_1_315' title='bbox 245 1898 452 1940; x_wconf 75' lang='lat' dir='ltr'><strong>elegantiae</strong></span> <span class='ocrx_word' id='word_1_316' title='bbox 477 1901 623 1930; x_wconf 80' lang='lat' dir='ltr'><strong>nostrae</strong></span> <span class='ocrx_word' id='word_1_317' title='bbox 646 1908 669 1931; x_wconf 91' lang='lat'><strong>1.</strong></span> <span class='ocrx_word' id='word_1_318' title='bbox 689 1908 720 1930; x_wconf 90' lang='lat' dir='ltr'><strong>e.</strong></span> <span class='ocrx_word' id='word_1_319' title='bbox 747 1906 889 1929; x_wconf 82' lang='lat' dir='ltr'><strong>morum</strong></span> <span class='ocrx_word' id='word_1_320' title='bbox 914 1896 1107 1940; x_wconf 78' lang='lat' dir='ltr'><strong>puritatis,</strong></span> <span class='ocrx_word' id='word_1_321' title='bbox 1133 1895 1378 1930; x_wconf 84' lang='lat' dir='ltr'><strong>abstinentiae</strong></span> <span class='ocrx_word' id='word_1_322' title='bbox 1403 1906 1424 1929; x_wconf 90' lang='lat' dir='ltr'><strong>a</strong></span> <span class='ocrx_word' id='word_1_323' title='bbox 1448 1897 1622 1931; x_wconf 90' lang='lat' dir='ltr'><strong>sordibus</strong></span> <span class='ocrx_word' id='word_1_324' title='bbox 1646 1908 1707 1931; x_wconf 83' lang='lat' dir='ltr'><strong>re-</strong></span> 
     </span>
     <span class='ocr_line' id='line_1_37' title="bbox 246 1942 1753 1987; baseline 0.002 -12"><span class='ocrx_word' id='word_1_325' title='bbox 246 1950 379 1976; x_wconf 84' lang='lat' dir='ltr'><strong>motae.</strong></span> <span class='ocrx_word' id='word_1_326' title='bbox 409 1943 511 1978; x_wconf 84' lang='lat' dir='ltr'><strong>omis.</strong></span> <span class='ocrx_word' id='word_1_327' title='bbox 538 1947 684 1976; x_wconf 77' lang='lat' dir='ltr'><strong>nostrae</strong></span> <span class='ocrx_word' id='word_1_328' title='bbox 711 1944 832 1977; x_wconf 79' lang='lat' dir='ltr'><strong>Oxou.</strong></span> <span class='ocrx_word' id='word_1_329' title='bbox 849 1943 881 1977; x_wconf 86' lang='lat'><strong>2.</strong></span> <span class='ocrx_word' id='word_1_330' title='bbox 908 1944 1063 1977; x_wconf 84' lang='lat' dir='ltr'><strong>Helmst.</strong></span> <span class='ocrx_word' id='word_1_331' title='bbox 1091 1942 1182 1978; x_wconf 88' lang='lat' dir='ltr'><strong>Cdd.</strong></span> <span class='ocrx_word' id='word_1_332' title='bbox 1208 1942 1365 1987; x_wconf 76' lang='lat' dir='ltr'><strong>Malasp.</strong></span> <span class='ocrx_word' id='word_1_333' title='bbox 1393 1942 1482 1977; x_wconf 90' lang='lat' dir='ltr'><strong>Ern.</strong></span> <span class='ocrx_word' id='word_1_334' title='bbox 1506 1942 1592 1977; x_wconf 88' lang='lat' dir='ltr'><strong>Sch.</strong></span> <span class='ocrx_word' id='word_1_335' title='bbox 1611 1943 1705 1978; x_wconf 82' lang='lat' dir='ltr'><strong>Liin.</strong></span> <span class='ocrx_word' id='word_1_336' title='bbox 1746 1947 1753 1961; x_wconf 54' lang='lat'>⁸</span> 
     </span>
     <span class='ocr_line' id='line_1_38' title="bbox 247 1988 1785 2034; baseline 0.001 -11"><span class='ocrx_word' id='word_1_337' title='bbox 247 1989 396 2024; x_wconf 81' lang='lat' dir='ltr'><strong>Habent</strong></span> <span class='ocrx_word' id='word_1_338' title='bbox 420 1989 567 2034; x_wconf 86' lang='lat' dir='ltr'><strong>priores</strong></span> <span class='ocrx_word' id='word_1_339' title='bbox 587 2001 668 2023; x_wconf 88' lang='lat' dir='ltr'><strong>cum</strong></span> <span class='ocrx_word' id='word_1_340' title='bbox 688 1990 783 2031; x_wconf 66' lang='lat' dir='ltr'><strong>Md„</strong></span> <span class='ocrx_word' id='word_1_341' title='bbox 800 2000 849 2023; x_wconf 87' lang='lat' dir='ltr'><strong>ex</strong></span> <span class='ocrx_word' id='word_1_342' title='bbox 869 2001 947 2023; x_wconf 86' lang='lat' dir='ltr'><strong>mea</strong></span> <span class='ocrx_word' id='word_1_343' title='bbox 964 1990 1092 2023; x_wconf 83' lang='lat' dir='ltr'><strong>saltem</strong></span> <span class='ocrx_word' id='word_1_344' title='bbox 1111 1988 1322 2023; x_wconf 80' lang='lat' dir='ltr'><strong>collatione.</strong></span> <span class='ocrx_word' id='word_1_345' title='bbox 1344 1989 1422 2022; x_wconf 85' lang='lat' dir='ltr'><strong>Csr.</strong></span> <span class='ocrx_word' id='word_1_346' title='bbox 1447 1989 1526 2022; x_wconf 73' lang='lat' dir='ltr'><strong>Lib.</strong></span> <span class='ocrx_word' id='word_1_347' title='bbox 1540 1991 1572 2023; x_wconf 88' lang='lat'><strong>7.</strong></span> <span class='ocrx_word' id='word_1_348' title='bbox 1589 1990 1658 2034; x_wconf 79' lang='lat' dir='ltr'><strong>Ep.</strong></span> <span class='ocrx_word' id='word_1_349' title='bbox 1671 1991 1704 2024; x_wconf 92' lang='lat'><strong>1.</strong></span> <span class='ocrx_word' id='word_1_350' title='bbox 1783 2022 1785 2027; x_wconf 84' lang='grc'>,</span> 
     </span>
     <span class='ocr_line' id='line_1_39' title="bbox 249 2034 1787 2079; baseline 0 -10"><span class='ocrx_word' id='word_1_351' title='bbox 249 2034 421 2069; x_wconf 77' lang='lat' dir='ltr'><strong>laudator</strong></span> <span class='ocrx_word' id='word_1_352' title='bbox 446 2040 479 2070; x_wconf 81' lang='lat' dir='ltr'><strong>et</strong></span> <span class='ocrx_word' id='word_1_353' title='bbox 503 2038 685 2078; x_wconf 77' lang='lat' dir='ltr'><strong>factorum</strong></span> <span class='ocrx_word' id='word_1_354' title='bbox 709 2036 979 2079; x_wconf 59' lang='lat' dir='ltr'><strong>»rescriptorum</strong></span> <span class='ocrx_word' id='word_1_355' title='bbox 1004 2047 1175 2069; x_wconf 78' lang='lat' dir='ltr'><strong>meorum.</strong></span> <span class='ocrx_word' id='word_1_356' title='bbox 1207 2035 1367 2070; x_wconf 75' lang='lat' dir='ltr'><strong>Nostrae</strong></span> <span class='ocrx_word' id='word_1_357' title='bbox 1382 2041 1502 2069; x_wconf 88' lang='lat' dir='ltr'><strong>autem</strong></span> <span class='ocrx_word' id='word_1_358' title='bbox 1522 2047 1590 2079; x_wconf 91' lang='lat' dir='ltr'><strong>per</strong></span> <span class='ocrx_word' id='word_1_359' title='bbox 1607 2047 1707 2069; x_wconf 91' lang='lat' dir='ltr'><strong>com·</strong></span> <span class='ocrx_word' id='word_1_360' title='bbox 1774 2054 1787 2067; x_wconf 50' lang='lat'><strong>¹·</strong></span> 
     </span>
     <span class='ocr_line' id='line_1_40' title="bbox 249 2081 1776 2126; baseline 0.001 -13"><span class='ocrx_word' id='word_1_361' title='bbox 249 2081 423 2125; x_wconf 85' lang='lat' dir='ltr'><strong>pendium</strong></span> <span class='ocrx_word' id='word_1_362' title='bbox 456 2082 634 2126; x_wconf 86' lang='lat' dir='ltr'><strong>scriptum</strong></span> <span class='ocrx_word' id='word_1_363' title='bbox 673 2093 762 2116; x_wconf 78' lang='lat' dir='ltr'><strong>nrae</strong></span> <span class='ocrx_word' id='word_1_364' title='bbox 794 2093 873 2115; x_wconf 87' lang='lat' dir='ltr'><strong>cum</strong></span> <span class='ocrx_word' id='word_1_365' title='bbox 917 2082 983 2115; x_wconf 88' lang='lat' dir='ltr'><strong>lin.</strong></span> <span class='ocrx_word' id='word_1_366' title='bbox 1014 2082 1190 2115; x_wconf 86' lang='lat' dir='ltr'><strong>facillime</strong></span> <span class='ocrx_word' id='word_1_367' title='bbox 1229 2081 1405 2115; x_wconf 84' lang='lat' dir='ltr'><strong>excidere</strong></span> <span class='ocrx_word' id='word_1_368' title='bbox 1445 2087 1592 2126; x_wconf 86' lang='lat' dir='ltr'><strong>poterat</strong></span> <span class='ocrx_word' id='word_1_369' title='bbox 1623 2090 1712 2126; x_wconf 85' lang='lat' dir='ltr'><strong>post</strong></span> <span class='ocrx_word' id='word_1_370' title='bbox 1774 2098 1776 2121; x_wconf 65' lang='lat'><em>1</em></span> 
     </span>
     <span class='ocr_line' id='line_1_41' title="bbox 247 2127 1709 2172; baseline 0.001 -12"><span class='ocrx_word' id='word_1_371' title='bbox 247 2127 446 2172; x_wconf 84' lang='lat' dir='ltr'><strong>praecedd.</strong></span> <span class='ocrx_word' id='word_1_372' title='bbox 472 2128 599 2161; x_wconf 78' lang='lat' dir='ltr'><strong>literas</strong></span> <span class='ocrx_word' id='word_1_373' title='bbox 625 2129 733 2162; x_wconf 77' lang='lat' dir='ltr'><strong>ntiae.</strong></span> <span class='ocrx_word' id='word_1_374' title='bbox 764 2128 960 2162; x_wconf 83' lang='lat' dir='ltr'><strong>ORELLI.</strong></span> <span class='ocrx_word' id='word_1_375' title='bbox 981 2147 1023 2152; x_wconf 90' lang='lat'>—</span> <span class='ocrx_word' id='word_1_376' title='bbox 1064 2139 1111 2161; x_wconf 83' lang='lat' dir='ltr'><strong>an</strong></span> <span class='ocrx_word' id='word_1_377' title='bbox 1136 2132 1184 2161; x_wconf 81' lang='lat' dir='ltr'><strong>tu.</strong></span> <span class='ocrx_word' id='word_1_378' title='bbox 1219 2127 1348 2161; x_wconf 90' lang='lat' dir='ltr'><strong>Lamb.</strong></span> <span class='ocrx_word' id='word_1_379' title='bbox 1375 2132 1449 2160; x_wconf 78' lang='lat' dir='ltr'><strong>tun.</strong></span> <span class='ocrx_word' id='word_1_380' title='bbox 1469 2146 1514 2152; x_wconf 82' lang='lat'><strong>—-·</strong></span> <span class='ocrx_word' id='word_1_381' title='bbox 1546 2128 1709 2161; x_wconf 79' lang='lat' dir='ltr'><strong>morderi</strong></span> 
     </span>
     <span class='ocr_line' id='line_1_42' title="bbox 249 2173 1708 2218; baseline 0 -11"><span class='ocrx_word' id='word_1_382' title='bbox 249 2177 294 2215; x_wconf 76' lang='lat' dir='ltr'><strong>te,</strong></span> <span class='ocrx_word' id='word_1_383' title='bbox 325 2174 383 2207; x_wconf 89' lang='lat' dir='ltr'><strong>Du</strong></span> <span class='ocrx_word' id='word_1_384' title='bbox 409 2175 546 2207; x_wconf 73' lang='lat' dir='ltr'><strong>warest</strong></span> <span class='ocrx_word' id='word_1_385' title='bbox 572 2174 757 2208; x_wconf 84' lang='lat' dir='ltr'><strong>zuweilen</strong></span> <span class='ocrx_word' id='word_1_386' title='bbox 782 2174 1060 2209; x_wconf 79' lang='lat' dir='ltr'><strong>verdriesslich.</strong></span> <span class='ocrx_word' id='word_1_387' title='bbox 1076 2193 1118 2199; x_wconf 85' lang='lat'><strong>—-</strong></span> <span class='ocrx_word' id='word_1_388' title='bbox 1150 2174 1318 2207; x_wconf 78' lang='lat' dir='ltr'><strong>simul:</strong></span> <span class='ocrx_word' id='word_1_389' title='bbox 1333 2173 1393 2207; x_wconf 91' lang='lat' dir='ltr'><strong>bei</strong></span> <span class='ocrx_word' id='word_1_390' title='bbox 1418 2173 1554 2207; x_wconf 88' lang='lat' dir='ltr'><strong>mir.-</strong></span> <span class='ocrx_word' id='word_1_391' title='bbox 1586 2174 1708 2218; x_wconf 81' lang='lat' dir='ltr'><strong>quinq.</strong></span> 
     </span>
     <span class='ocr_line' id='line_1_43' title="bbox 249 2219 1706 2264; baseline 0 -10"><span class='ocrx_word' id='word_1_392' title='bbox 249 2220 377 2254; x_wconf 84' lang='lat' dir='ltr'><strong>Ueber</strong></span> <span class='ocrx_word' id='word_1_393' title='bbox 403 2219 463 2253; x_wconf 83' lang='lat' dir='ltr'><strong>die</strong></span> <span class='ocrx_word' id='word_1_394' title='bbox 488 2221 722 2264; x_wconf 76' lang='lat' dir='ltr'><strong>Auslassung</strong></span> <span class='ocrx_word' id='word_1_395' title='bbox 747 2232 818 2254; x_wconf 82' lang='lat' dir='ltr'><strong>von</strong></span> <span class='ocrx_word' id='word_1_396' title='bbox 844 2232 950 2264; x_wconf 76' lang='lat' dir='ltr'><strong>qnam</strong></span> <span class='ocrx_word' id='word_1_397' title='bbox 973 2231 1004 2255; x_wconf 90' lang='lat' dir='ltr'><strong>s.</strong></span> <span class='ocrx_word' id='word_1_398' title='bbox 1028 2221 1177 2254; x_wconf 86' lang='lat' dir='ltr'><strong>Ramsh.</strong></span> <span class='ocrx_word' id='word_1_399' title='bbox 1203 2220 1232 2263; x_wconf 82' lang='lat'><strong>§.</strong></span> <span class='ocrx_word' id='word_1_400' title='bbox 1254 2220 1334 2261; x_wconf 86' lang='lat'>155,</span> <span class='ocrx_word' id='word_1_401' title='bbox 1351 2221 1384 2254; x_wconf 86' lang='lat'><strong>2.</strong></span> <span class='ocrx_word' id='word_1_402' title='bbox 1412 2220 1557 2254; x_wconf 82' lang='lat' dir='ltr'><strong>Grotef.</strong></span> <span class='ocrx_word' id='word_1_403' title='bbox 1583 2221 1706 2262; x_wconf 78' lang='lat'><strong>§.387.</strong></span> 
     </span>
     <span class='ocr_line' id='line_1_44' title="bbox 249 2265 1710 2310; baseline 0 -10"><span class='ocrx_word' id='word_1_404' title='bbox 249 2285 296 2292; x_wconf 84' lang='lat'><em>-</em></span> <span class='ocrx_word' id='word_1_405' title='bbox 331 2265 508 2309; x_wconf 76' lang='lat' dir='ltr'><strong>Spartaco</strong></span> <span class='ocrx_word' id='word_1_406' title='bbox 536 2266 628 2300; x_wconf 90' lang='lat' dir='ltr'><strong>duce</strong></span> <span class='ocrx_word' id='word_1_407' title='bbox 654 2267 917 2310; x_wconf 71' lang='lat' dir='ltr'><strong>fugitivorum,</strong></span> <span class='ocrx_word' id='word_1_408' title='bbox 951 2266 1014 2309; x_wconf 86' lang='lat' dir='ltr'><strong>qui</strong></span> <span class='ocrx_word' id='word_1_409' title='bbox 1039 2266 1175 2300; x_wconf 84' lang='lat' dir='ltr'><strong>bellum</strong></span> <span class='ocrx_word' id='word_1_410' title='bbox 1201 2265 1339 2299; x_wconf 84' lang='lat' dir='ltr'><strong>servile</strong></span> <span class='ocrx_word' id='word_1_411' title='bbox 1365 2266 1562 2300; x_wconf 86' lang='lat' dir='ltr'><strong>commovit</strong></span> <span class='ocrx_word' id='word_1_412' title='bbox 1588 2272 1625 2300; x_wconf 86' lang='lat' dir='ltr'><strong>et</strong></span> <span class='ocrx_word' id='word_1_413' title='bbox 1648 2268 1710 2300; x_wconf 83' lang='lat' dir='ltr'><strong>vel</strong></span> 
     </span>
     <span class='ocr_line' id='line_1_45' title="bbox 252 2311 1709 2358; baseline 0.001 -13"><span class='ocrx_word' id='word_1_414' title='bbox 252 2323 333 2345; x_wconf 83' lang='lat' dir='ltr'><strong>cum</strong></span> <span class='ocrx_word' id='word_1_415' title='bbox 358 2311 627 2355; x_wconf 78' lang='lat' dir='ltr'><strong>quinquaginta</strong></span> <span class='ocrx_word' id='word_1_416' title='bbox 650 2314 903 2356; x_wconf 85' lang='lat' dir='ltr'><strong>praedonibus</strong></span> <span class='ocrx_word' id='word_1_417' title='bbox 921 2313 990 2346; x_wconf 86' lang='lat' dir='ltr'><strong>iam</strong></span> <span class='ocrx_word' id='word_1_418' title='bbox 1011 2313 1099 2346; x_wconf 86' lang='lat' dir='ltr'><strong>satis</strong></span> <span class='ocrx_word' id='word_1_419' title='bbox 1116 2312 1201 2346; x_wconf 87' lang='lat' dir='ltr'><strong>mali</strong></span> <span class='ocrx_word' id='word_1_420' title='bbox 1220 2313 1342 2346; x_wconf 85' lang='lat' dir='ltr'><strong>facere</strong></span> <span class='ocrx_word' id='word_1_421' title='bbox 1358 2312 1493 2356; x_wconf 88' lang='lat' dir='ltr'><strong>potuit.</strong></span> <span class='ocrx_word' id='word_1_422' title='bbox 1507 2333 1551 2338; x_wconf 88' lang='lat'>—</span> <span class='ocrx_word' id='word_1_423' title='bbox 1571 2313 1709 2358; x_wconf 80' lang='lat' dir='ltr'><strong>primo,</strong></span> 
     </span>
     <span class='ocr_line' id='line_1_46' title="bbox 251 2357 1711 2403; baseline 0.001 -11"><span class='ocrx_word' id='word_1_424' title='bbox 251 2359 419 2401; x_wconf 79' lang='lat' dir='ltr'><strong>ansangs.</strong></span> <span class='ocrx_word' id='word_1_425' title='bbox 458 2357 496 2392; x_wconf 85' lang='lat' dir='ltr'><strong>S.</strong></span> <span class='ocrx_word' id='word_1_426' title='bbox 525 2358 671 2392; x_wconf 84' lang='lat' dir='ltr'><strong>Ramsh.</strong></span> <span class='ocrx_word' id='word_1_427' title='bbox 699 2361 726 2402; x_wconf 66' lang='grc' dir='ltr'><strong>ξ).</strong></span> <span class='ocrx_word' id='word_1_428' title='bbox 751 2361 825 2393; x_wconf 91' lang='grc'><strong>177.</strong></span> <span class='ocrx_word' id='word_1_429' title='bbox 843 2378 886 2385; x_wconf 89' lang='lat'>-</span> <span class='ocrx_word' id='word_1_430' title='bbox 922 2360 1010 2403; x_wconf 77' lang='lat' dir='ltr'><strong>quid</strong></span> <span class='ocrx_word' id='word_1_431' title='bbox 1034 2359 1173 2402; x_wconf 80' lang='lat' dir='ltr'><strong>regiert</strong></span> <span class='ocrx_word' id='word_1_432' title='bbox 1207 2358 1279 2392; x_wconf 92' lang='lat' dir='ltr'><strong>den</strong></span> <span class='ocrx_word' id='word_1_433' title='bbox 1305 2359 1419 2402; x_wconf 81' lang='lat' dir='ltr'><strong>genit.</strong></span> <span class='ocrx_word' id='word_1_434' title='bbox 1446 2359 1609 2392; x_wconf 77' lang='lat' dir='ltr'><strong>mali.—-</strong></span> <span class='ocrx_word' id='word_1_435' title='bbox 1647 2359 1711 2393; x_wconf 68' lang='lat' dir='ltr'><strong>iste·</strong></span> 
     </span>
     <span class='ocr_line' id='line_1_47' title="bbox 253 2403 1710 2450; baseline 0.002 -13"><span class='ocrx_word' id='word_1_436' title='bbox 253 2404 473 2447; x_wconf 86' lang='lat' dir='ltr'><strong>equites.—-</strong></span> <span class='ocrx_word' id='word_1_437' title='bbox 508 2403 548 2436; x_wconf 81' lang='lat' dir='ltr'><strong>in</strong></span> <span class='ocrx_word' id='word_1_438' title='bbox 573 2408 646 2437; x_wconf 78' lang='lat' dir='ltr'><strong>tam</strong></span> <span class='ocrx_word' id='word_1_439' title='bbox 671 2409 795 2438; x_wconf 81' lang='lat' dir='ltr'><strong>tenera</strong></span> <span class='ocrx_word' id='word_1_440' title='bbox 818 2405 939 2439; x_wconf 73' lang='lat' dir='ltr'><strong>insula</strong></span> <span class='ocrx_word' id='word_1_441' title='bbox 965 2405 1104 2450; x_wconf 78' lang='lat' dir='ltr'><strong>Cypro,</strong></span> <span class='ocrx_word' id='word_1_442' title='bbox 1131 2404 1195 2438; x_wconf 87' lang='lat' dir='ltr'><strong>ubi</strong></span> <span class='ocrx_word' id='word_1_443' title='bbox 1220 2405 1387 2439; x_wconf 86' lang='lat' dir='ltr'><strong>homines</strong></span> <span class='ocrx_word' id='word_1_444' title='bbox 1413 2405 1565 2446; x_wconf 85' lang='lat' dir='ltr'><strong>molles,</strong></span> <span class='ocrx_word' id='word_1_445' title='bbox 1591 2403 1710 2440; x_wconf 86' lang='lat' dir='ltr'><strong>minus</strong></span> 
     </span>
     <span class='ocr_line' id='line_1_48' title="bbox 252 2449 1708 2496; baseline 0 -11"><span class='ocrx_word' id='word_1_446' title='bbox 252 2450 392 2491; x_wconf 79' lang='lat' dir='ltr'><strong>sortes,</strong></span> <span class='ocrx_word' id='word_1_447' title='bbox 429 2449 492 2491; x_wconf 84' lang='lat' dir='ltr'><strong>qui</strong></span> <span class='ocrx_word' id='word_1_448' title='bbox 523 2461 595 2484; x_wconf 92' lang='lat' dir='ltr'><strong>non</strong></span> <span class='ocrx_word' id='word_1_449' title='bbox 629 2450 806 2485; x_wconf 77' lang='lat' dir='ltr'><strong>resistere</strong></span> <span class='ocrx_word' id='word_1_450' title='bbox 839 2463 905 2484; x_wconf 85' lang='lat' dir='ltr'><strong>nec</strong></span> <span class='ocrx_word' id='word_1_451' title='bbox 942 2451 1040 2484; x_wconf 87' lang='lat' dir='ltr'><strong>ferre</strong></span> <span class='ocrx_word' id='word_1_452' title='bbox 1072 2451 1183 2484; x_wconf 87' lang='lat' dir='ltr'><strong>ullam</strong></span> <span class='ocrx_word' id='word_1_453' title='bbox 1214 2451 1285 2484; x_wconf 75' lang='lat' dir='ltr'><strong>vim</strong></span> <span class='ocrx_word' id='word_1_454' title='bbox 1319 2458 1471 2496; x_wconf 82' lang='lat' dir='ltr'><strong>possent</strong></span> <span class='ocrx_word' id='word_1_455' title='bbox 1501 2451 1708 2485; x_wconf 85' lang='lat' dir='ltr'><strong>militarem.</strong></span> 
     </span>
     <span class='ocr_line' id='line_1_49' title="bbox 253 2495 1709 2541; baseline 0 -10"><span class='ocrx_word' id='word_1_456' title='bbox 253 2495 486 2531; x_wconf 73' lang='lat' dir='ltr'><strong>ERNESTI.</strong></span> <span class='ocrx_word' id='word_1_457' title='bbox 503 2514 547 2521; x_wconf 84' lang='lat'><strong>—-</strong></span> <span class='ocrx_word' id='word_1_458' title='bbox 583 2495 667 2529; x_wconf 80' lang='lat' dir='ltr'><strong>Non</strong></span> <span class='ocrx_word' id='word_1_459' title='bbox 692 2498 758 2538; x_wconf 80' lang='lat' dir='ltr'><strong>fec.</strong></span> <span class='ocrx_word' id='word_1_460' title='bbox 785 2502 858 2530; x_wconf 78' lang='lat' dir='ltr'><strong>aut.</strong></span> <span class='ocrx_word' id='word_1_461' title='bbox 886 2497 966 2530; x_wconf 88' lang='lat' dir='ltr'><strong>scil.</strong></span> <span class='ocrx_word' id='word_1_462' title='bbox 993 2496 1151 2539; x_wconf 77' lang='lat' dir='ltr'><strong>inquies.</strong></span> <span class='ocrx_word' id='word_1_463' title='bbox 1170 2516 1214 2522; x_wconf 88' lang='lat'>—</span> <span class='ocrx_word' id='word_1_464' title='bbox 1245 2498 1353 2538; x_wconf 76' lang='lat' dir='ltr'><strong>fame.</strong></span> <span class='ocrx_word' id='word_1_465' title='bbox 1391 2496 1426 2531; x_wconf 83' lang='lat' dir='ltr'><strong>S.</strong></span> <span class='ocrx_word' id='word_1_466' title='bbox 1446 2497 1709 2541; x_wconf 82' lang='lat' dir='ltr'><strong>ep.CCL11,6.</strong></span> 
     </span>
     <span class='ocr_line' id='line_1_50' title="bbox 252 2541 1710 2587; baseline 0.001 -10"><span class='ocrx_word' id='word_1_467' title='bbox 252 2562 296 2570; x_wconf 81' lang='lat'>-</span> <span class='ocrx_word' id='word_1_468' title='bbox 333 2542 460 2586; x_wconf 76' lang='lat' dir='ltr'><strong>Appii.</strong></span> <span class='ocrx_word' id='word_1_469' title='bbox 494 2541 533 2576; x_wconf 89' lang='lat' dir='ltr'><strong>S.</strong></span> <span class='ocrx_word' id='word_1_470' title='bbox 561 2553 618 2587; x_wconf 88' lang='lat' dir='ltr'><strong>ep.</strong></span> <span class='ocrx_word' id='word_1_471' title='bbox 639 2543 745 2585; x_wconf 84' lang='lat' dir='ltr'>CCL,</span> <span class='ocrx_word' id='word_1_472' title='bbox 764 2546 805 2577; x_wconf 82' lang='lat'><strong>10</strong></span> <span class='ocrx_word' id='word_1_473' title='bbox 830 2555 884 2576; x_wconf 85' lang='lat' dir='ltr'><strong>am</strong></span> <span class='ocrx_word' id='word_1_474' title='bbox 910 2543 1028 2577; x_wconf 84' lang='lat' dir='ltr'><strong>Ende.</strong></span> <span class='ocrx_word' id='word_1_475' title='bbox 1050 2561 1093 2567; x_wconf 85' lang='lat'>—</span> <span class='ocrx_word' id='word_1_476' title='bbox 1133 2544 1258 2585; x_wconf 78' lang='lat' dir='ltr'><strong>laude,</strong></span> <span class='ocrx_word' id='word_1_477' title='bbox 1284 2555 1327 2577; x_wconf 86' lang='lat' dir='ltr'><strong>an</strong></span> <span class='ocrx_word' id='word_1_478' title='bbox 1354 2544 1482 2576; x_wconf 80' lang='lat' dir='ltr'><strong>Etwas</strong></span> <span class='ocrx_word' id='word_1_479' title='bbox 1508 2544 1710 2578; x_wconf 76' lang='lat' dir='ltr'><strong>rulimwiir-</strong></span> 
     </span>
     <span class='ocr_line' id='line_1_51' title="bbox 251 2589 1710 2634; baseline 0 -12"><span class='ocrx_word' id='word_1_480' title='bbox 251 2589 370 2632; x_wconf 78' lang='lat' dir='ltr'><strong>diges.</strong></span> <span class='ocrx_word' id='word_1_481' title='bbox 399 2607 443 2614; x_wconf 90' lang='lat'><strong>—·</strong></span> <span class='ocrx_word' id='word_1_482' title='bbox 492 2590 698 2631; x_wconf 67' lang='lat' dir='ltr'><strong>praefectus</strong></span> <span class='ocrx_word' id='word_1_483' title='bbox 723 2615 730 2622; x_wconf 91' lang='lat'><strong>.</strong></span> <span class='ocrx_word' id='word_1_484' title='bbox 752 2616 759 2622; x_wconf 88' lang='lat'><strong>.</strong></span> <span class='ocrx_word' id='word_1_485' title='bbox 787 2593 825 2621; x_wconf 80' lang='lat' dir='ltr'><strong>ut</strong></span> <span class='ocrx_word' id='word_1_486' title='bbox 849 2590 898 2622; x_wconf 81' lang='lat' dir='ltr'><strong>sit</strong></span> <span class='ocrx_word' id='word_1_487' title='bbox 929 2589 950 2622; x_wconf 92' lang='lat' dir='ltr'><strong>i.</strong></span> <span class='ocrx_word' id='word_1_488' title='bbox 976 2600 1005 2622; x_wconf 88' lang='lat' dir='ltr'><strong>e.</strong></span> <span class='ocrx_word' id='word_1_489' title='bbox 1040 2595 1078 2622; x_wconf 86' lang='lat' dir='ltr'><strong>ut</strong></span> <span class='ocrx_word' id='word_1_490' title='bbox 1110 2600 1191 2622; x_wconf 87' lang='lat' dir='ltr'><strong>eum</strong></span> <span class='ocrx_word' id='word_1_491' title='bbox 1225 2591 1451 2634; x_wconf 83' lang='lat' dir='ltr'><strong>praesectum</strong></span> <span class='ocrx_word' id='word_1_492' title='bbox 1478 2589 1640 2622; x_wconf 87' lang='lat' dir='ltr'><strong>habeam.</strong></span> <span class='ocrx_word' id='word_1_493' title='bbox 1668 2610 1710 2615; x_wconf 88' lang='lat'>—</span> 
     </span>
     <span class='ocr_line' id='line_1_52' title="bbox 250 2635 1711 2680; baseline 0.001 -12"><span class='ocrx_word' id='word_1_494' title='bbox 250 2639 291 2668; x_wconf 77' lang='lat' dir='ltr'><strong>ut</strong></span> <span class='ocrx_word' id='word_1_495' title='bbox 316 2635 586 2676; x_wconf 78' lang='lat' dir='ltr'><strong>negotiatorem</strong></span> <span class='ocrx_word' id='word_1_496' title='bbox 608 2636 782 2668; x_wconf 74' lang='lat' dir='ltr'><strong>neminem</strong></span> <span class='ocrx_word' id='word_1_497' title='bbox 809 2635 1035 2678; x_wconf 83' lang='lat' dir='ltr'><strong>praefectum</strong></span> <span class='ocrx_word' id='word_1_498' title='bbox 1061 2635 1296 2678; x_wconf 73' lang='lat' dir='ltr'><strong>eligeremus.</strong></span> <span class='ocrx_word' id='word_1_499' title='bbox 1333 2635 1371 2670; x_wconf 76' lang='lat' dir='ltr'><strong>S.</strong></span> <span class='ocrx_word' id='word_1_500' title='bbox 1399 2647 1457 2680; x_wconf 85' lang='lat' dir='ltr'><strong>ep.</strong></span> <span class='ocrx_word' id='word_1_501' title='bbox 1473 2635 1579 2679; x_wconf 85' lang='lat' dir='ltr'>CCL,</span> <span class='ocrx_word' id='word_1_502' title='bbox 1602 2637 1711 2669; x_wconf 85' lang='lat'><strong>10.—</strong></span> 
     </span>
     <span class='ocr_line' id='line_1_53' title="bbox 250 2680 1341 2725; baseline 0 -11"><span class='ocrx_word' id='word_1_503' title='bbox 250 2685 389 2714; x_wconf 75' lang='lat' dir='ltr'><strong>turmas</strong></span> <span class='ocrx_word' id='word_1_504' title='bbox 415 2680 599 2723; x_wconf 78' lang='lat' dir='ltr'><strong>equitum3</strong></span> <span class='ocrx_word' id='word_1_505' title='bbox 631 2693 741 2724; x_wconf 87' lang='lat' dir='ltr'><strong>quum</strong></span> <span class='ocrx_word' id='word_1_506' title='bbox 768 2681 932 2714; x_wconf 71' lang='lat' dir='ltr'><strong>cohortes</strong></span> <span class='ocrx_word' id='word_1_507' title='bbox 957 2681 1031 2714; x_wconf 73' lang='lat' dir='ltr'><strong>sint</strong></span> <span class='ocrx_word' id='word_1_508' title='bbox 1053 2683 1227 2725; x_wconf 68' lang='lat' dir='ltr'><strong>peditum.</strong></span> <span class='ocrx_word' id='word_1_509' title='bbox 1257 2681 1341 2716; x_wconf 83' lang='lat' dir='ltr'><strong>Sch.</strong></span> 
     </span>
    </p>
   </div>
   <div class='ocr_carea' id='block_1_8' title="bbox 341 2725 1713 2776">
    <p class='ocr_par' dir='ltr' id='par_1_11' title="bbox 341 2725 1713 2776">
     <span class='ocr_line' id='line_1_54' title="bbox 341 2725 1713 2776; baseline 0.001 -15"><span class='ocrx_word' id='word_1_510' title='bbox 341 2728 372 2762; x_wconf 84' lang='lat'><strong>9.</strong></span> <span class='ocrx_word' id='word_1_511' title='bbox 406 2727 482 2760; x_wconf 70' lang='lat' dir='ltr'><strong>iam</strong></span> <span class='ocrx_word' id='word_1_512' title='bbox 506 2738 614 2771; x_wconf 73' lang='lat' dir='ltr'><strong>nepos</strong></span> <span class='ocrx_word' id='word_1_513' title='bbox 640 2730 828 2776; x_wconf 69' lang='grc' dir='ltr'><em>εἰρωνικῶς</em></span> <span class='ocrx_word' id='word_1_514' title='bbox 854 2728 1007 2762; x_wconf 69' lang='lat' dir='ltr'><strong>dictum:</strong></span> <span class='ocrx_word' id='word_1_515' title='bbox 1044 2728 1116 2763; x_wconf 80' lang='lat' dir='ltr'><strong>nisi</strong></span> <span class='ocrx_word' id='word_1_516' title='bbox 1141 2727 1258 2771; x_wconf 78' lang='lat' dir='ltr'><strong>sorte,</strong></span> <span class='ocrx_word' id='word_1_517' title='bbox 1286 2726 1385 2771; x_wconf 84' lang='lat' dir='ltr'><strong>quod</strong></span> <span class='ocrx_word' id='word_1_518' title='bbox 1418 2726 1559 2771; x_wconf 83' lang='lat' dir='ltr'><strong>equites</strong></span> <span class='ocrx_word' id='word_1_519' title='bbox 1585 2725 1713 2772; x_wconf 74' lang='lat' dir='ltr'><strong>potius</strong></span> 
     </span>
    </p>
   </div>
   <div class='ocr_carea' id='block_1_9' title="bbox 1755 2084 1795 3043">
    <p class='ocr_par' dir='ltr' id='par_1_12' title="bbox 1755 2084 1795 3043">
     <span class='ocr_line' id='line_1_55' title="bbox 1755 2084 1795 3043; baseline 0 0"><span class='ocrx_word' id='word_1_520' title='bbox 1755 2084 1795 3043; x_wconf 95' lang='lat' dir='ltr'><strong> </strong></span> 
     </span>
    </p>
   </div>
  </div>
 </body>
</html>
