1795 3043
205 40 308 92 150
469 37 533 85 M.
570 37 626 84 T.
663 33 1006 84 CICERONIS
1042 34 1418 85 EPISTOLAE.

207 163 300 193 sum
328 149 608 203 comprimere
637 161 782 190 eorum
810 148 1050 203 audaciam,
1086 163 1169 203 quo
1198 151 1369 192 facilius
1400 151 1527 194 etiam
1561 152 1675 194 cete-

208 220 355 249 rorum
385 207 536 255 animi,
577 207 651 259 qui
681 206 812 247 alieni
843 209 981 248 essent
1011 208 1063 248 ab
1095 210 1275 261 imperio
1304 209 1472 258 nostro,
1510 210 1676 263 frange-

211 267 374 306 rentur.
432 265 553 304 Vallo
593 266 636 305 et
665 265 775 305 fossa
804 264 1083 307 circumdedi:
1125 279 1199 307 sex
1229 266 1414 307 castellis
1445 267 1677 318 castrisque

212 321 409 363 maximis
437 321 596 373 saepsi:
626 333 793 374 aggere,
822 322 971 375 vineis,
991 323 1181 364 turribus
1205 324 1464 377 oppugnavi:
1494 335 1680 375 ususque

211 379 431 420 tormentis
460 378 618 431 multis,
646 379 788 419 multis
820 380 1063 432 sagittariis,
1094 393 1242 433 magno
1272 381 1420 422 labore
1449 393 1555 429 meo,
1587 381 1680 421 sine

212 437 303 477 ulla
338 436 535 476 molestia
571 438 793 488 sumptuve
837 437 1069 484 sociorum,
1112 439 1291 490 septimo
1331 438 1680 490 quinquagesimo

213 493 284 533 die
314 504 404 533 rem
434 492 621 534 confeci:
652 494 715 545 ut,
745 493 938 534 omnibus
968 494 1160 547 partibus
1188 495 1307 535 urbis
1330 495 1578 536 disturbatis
1607 495 1682 536 aut
1730 530 1733 533 Α

213 550 402 590 incensis
442 550 649 603 compulsi
691 551 735 589 in
781 552 1033 602 potestatem
1074 564 1209 592 meam
1247 552 1533 605 pervenirent.
1601 552 1683 593 His

216 610 339 647 erant
367 606 536 647 finitimi
563 608 659 659 pari
690 608 851 647 scelere
879 609 922 648 et
953 608 1130 649 audacia
1157 610 1375 650 Tibarani:
1407 609 1460 650 ab
1489 609 1555 660 iis,
1584 608 1685 649 Pin-

215 663 382 704 denisso
411 665 559 716 capto,
588 663 754 704 obsides
784 665 951 716 accepi:
983 666 1215 707 exercitum
1245 668 1287 707 in
1319 667 1499 707 hiberna
1529 666 1684 707 dimisi.

218 722 263 771 Q.
283 722 459 762 fratrem
488 721 656 773 negotio
685 722 927 774 praeposui,
954 724 1002 763 ut
1030 723 1076 762 in
1105 723 1212 764 vicis
1233 726 1305 765 aut
1327 725 1463 777 captis
1483 725 1556 765 aut
1575 723 1686 764 male

139 784 193 823 11
221 778 386 830 pacatis
415 778 626 818 exercitus
655 779 951 819 collocaretur.
1010 779 1133 820 Nunc
1164 782 1292 822 velim
1320 783 1382 823 sic
1411 781 1490 821 tibi
1515 793 1687 833 persua·

218 835 340 887 deas,
370 834 406 875 si
436 834 488 875 de
518 835 585 875 his
614 835 741 876 rebus
771 835 822 876 ad
852 838 1042 877 senatum
1070 839 1252 878 relatum
1281 839 1349 889 sit,
1379 851 1446 878 me
1477 839 1688 878 exist-ima-

216 893 360 931 turum
389 904 592 933 summam
621 893 728 933 mihi
757 892 925 933 laudem
953 893 1172 941 tributam,
1204 895 1239 935 si
1257 897 1304 934 tu
1324 896 1528 936 honorem
1549 906 1689 935 meum

218 950 430 989 sententia
459 951 532 989 tua
562 949 866 1002 comprobaris.
910 950 1057 1002 quue,
1088 952 1167 991 etsi
1197 952 1354 992 talibus
1376 952 1428 992 de
1444 951 1571 992 rebus
1597 964 1691 1005 gra-

218 1005 409 1046 vissimos
439 1006 633 1047 homines
663 1008 705 1047 et
732 1019 882 1063 rogare
913 1009 1050 1048 solere
1078 1011 1121 1049 et
1149 1010 1292 1062 rogari
1324 1009 1427 1062 scio,
1456 1010 1597 1050 tamen
1619 1008 1691 1050 ad-

218 1063 472 1104 monendum
500 1064 642 1116 potius
679 1066 723 1104 te
761 1078 786 1105 a
819 1077 888 1105 me
929 1078 1054 1116 quam
1092 1067 1325 1118 rogandum
1364 1068 1478 1118 puto.
1544 1067 1608 1107 Tu
1646 1078 1692 1106 es

219 1120 335 1159 enim
364 1119 421 1172 is,
451 1122 525 1172 qui
554 1134 620 1162 me
648 1121 733 1161 tuis
763 1123 984 1162 sententiis
1015 1123 1257 1174 saepissime
1289 1124 1472 1164 ornasti:
1507 1123 1581 1174 qui
1602 1135 1694 1164 ora·-

218 1177 350 1223 tione,
382 1177 454 1228 qui
482 1178 815 1231 praedicatione,
844 1179 916 1230 qui
947 1180 1116 1220 summis
1146 1180 1342 1220 laudibus
1373 1181 1416 1220 in
1447 1181 1617 1233 senatu,
1646 1181 1692 1220 in

220 1233 498 1274 concionibus
520 1235 573 1274 ad
597 1237 762 1275 caelum
784 1235 994 1276 extulisti:
1025 1237 1146 1277 cuius
1175 1249 1252 1289 ego
1282 1249 1445 1289 semper
1464 1239 1584 1277 tanta
1605 1249 1696 1277 esse

220 1290 446 1331 verborum
464 1291 652 1342 pondera
676 1293 837 1344 putavi,
866 1294 915 1332 ut
944 1304 1028 1332 uno
1057 1293 1188 1333 verbo
1216 1296 1289 1333 tuo
1321 1306 1418 1334 cum
1446 1306 1541 1334 mea
1569 1294 1698 1334 laude

221 1346 453 1388 coniuncto
485 1348 626 1388 omnia
655 1349 820 1400 assequi
847 1361 914 1389 me
945 1349 1192 1390 arbitrarer.
1233 1351 1293 1391 Te
1312 1350 1493 1402 denique
1510 1352 1698 1403 memini,

222 1416 355 1457 quum
384 1404 552 1446 cuidam
580 1406 817 1448 clarissimo
847 1407 976 1458 atque
1013 1407 1173 1459 optimo
1211 1408 1306 1449 viro
1344 1409 1700 1462 supplicationem

224 1553 442 1589 reichs.”-—
474 1564 543 1599 quo
567 1564 614 1587 =
638 1559 678 1589 ut
703 1565 749 1588 eo
774 1554 936 1598 facilius.
973 1553 1012 1589 S.
1032 1554 1182 1589 Ramsh.
1209 1556 1238 1599 §.
1254 1556 1376 1599 193,1.
1403 1556 1548 1591 Grotef.
1575 1556 1698 1600 §.403.

227 1618 272 1625 -
307 1602 516 1645 tormentis,
541 1600 724 1643 ballistis,
751 1601 962 1646 catapultis.
978 1620 1020 1626 —-
1053 1601 1219 1635 omnibus
1322 1603 1483 1636 incensis
1507 1601 1700 1646 compulsi,

226 1645 395 1690 dadurh,
431 1647 515 1682 dass
547 1646 609 1681 die
635 1646 744 1681 Stadt
775 1647 839 1681 auf
871 1647 969 1681 allen
996 1646 1126 1682 Seiten
1161 1647 1274 1681 theils
1308 1648 1347 1682 in
1372 1649 1592 1683 Triimmern
1626 1648 1702 1691 lag,

225 1692 340 1727 theils
366 1693 403 1726 in
418 1694 609 1728 Flammen
635 1692 752 1735 stand,
778 1704 1024 1737 gezwungen.
1061 1704 1096 1727 v.
1120 1694 1298 1737 compulsi
1328 1694 1409 1728 sine
1436 1705 1547 1729 causa
1571 1704 1704 1738 suspe-

227 1745 326 1773 ctum
351 1739 542 1774 Ernestio.
568 1739 653 1774 Est:
686 1740 899 1784 „compulsi
926 1739 1088 1773 omnium
1114 1740 1274 1786 partium
1300 1741 1403 1774 urbis
1429 1740 1705 1775 disturbatione

226 1791 292 1819 aut
315 1786 533 1820 incendio.''
569 1786 713 1830 Aliter,
745 1792 786 1819 ut
811 1786 860 1820 sit
884 1788 1125 1830 congregati,
1164 1786 1332 1831 explicat
1354 1788 1450 1821 Rost
1480 1787 1582 1831 spec.
1600 1786 1634 1821 2.
1665 1797 1704 1830 p.

227 1833 286 1866 11.
327 1832 526 1867 ORELLI.
553 1850 598 1857 —
629 1833 668 1866 in
690 1836 819 1876 potest.
842 1843 964 1877 perv„
991 1833 1071 1867 sich
1097 1833 1163 1868 auf
1177 1832 1309 1867 Gnade
1335 1845 1369 1867 u.
1387 1833 1570 1877 Ungnade
1596 1843 1706 1876 erge-

227 1878 316 1912 ben.
336 1897 382 1904 -—
422 1878 620 1919 Tibaram‘,
655 1878 715 1912 ein
742 1878 847 1914 Volk
879 1879 926 1913 im
958 1879 1208 1922 Amanusgeb.
1243 1879 1309 1913 auf
1337 1879 1405 1914 der
1428 1879 1704 1913 Nordostseite.

227 1924 369 1968 Diese,
408 1924 483 1959 wie
522 1924 584 1958 die
621 1925 981 1967 Eleutherocilices,
1022 1926 1097 1961 alte
1131 1925 1364 1959 Einwohner
1398 1925 1600 1968 Ciliciens,
1642 1923 1706 1958 die

230 1969 312 2005 sich
338 1981 407 2005 vor
432 1971 504 2005 den
530 1971 694 2005 Persem
727 1971 793 2005 in's
821 1972 989 2017 Gebirge
1015 1972 1157 2007 zuriick
1182 1982 1350 2016 gezogen
1376 1972 1520 2016 hatten,
1552 1971 1707 2005 blieben

228 2018 326 2050 nach
351 2017 485 2052 Cicero
513 2017 685 2052 dennoch
720 2018 815 2052 freie
839 2019 978 2062 Leute,
1013 2019 1243 2063 gehorchten
1269 2029 1340 2052 nur
1366 2018 1513 2052 Helden
1539 2017 1616 2051 und
1640 2017 1708 2051 be-

229 2063 409 2098 fehdeten
435 2064 491 2097 als
516 2063 730 2098 Pliinderer
756 2076 791 2099 u.
819 2065 973 2099 Rauber
998 2065 1059 2099 die
1085 2065 1238 2100 Stadter
1262 2075 1298 2099 u.
1316 2064 1541 2099 VVanderer.
1590 2062 1709 2097 Diess

231 2109 406 2189 egsahren
432 2111 531 2144 noch
556 2110 618 2146 die
644 2111 810 2147 Tiirken.
827 2130 872 2137 -
898 2113 943 2146 ab
967 2112 1029 2146 iis.
1062 2111 1129 2147 Sic
1152 2111 1230 2147 Md.
1249 2111 1366 2157 Neap.
1391 2111 1479 2146 Asc.
1498 2112 1531 2145 1.
1558 2109 1706 2146 Vict.2.

231 2166 255 2190 α
307 2156 365 2189 his
395 2156 492 2191 Cett.

325 2204 381 2237 11.
419 2201 592 2237 honorem
615 2214 753 2248 meum,
789 2215 929 2248 „wenn
946 2204 1008 2239 Du
1034 2203 1131 2238 mich
1158 2203 1226 2238 der
1240 2203 1357 2245 Ehre,
1384 2212 1445 2236 um
1471 2200 1534 2236 die
1558 2200 1620 2235 ich
1645 2210 1710 2234 an-

233 2248 373 2292 suche,
400 2249 465 2283 mit
490 2249 637 2283 Deiner
662 2250 819 2285 Stimme
844 2251 995 2295 wiirdig
1021 2250 1274 2285 erkenntest.”
1320 2249 1375 2283 Er
1406 2248 1525 2282 meint
1556 2247 1622 2282 das
1654 2247 1711 2281 of-

232 2294 414 2329 fentliche
438 2295 626 2329 Dankfest
651 2297 776 2331 seinos
801 2297 934 2341 Sieges
959 2307 1112 2339 wegen,
1147 2295 1375 2341 supplicatio
1402 2295 1448 2328 ad
1475 2294 1600 2328 omnia
1623 2293 1710 2338 pul-

234 2340 381 2375 vinaria
414 2348 598 2385 genannt3
637 2344 815 2377 woriiber
849 2355 879 2378 s.
916 2355 961 2379 zu
996 2354 1052 2388 ep.
1076 2343 1222 2385 CXIV,
1251 2342 1345 2376 2.—
1385 2340 1632 2384 gravissimos
1657 2339 1708 2382 h.‚

236 2386 396 2421 Manner
427 2398 499 2421 von
526 2389 597 2422 den
634 2395 844 2433 strengsten
870 2389 1149 2431 Grundsatzen‚
1181 2388 1255 2423 wie
1289 2389 1394 2423 Cato.
1443 2387 1542 2421 Dem
1575 2386 1708 2420 Cicero

235 2443 316 2467 war
342 2433 445 2467 nicht
469 2445 535 2469 aus
553 2435 751 2477 Estelkest,
779 2436 941 2470 sondern
962 2446 1026 2470 aus
1044 2434 1191 2469 Politik
1213 2445 1257 2468 an
1286 2434 1412 2468 dieser
1426 2434 1529 2468 Ehre
1554 2442 1598 2467 εο
1621 2431 1709 2466 sehr

237 2480 410 2523 gelegen.
426 2499 471 2505 —
495 2481 542 2525 is,
569 2482 630 2526 qui
649 2481 714 2515 mit
739 2483 830 2525 solg.
853 2482 969 2517 ludio.
1004 2481 1044 2516 S.
1064 2482 1212 2516 Ramsh.
1240 2482 1268 2524 ᾗ.
1289 2482 1368 2523 183,
1386 2482 1422 2516 3.
1448 2479 1495 2515 N.
1511 2480 1542 2512 1.
1558 2495 1604 2502 —
1628 2478 1709 2510 lau-

239 2525 347 2559 dibus
363 2527 402 2559 in
420 2532 558 2562 senatu.
584 2527 622 2562 S.
645 2538 703 2572 ep.
717 2529 860 2571 XCIX,
879 2532 913 2566 3.
945 2529 1006 2564 De
1027 2539 1085 2562 me
1109 2528 1224 2562 multa
1250 2554 1258 2561 .
1277 2553 1284 2561 .
1301 2554 1309 2561 .
1338 2538 1419 2560 cum
1440 2535 1581 2560 summa
1598 2523 1709 2557 laude

240 2571 404 2606 dixit.—
440 2574 489 2607 Te
507 2600 515 2608 .
531 2600 538 2608 .
556 2575 729 2609 memini.
743 2600 750 2608 .
768 2575 900 2610 dicere.
931 2575 968 2610 S.
990 2575 1140 2608 Ramsh.
1163 2575 1192 2616 ξ.
1211 2574 1287 2608 164.
1317 2574 1423 2607 Anm.
1441 2572 1473 2606 4.
1505 2570 1650 2605 Grotef.
1677 2569 1706 2612 §.

239 2617 320 2652 241.
336 2620 414 2653 310.
433 2637 479 2645 -·
509 2621 717 2655 clarissimo
743 2647 776 2655 ..
796 2648 803 2655 .
832 2622 931 2665 viro,
956 2621 1118 2655 Lentulo
1139 2619 1346 2665 Spintheri,
1371 2618 1435 2662 qui
1460 2618 1508 2651 ob
1534 2627 1595 2651 res
1615 2626 1709 2668 ‘pro-

240 2675 352 2709 spere
378 2673 501 2708 gestas
527 2667 732 2713 imperator
758 2669 970 2713 appellatus
997 2673 1107 2701 esset.
1135 2666 1171 2701 S.
1190 2665 1410 2711 ep.CXXV
1434 2669 1532 2716 eiftr.
1571 2663 1711 2697 Dieser

241 2713 491 2748 P.Cornelius
516 2714 698 2749 Lentulus
724 2714 926 2760 Spinther,
954 2714 1022 2749 der
1042 2714 1178 2756 Vates,
1204 2723 1283 2748 war
1308 2718 1415 2746 unter
1432 2710 1598 2745 Cicero’s
1614 2709 1713 2743 Con-

1755 124 1775 707 ‘ffl——y
