1795 3043
383 64 697 113 EPISTOLA
733 65 930 114 CCXVI.
968 67 1195 115 CCXVII.
1450 76 1516 123 81

261 181 575 228 EPISTOLA
612 178 810 225 CCXVI.
848 178 928 238 (ad
964 180 1070 227 Div.
1105 181 1202 228 XV.
1239 184 1308 242 S.)

240 269 322 305 Ser.
350 268 486 303 ibidem
511 277 636 301 mense
661 266 764 311 Sept.
797 266 841 300 A.
867 265 912 300 U.
937 266 976 301 C.
1004 269 1080 302 703.
1104 269 1160 311 ¹(a.
1188 269 1227 303 C.
1253 270 1328 312 51.)

83 337 301 374 Gratulatur
325 337 365 372 C.
392 335 572 371 Marcello
599 334 644 368 de
670 333 750 367 filio
776 334 930 367 consule
955 334 1150 378 designato
1175 338 1357 383 petitque,
1384 345 1424 374 ut
1449 350 1489 375 se

433 383 622 416 absentem
654 380 787 424 diligat
821 387 932 423 atque
958 381 1141 416 defendat.

104 452 156 487 M.
185 451 369 487 CICERO
401 449 615 487 PROCOS.
652 449 691 484 S.
719 450 768 483 D.
796 449 837 484 C.
863 449 1144 484 MARCELLO
1178 451 1463 490 COLLEGAE.

171 522 425 563 Marcellum
462 521 579 560 tuum
620 521 835 560 consulem
875 520 1035 559 factum
1087 522 1216 572 teque
1255 535 1304 563 ea
1346 525 1511 567 laetitia

61 577 258 621 affectum
287 591 398 625 esse,
431 590 556 630 quam
586 577 764 617 maxime
794 578 971 628 optasti,
1006 576 1241 619 mirandum
1270 581 1312 619 in
1343 583 1511 623 modum

63 637 250 690 gaude03
289 636 415 686 idque
455 647 585 685 quum
622 634 753 685 ipsius
785 646 935 680 causa,
984 635 1073 673 tum
1104 636 1213 685 quod
1244 639 1285 676 te
1316 640 1510 680 omnibus

63 693 374 734 secundissimis
413 691 540 731 rebus
590 689 879 743 dignissimum
927 689 1093 731 iudico:
1145 694 1265 732 cuius
1308 707 1405 747 erga
1444 710 1515 747 ¹¹¹0.

62 751 317 803 singularem
346 749 683 790 benevolentiam
713 748 780 787 vel
810 748 852 786 in
885 747 1029 787 labore
1059 760 1151 787 meo
1181 751 1247 789 vel
1277 751 1320 790 in
1353 753 1512 794 honore

62 807 279 860 perspexi:
322 807 452 846 totam
491 805 670 856 denique
713 803 880 843 domum
916 806 1098 844 vestram
1136 808 1203 845 vel
1252 809 1400 849 salutis
1445 813 1513 852 vel

64 863 280 917 dignitatis
329 875 448 902 meae
489 860 832 902 studiosissimam
871 861 1269 914 cupidissimamque
1318 870 1509 919 cognovi.

67 921 204 968 Quare
243 921 408 973 gratum
450 919 556 958 mihi
594 918 770 965 seceris,
802 918 837 957 si
867 919 989 957 uxori
1020 920 1117 958 tuae
1147 921 1314 969 Iuniae,
1357 926 1516 975 gravis..

66 978 195 1017 simae
234 980 359 1028 atque
398 977 582 1027 optimae
612 975 817 1022 feminae,
850 976 953 1014 meis
982 975 1125 1015 verbis
1155 978 1238 1017 eris
1267 982 1514 1031 gratulatus.

65 1034 102 1131 a&
120 1036 170 1131 tte
192 1033 274 1131 did,
316 1033 429 1086 quod
466 1033 621 1082 suesti,
669 1034 794 1086 peto,
843 1044 911 1072 me
950 1032 1162 1075 absentem
1201 1034 1350 1090 diligas
1390 1041 1516 1093 atque

96 1104 117 1130 e
139 1104 188 1131 en
220 1105 278 1134 as,

255 1229 570 1276 EPISTOLA
608 1228 829 1275 CCXVII.
877 1229 960 1287 (ad
993 1230 1098 1276 Div.
1133 1232 1229 1278 XV.
1267 1232 1337 1291 9.)

250 1315 330 1350 Ser.
358 1315 496 1350 ibidem
521 1326 646 1349 mense
671 1315 778 1360 Sept.
805 1315 850 1349 Α.
876 1315 920 1349 U.
947 1316 988 1351 C.
1017 1319 1093 1352 703.
1121 1319 1168 1361 (a.
1197 1319 1236 1354 C.
1262 1321 1338 1366 51.)

70 1383 121 1417 Μ.
148 1383 330 1418 Marcello
356 1382 499 1417 consuli
518 1383 724 1426 gratulatur
741 1383 786 1417 de
811 1384 924 1417 fratre
948 1385 1119 1428 patruele
1136 1388 1289 1422 consule
1310 1389 1519 1433 designato.

70 1432 104 1463 1.
129 1430 313 1475 petitque,
338 1437 378 1465 ut
403 1436 519 1471 curet,
546 1441 590 1462 ne
617 1430 706 1471 quid
731 1430 803 1463 sibi
838 1431 1016 1474 temporis
1042 1432 1086 1465 ad
1121 1443 1275 1469 annuam
1301 1437 1520 1480 provinciae

490 1475 846 1508 administrationem
872 1477 1034 1511 accedat.
1068 1478 1100 1511 2.

205 1544 258 1579 Μ.
286 1544 470 1579 CICERO
496 1543 710 1578 PROCOS.
739 1542 777 1577 S.
802 1543 851 1578 D.
879 1544 929 1579 M.
957 1545 1242 1582 MARCELLO
1275 1548 1382 1584 COS.

185 1626 246 1667 Te
285 1627 327 1665 et
367 1625 536 1677 pietatis
575 1625 618 1664 in
660 1627 754 1665 tuos
794 1626 836 1665 et
865 1627 994 1668 animi
1033 1628 1077 1668 in
1118 1641 1205 1670 rem
1235 1630 1447 1683 publicam
1479 1635 1522 1674 et

73 1683 293 1722 clarissimi
332 1685 458 1733 atque
497 1683 648 1733 optimi
700 1683 964 1731 consulatus,
1014 1685 1059 1727 C.
1100 1686 1306 1728 Marcello
1348 1692 1520 1730 consule

72 1740 208 1787 facto,
245 1740 429 1779 fructum
468 1739 653 1791 cepisse,
696 1740 967 1780 vehementer
997 1743 1172 1794 gaudeo.
1231 1744 1325 1786 Non
1357 1747 1518 1797 dubito,

165 1883 205 1917 C.
229 1883 509 1917 MARCELLO
535 1884 801 1918 COLLEGAE
826 1884 862 1918 in
888 1892 1080 1930 auguratu.
1110 1887 1147 1923 S.
1167 1900 1247 1924 zum
1268 1891 1524 1935 vorigssriefe

76 1930 166 1964 Nro.
199 1930 231 1963 2.
257 1941 291 1963 u.
318 1930 363 1963 de
399 1930 565 1964 Divinat.
601 1931 656 1973 ll,
688 1932 743 1965 35.
803 1932 942 1966 Dieser
975 1934 1177 1970 Marcellus
1210 1948 1289 1970 war
1314 1939 1450 1972 Prator
1485 1940 1522 1973 in

79 1975 234 2009 Sicilien
261 1986 444 2019 gewesen.
496 1976 533 2010 S.
563 1978 664 2010 Orat.
691 1978 802 2012 Verr.
828 1978 877 2020 ΙΙ,
903 1981 936 2013 3.
987 1979 1120 2013 Cicero
1154 1984 1323 2016 wiinscht
1350 1985 1422 2019 ihm
1449 1986 1522 2019 und

78 2022 202 2056 seiner
228 2022 419 2055 Gemahlin
446 2022 552 2055 Iunia
578 2023 699 2056 Gluck
724 2023 829 2064 dazu,
857 2024 939 2058 dass
968 2024 1027 2058 ihr
1047 2026 1148 2060 Sohn
1175 2030 1402 2065 C.Claudius
1423 2033 1525 2066 Mar-

77 2069 195 2102 cellus
219 2068 278 2101 fiir
312 2068 375 2101 das
401 2069 487 2101 Iahr
514 2070 579 2102 704
605 2079 686 2102 zum
712 2069 849 2102 Consul
875 2070 1057 2114 designirt
1083 2084 1174 2108 war.

170 2116 201 2148 1.
247 2114 332 2148 mir.
364 2115 402 2147 in
427 2115 520 2149 mod.
554 2114 650 2149 Crat.
676 2115 803 2149 Lamb.
828 2117 971 2150 miram.
1020 2117 1095 2152 Sed
1120 2120 1185 2154 cfr.
1221 2121 1268 2155 ad
1291 2124 1404 2158 Attio.
1432 2125 1462 2167 l,
1488 2128 1521 2161 3.

81 2160 277 2193 ORELLI.
326 2160 451 2193 Ueber
475 2160 509 2194 d.
536 2171 653 2195 accus.
681 2172 709 2195 c.
739 2161 804 2194 inf.
831 2162 893 2195 bei
917 2165 1059 2204 gaudeo
1086 2176 1115 2207 s,
1140 2167 1289 2203 Ramsa.
1316 2171 1343 2212 §.
1374 2173 1452 2213 168,
1478 2172 1508 2205 Β

80 2207 113 2240 3.
141 2206 284 2239 Grotef.
314 2206 341 2247 §.
365 2208 443 2249 308,
469 2207 502 2240 2.
527 2226 571 2231 —-
604 2207 740 2250 ἱρείας,
768 2207 849 2241 filii.
877 2227 920 2232 —
946 2210 1088 2250 labore,
1114 2213 1188 2246 wie
1214 2216 1327 2259 ⁸efter,
1362 2224 1406 2252 st.
1432 2197 1523 2252 meisi

55 2284 64 2298 ‚
81 2251 370 2295 calamitatibus,
402 2264 512 2295 quum
537 2252 574 2286 in
600 2253 774 2286 exsilium
800 2255 928 2298 pulsus
955 2266 1084 2291 essem.
1110 2277 1155 2283 —-
1189 2260 1228 2292 in
1254 2261 1389 2297 honore
1414 2265 1526 2298 resti-

80 2297 243 2339 tuendo,
282 2297 341 2330 bei
382 2298 521 2331 meiner
567 2300 809 2333 ehrenvollen
844 2301 1244 2350 Wiederherstellung.
1278 2327 1320 2332 —
1360 2311 1525 2353 domum,

82 2343 205 2384 Hans,
235 2342 401 2376 Familie.
427 2363 472 2369 —
495 2344 584 2377 meis
609 2345 750 2388 verbis,
787 2345 825 2378 in
850 2347 1005 2380 meinem
1030 2349 1180 2385 Namen.
1209 2372 1248 2377 —
1285 2357 1377 2398 quod
1402 2357 1526 2390 facere

82 2390 205 2431 suesti,
231 2388 329 2422 Crat.
355 2389 480 2422 Lamb.
507 2392 694 2426 consuesti.
720 2410 765 2417 —
788 2402 855 2430 me,
881 2393 1007 2427 Lamb.
1035 2400 1073 2427 ut
1097 2407 1160 2432 me.
1209 2397 1335 2433 Ueber
1354 2402 1423 2435 den
1442 2403 1526 2436 Mo-

84 2435 152 2514 :iuss
176 2433 374 2522 §opffibivus
410 2436 506 2469 ohne
538 2441 578 2470 ut
611 2448 638 2471 s.
671 2438 820 2472 Ramsh.
856 2439 884 2482 ἕ.
911 2440 996 2483 193,
1022 2442 1060 2484 1,
1088 2444 1107 2475 l
1134 2453 1168 2476 u.
1195 2444 1228 2477 4.
1254 2447 1340 2482 Not.
1370 2450 1400 2482 1.
1430 2450 1526 2482 Gro-

103 2492 121 2514 e
141 2506 149 2514 .
197 2506 204 2513 .
302 2505 310 2512 .

174 2549 231 2582 M.
266 2547 570 2601 MARCELLQ
603 2549 683 2602 dem
725 2552 864 2586 Consul
909 2553 974 2587 des
1017 2555 1144 2591 Ialn.es
1179 2559 1256 2594 703·
1307 2559 1345 2594 S·
1383 2571 1430 2596 zu
1467 2575 1524 2608 ep·

89 2593 235 2635 CCXV,
268 2606 316 2627 1¹1¹
345 2594 429 2628 Ans.
476 2595 527 2628 Es
561 2602 608 2629 1st
633 2596 733 2632 diess
757 2599 826 2632 der
850 2599 984 2633 alteste
1006 2601 1114 2636 Briet
1150 2610 1267 2641 unter.
1290 2606 1360 2642 den
1394 2620 1438 2643 an
1465 2612 1530 2646 ilm

42 2654 44 2677 1
88 2640 388 2683 geschriebenen.

180 2688 210 2720 l.
255 2687 383 2737 optimi
414 2685 621 2738 consulatus
653 2687 732 2722 scil.
767 2689 832 2723 tui.
867 2708 913 2715 ——
946 2691 984 2724 C.
1012 2693 1199 2726 Marcello
1242 2700 1386 2733 consule
1417 2704 1529 2744 facto,

93 2730 205 2764 durch
242 2732 302 2765 dle
336 2732 565 2775 Erwalilung
600 2732 664 2766 des
697 2734 737 2768 C.
774 2736 826 2770 M.
859 2746 942 2771 zum
974 2738 1114 2773 Consul
1146 2740 1206 2774 fiir
1245 2743 1310 2779 das
1341 2746 1427 2782 Iahr
1450 2751 1528 2785 704.

131 2794 197 2822 Cic.
218 2794 330 2821 Briefe
352 2803 384 2823 v.
409 2796 612 2825 Billerbeck.
643 2799 685 2826 11.
1233 2805 1261 2844 6
