1795 3043
226 44 295 93 86
503 38 569 86 Μ.
603 36 659 83 Τ.
696 34 1033 82 CICERONIS
1066 35 1435 83 EPISTOLAE.

235 151 349 206 regis
377 150 580 198 salutem,
618 147 864 190 incolumitc
858 147 957 188 tem
986 159 1247 201 regnumque
1277 148 1569 198 defenderem,
1601 148 1693 203 regi

239 221 455 262 regnoque
496 206 707 260 praesidio
745 217 902 253 essem3
950 205 1332 258 adiunxissetisque
1385 207 1562 247 salutem
1600 208 1692 248 eius

243 267 355 318 regis
384 267 542 318 populo
572 263 821 313 senatuique
850 275 1026 315 magnae
1056 276 1182 303 curae
1213 277 1315 310 esse,
1349 263 1460 314 quod
1480 265 1598 303 nullo
1618 277 1694 304 un-

243 335 371 374 quam
401 322 451 361 de
481 333 579 374 rege
620 321 837 361 decretum
866 322 975 360 esset
1004 334 1029 360 a
1060 322 1203 360 nostro
1236 320 1406 361 ordine:
1456 321 1695 362 existimavi

244 393 313 421 me
343 379 547 419 iudicium
576 381 757 418 vestrum
788 377 841 418 ad
870 390 1010 430 regem
1041 378 1205 417 deferre
1237 378 1392 417 debere
1419 377 1545 429 eique
1575 390 1695 430 prae—

245 437 400 479 sidium
419 449 555 476 meum
577 437 617 475 et
646 435 771 476 fidem
802 436 844 474 et
874 435 1136 487 diligentiam
1158 435 1378 486 polliceri:
1409 436 1471 482 ut,
1496 435 1696 486 quoniam

246 495 360 535 salus
390 494 535 545 ipsius,
565 492 835 533 incolumitas
864 493 985 544 regni
1006 493 1109 532 mihi
1127 492 1415 532 commendata
1436 495 1543 531 esset
1573 506 1597 532 a
1625 504 1697 531 vo·

197 549 225 591 5
248 550 329 599 bis,
360 551 543 599 diceret,
576 551 610 590 si
639 549 739 602 quid
768 549 913 590 vellet.
974 550 1090 596 Quae
1120 562 1245 600 quum
1278 562 1411 588 essem
1440 549 1484 588 in
1516 549 1696 589 consilio

244 621 338 649 meo
370 621 465 648 cum
494 620 592 660 rege
621 608 802 657 locutus,
832 605 953 646 initio
983 606 1057 646 ille
1089 606 1291 645 orationis
1311 618 1409 646 suae
1428 605 1548 646 vobis
1569 606 1699 646 maxi-

245 678 356 715 maS,
401 668 449 705 ut
480 664 648 716 debuit,
687 662 837 703 deinde
875 663 1000 702 etiam
1039 663 1147 703 mihi
1186 664 1340 715 gratias
1370 663 1477 715 egit:
1517 662 1628 714 quod
1658 663 1699 702 ei

246 734 526 775 permagnum
558 723 599 760 et
638 719 1000 773 perhonorificum
1027 720 1263 767 videbatur,
1295 721 1337 760 S.
1370 720 1416 760 P.
1449 721 1497 767 Q.
1530 720 1577 760 R.
1609 721 1702 759 tan-

246 783 316 820 tae
347 791 474 819 curae
504 791 593 819 esse
624 778 800 818 salutem
830 789 946 817 suam
976 789 1124 828 meque
1151 779 1313 817 tantam
1342 776 1603 829 diligentiam
1631 776 1700 816 ad-

247 836 418 884 hibere,
449 838 495 875 ut
526 837 567 875 et
596 849 688 876 mea
716 833 819 875 fides
850 837 891 874 et
921 833 1296 874 commendationis
1324 837 1487 874 vestrae
1518 834 1703 874 anctori-

247 896 312 933 tas
339 892 526 945 perspici
556 894 711 945 posset.
769 890 906 943 Atque
935 892 1011 931 iile
1040 891 1192 944 primo,
1225 891 1334 942 quod
1363 891 1465 930 milii
1494 891 1701 931 maximae

248 950 438 990 laetitiae
466 950 562 997 suit,
594 951 654 990 ita
683 960 848 988 mecum
877 950 1044 988 locutus
1072 951 1148 995 est,
1181 951 1228 987 ut
1256 949 1397 987 nuilas
1428 949 1602 987 insidias
1631 961 1703 988 ne-

250 1018 334 1058 que
363 1008 476 1048 vitae
506 1020 605 1047 suae
635 1017 773 1056 neque
803 1018 931 1057 regno
963 1006 1124 1046 diceret
1163 1017 1208 1044 se
1238 1007 1310 1045 aut
1340 1005 1579 1058 intelligere
1610 1004 1703 1045 fieri

250 1064 327 1104 aut
357 1065 483 1104 etiam
513 1063 733 1116 suspicari.
794 1063 931 1110 Quum
969 1075 1045 1115 ego
1077 1063 1118 1103 ei
1148 1064 1383 1115 gratulatus
1415 1075 1548 1101 essem
1575 1061 1703 1113 idque

250 1132 317 1161 me
359 1121 542 1173 gaudere
581 1121 778 1160 dixissem
817 1120 1089 1167 cohortatus,
1138 1120 1186 1159 ut
1224 1119 1520 1159 recordaretur
1560 1131 1705 1158 casum

249 1178 374 1217 illum
403 1177 600 1218 interitus
637 1175 804 1229 paterni
835 1178 876 1215 et
916 1177 1145 1228 vigilanter
1175 1187 1219 1214 se
1257 1178 1449 1216 tueretur
1478 1178 1604 1227 atque
1635 1176 1706 1216 ad-

251 1236 411 1274 monitu
443 1237 609 1273 senatus
646 1233 885 1273 consuleret
927 1234 1053 1274 saluti
1082 1245 1204 1273 suae:
1246 1234 1335 1273 tum
1364 1247 1388 1273 a
1418 1245 1484 1272 me
1513 1233 1707 1272 discessit

194 1298 223 1337 6
250 1291 294 1331 in
335 1290 538 1343 oppidum
577 1289 785 1343 Cybistra.
846 1290 1023 1330 Postero
1056 1292 1197 1329 autem
1227 1289 1295 1329 die
1337 1302 1434 1330 cum
1463 1288 1704 1337 Ariarathe,

250 1413 325 1456 (em
339 1412 415 1447 Md.
443 1422 462 1445 e
485 1424 531 1446 =
555 1414 579 1453 ῆ
603 1422 667 1445 aus
692 1413 734 1447 έα
758 1411 906 1453 Lamb)
934 1421 961 1445 s.
988 1411 1137 1445 Ramsh.
1165 1411 1256 1454 §.29
1284 1411 1326 1445 G.
1353 1411 1412 1444 F1
1441 1411 1585 1445 G1·.otef
1610 1411 1638 1454 §.
1649 1412 1705 1445 22.

251 1458 379 1494 10.-
402 1458 488 1500 oegi
511 1468 695 1502 regnoque
721 1458 912 1503 praesidio
947 1468 1058 1489 essem
1093 1457 1238 1490 scheint
1275 1457 1359 1491 eine
1386 1458 1477 1491 Glos
1481 1469 1520 1491 se
1552 1458 1617 1491 des
1642 1468 1708 1491 zu-

251 1505 435 1540 n'achstV
440 1504 635 1547 otheigeh.
662 1514 708 1536 zu
734 1515 895 1536 se1n.—
921 1504 1260 1547 adiunxzwssetzsqne,
1285 1504 1375 1546 „mit
1396 1504 1477 1537 dem
1493 1504 1678 1538 Beisatze.
1683 1505 1707 1523 ‘⁴

253 1569 298 1576 —-
324 1551 367 1585 de
389 1561 490 1592 rege,
517 1560 562 1583 zu
590 1550 757 1584 Gunsten
783 1549 886 1583 eines
912 1549 1068 1592 Konigs.
1095 1568 1137 1573 —-
1163 1560 1206 1582 ον
1209 1550 1302 1591 dene,
1329 1560 1349 1582 a
1374 1556 1514 1584 senatu.
1541 1569 1584 1575 —
1609 1551 1708 1584 zudi-

252 1596 369 1639 cz‘um,
403 1607 517 1630 euren
542 1596 761 1637 Beschluss,
794 1606 882 1628 eure
909 1595 1127 1638 Gesinnung
1156 1606 1277 1638 gegen
1309 1595 1391 1637 ihn,
1428 1596 1502 1630 wie
1527 1596 1615 1632 Viel
1649 1597 1708 1630 ihr

251 1653 326 1675 von
348 1643 422 1675 ihm
449 1642 574 1676 haltet.
602 1661 646 1667 --
672 1642 834 1683 deferre,
858 1641 1019 1674 bekannt
1045 1642 1210 1684 macheu,
1236 1642 1426 1684 anzeigen.
1453 1661 1498 1666 —
1523 1643 1704 1686 qnoniam.

253 1688 306 1723 So
333 1688 466 1723 Orelli.
501 1688 540 1723 S.
565 1699 624 1732 ep.
651 1687 869 1730 CCXVIII,
900 1688 932 1720 2.
961 1706 1004 1711 —-
1029 1688 1178 1731 diceret,
1205 1688 1239 1720 εἰ
1263 1688 1349 1731 quid
1374 1690 1438 1728 (Ξ
1462 1690 1495 1723 εἴ
1515 1689 1562 1730 τι)
1589 1690 1707 1728 vellet,

254 1734 339 1768 dass
380 1746 420 1768 er
458 1745 528 1767 nur
575 1745 621 1767 zu
666 1744 779 1778 sagon
820 1733 1007 1777 brauche,
1052 1744 1130 1767 was
1171 1745 1212 1767 er
1247 1741 1369 1768 etwan
1403 1736 1608 1769 wunschte.
1665 1735 1706 1770 S.

253 1781 404 1815 Ramsh.
432 1780 458 1822 ᾖ.
487 1782 566 1823 160,
592 1781 625 1819 2,
651 1780 738 1815 Not.
765 1779 799 1814 2.

345 1827 377 1860 5.
425 1826 465 1859 in
491 1827 658 1869 consilio,
683 1824 920 1868 congregatis
945 1823 1223 1868 magistratibus
1239 1824 1476 1868 militaribus,
1503 1825 1539 1858 in
1559 1826 1709 1870 Gegen-

253 1879 352 1907 wart
375 1873 517 1905 meiner
541 1873 674 1914 Riithe,
700 1872 748 1905 im
776 1872 1057 1906 Generalszelte
1082 1871 1147 1904 des
1173 1871 1317 1913 Cicem,
1342 1872 1469 1905 wohin
1496 1872 1620 1906 dieser
1637 1873 1709 1906 den

254 1918 384 1962 Konig
408 1918 632 1952 beschieden
657 1919 769 1951 hatte.
795 1936 838 1942 —
862 1928 1026 1961 meque...
1052 1917 1241 1956 adhibere,
1275 1917 1347 1950 und
1374 1918 1457 1951 dass
1484 1918 1543 1951 ich
1566 1919 1641 1951 ihm
1667 1929 1709 1952 so

254 1965 355 1999 viele
368 1965 707 1998 Aufmerksamkeit
732 1963 902 1997 erwiese.
929 1983 973 1988 —
998 1975 1077 1996 mea
1101 1964 1199 2006 fides,
1226 1963 1288 1996 die
1305 1964 1600 2008 Aufrichtigkeit
1617 1965 1710 1999 mei-

254 2020 323 2044 ner
355 2011 686 2054 Anerbietungen,
719 2010 1071 2053 Versprechungen.
1097 2029 1142 2035 ———
1167 2020 1293 2042 comm.
1325 2021 1356 2042 v.
1385 2012 1606 2053 auctoritas,
1641 2011 1710 2044 der

254 2056 499 2098 Nachdruck,
537 2057 666 2090 womit
699 2067 740 2089 er
775 2056 846 2089 mir
872 2067 943 2088 νου
971 2056 1066 2090 euch
1091 2056 1303 2099 empfohlen
1329 2056 1393 2089 sei.
1421 2075 1463 2080 ——
1489 2059 1607 2099 Atque
1632 2057 1709 2091 ille.

255 2103 332 2137 Md.
358 2102 458 2138 Vict.
481 2105 510 2137 l.
536 2103 676 2136 Bened.
701 2103 768 2135 illo
795 2103 877 2135 <ille
903 2109 959 2136 est
975 2102 1204 2136 emendatum
1230 2101 1300 2135 iam
1326 2101 1362 2134 in
1381 2102 1483 2144 Bas.)
1512 2102 1707 2136 ORELLI.

255 2167 301 2174 —
334 2149 442 2192 idque
471 2160 526 2181 me
558 2149 732 2191 gaudere.
782 2148 909 2182 Ueber
947 2148 1075 2181 diesen
1107 2148 1239 2182 Aecus.
1275 2148 1340 2182 des
1374 2149 1550 2182 Pronom.
1585 2156 1706 2182 neutr.

258 2194 297 2228 in
330 2195 581 2238 Verbindung
617 2195 684 2228 mit
716 2195 859 2236 gaudeo
895 2204 923 2228 5.
958 2194 1108 2228 Ramsh.
1148 2194 1174 2236 §.
1203 2195 1281 2235 144,
1312 2196 1345 2237 3,
1381 2194 1465 2228 Not.
1491 2197 1523 2229 3.
1562 2194 1707 2233 Grotef,

258 2242 288 2284 ξ.
315 2241 394 2282 264,
420 2243 454 2283 3,
478 2242 585 2275 Anm.
611 2261 652 2265 —
687 2252 809 2274 casum
839 2241 1010 2274 interitus
1031 2240 1194 2284 paterni,
1228 2240 1314 2282 quia
1350 2247 1457 2283 pater
1482 2240 1710 2275 Ariobarza-

257 2297 324 2320 nes
356 2287 385 2321 I.
426 2286 644 2320 interfectus
683 2292 763 2319 erat
810 2297 878 2330 per
918 2287 1071 2320 insidias
1115 2286 1363 2329 (Mithridatis
1397 2288 1555 2330 veneno)
1599 2298 1710 2330 quum

258 2333 455 2377 expulsum
494 2345 515 2367 e
548 2344 663 2375 regno
705 2332 908 2376 Pompeius
947 2332 1173 2366 restituisset
1214 2332 1251 2365 in
1297 2333 1397 2365 bello
1440 2333 1709 2367 Mithridatico.
1793 2349 1795 2359 ι

258 2378 491 2414 ERNESTI.
531 2379 618 2416 vid.
652 2378 843 2413 Plutarch.
880 2379 917 2412 in
943 2379 1008 2412 vit.
1035 2379 1166 2422 Pomp.
1194 2378 1357 2423 Appian.
1393 2379 1427 2412 b.
1454 2379 1624 2414 Mithrid.
1654 2381 1709 2414 ὅθ.
1748 2400 1750 2403 v

257 2426 316 2460 67.
342 2426 418 2460 105.
444 2425 521 2459 Dio
547 2426 646 2459 Cass.
673 2425 780 2458 Tom.
807 2427 838 2458 l.
865 2436 901 2469 p.
929 2425 983 2458 72.
1009 2424 1130 2458 Reim.
1792 2439 1793 2449 π

351 2473 383 2506 6.
434 2483 514 2505 cum
538 2471 752 2505 Ariarathe.
779 2471 845 2504 Α15
871 2470 1109 2505 Mithridates
1134 2470 1260 2503 seinen
1288 2469 1391 2504 Sohn
1416 2470 1636 2505 Ariarathus
1659 2471 1710 2504 X.

260 2527 344 2550 zum
360 2517 510 2561 Konige
534 2528 606 2550 von
621 2517 881 2562 Cappadocien
908 2517 1111 2560 eingesetzt
1140 2517 1253 2559 hatte,
1281 2517 1470 2550 erkiiirten
1497 2517 1556 2550 die
1573 2518 1713 2551 Romer

261 2564 385 2598 dieses
412 2564 514 2597 Land
539 2565 597 2597 fiir
624 2563 706 2596 frei.
755 2564 858 2597 Aber
883 2563 944 2596 die
962 2563 1220 2608 Cappadocier
1245 2564 1408 2596 wahlten
1433 2563 1511 2596 sich
1536 2562 1572 2596 in
1599 2564 1712 2597 Ario·
1750 2598 1752 2607 Ι

261 2610 441 2644 barzanes
467 2610 497 2643 I.
538 2610 646 2643 einen
684 2620 804 2642 neuen
836 2609 986 2653 Konig,
1020 2610 1087 2641 der
1119 2609 1172 2642 als
1204 2609 1340 2642 amicus
1377 2615 1413 2642 et
1438 2609 1560 2642 socius
1586 2610 1630 2643 P.
1663 2609 1710 2643 R.
1748 2641 1749 2645 ,

263 2655 323 2687 ein
355 2667 499 2690 neues
532 2655 845 2699 konigliches
883 2655 1009 2688 Hans
1039 2655 1284 2697 begriindete.
1335 2655 1386 2688 Es
1412 2655 1529 2698 solgte
1554 2655 1712 2688 n'amlich
1748 2665 1750 2667 “

261 2701 327 2734 auf
348 2702 410 2736 ihu
437 2701 516 2736 sein
543 2702 645 2737 Sohn
669 2701 944 2737 Ariobarzanes
969 2701 1019 2744 ΙΙ,
1043 2701 1255 2745 gleichfalls
1280 2701 1397 2735 durch
1421 2701 1625 2746 Pompeius
1649 2702 1713 2735 be·
1747 2722 1750 2727 -
1792 2714 1795 2731 t
