1795 3043
438 63 754 112 EPISTOLA
788 64 1132 115 CCXXXVIII.
1421 74 1523 125 147

17 176 22 224 1
52 176 224 220 Parthis
250 176 416 218 inimici
447 188 536 217 esse
564 189 649 218 11011
680 177 846 218 audent.
903 178 1051 230 Itaque
1081 179 1126 220 in
1151 178 1421 235 Cappadocia
1450 195 1521 224 ex-

17 237 22 290 Ι
56 236 191 275 trema
221 247 303 275 11011
334 236 458 287 longe
482 234 660 275 aTauro
678 234 788 287 apud
813 235 1014 287 oppidum
1034 236 1225 289 Cybistra
1255 241 1392 280 castra
1418 238 1520 294 feci,

18 292 23 335 Ξ
52 294 100 332 ut
131 294 173 332 et
203 292 396 332 Ciliciam
427 294 570 331 tuerer
599 294 641 332 et.
667 292 976 344 Cappadociam
1006 295 1152 334 tenens
1181 308 1292 337 nova
1321 296 1520 338 finitimo-

17 365 19 370 ’
52 361 146 390 rum
177 350 356 389 consilia
382 348 641 401 impedirem.
702 349 871 389 Interea
900 350 945 389 in
975 350 1058 390 hoc
1091 352 1206 392 tanto
1237 355 1353 394 motu
1382 356 1517 396 tanta·
1537 363 1568 407 5

53 417 136 457 que
168 406 480 459 exspectatione
503 404 676 445 maximi
699 404 818 453 belli,
848 418 924 447 rex
943 406 1183 458 Deiotarus,
1214 411 1283 450 cui
1312 423 1395 451 non
1425 412 1517 453 sine

17 478 23 502 ¹.
52 475 179 504 causa
209 465 438 516 plurimum
480 474 645 515 semper
683 465 725 502 et
762 474 855 503 meo
898 465 941 503 et
977 465 1051 503 tuo
1090 466 1132 504 et
1160 470 1328 508 senatus
1356 469 1518 511 iudicio

52 520 260 560 tributum
290 523 376 568 est,
416 519 484 559 vir
514 532 640 571 quum
671 519 967 560 benevolentia
998 522 1039 561 et
1073 520 1155 561 fide
1186 535 1284 575 erga
1312 528 1517 578 populum

19 579 24 621 1
52 577 284 617 Romanum
314 577 538 629 singulari,
581 579 670 616 tum
697 577 960 630 praesentia,
996 578 1286 631 magnitudine
1316 584 1358 622 et
1387 583 1518 624 animi

20 679 23 686 .
51 636 94 674 et
126 635 305 682 consilii,
336 635 495 687 legatos
526 633 578 674 ad
607 646 674 673 me
704 634 818 675 misit
848 647 892 674 se
921 647 1017 675 011111
1046 636 1238 677 omnibus
1269 639 1355 679 suis
1380 642 1517 692 copiis

19 690 21 697 ⁴
51 691 95 732 in
125 704 218 732 mea
248 694 385 732 castra
414 703 503 731 esse
531 694 766 732 venturum.
836 691 965 732 Cuius
1007 705 1082 746 ego
1119 693 1258 735 studio
1286 695 1516 749 officioque

20 762 21 766 ¹
51 751 283 789 commotus
304 748 370 801 egi
389 748 428 787 ei
447 760 525 800 per
544 750 692 789 literas
715 748 893 801 gratias:
924 749 1050 801 idque
1069 751 1115 790 ut
1145 753 1388 803 maturaret,
1417 755 1516 794 hor-

19 803 23 859 }
50 807 162 846 tatus
192 818 294 846 sum.
356 805 492 853 Quum
521 808 661 846 autem
690 806 741 846 ad
759 806 950 859 Cybistra
978 808 1153 859 propter
1182 811 1391 851 rationem
1410 809 1516 852 belli
1538 819 1568 861 6

19 888 25 921 ,Δ
50 864 236 915 quinque
265 862 355 902 dies
385 875 516 902 essem
543 864 742 915 moratus,
770 876 913 916 regem
931 864 1277 919 Ariobarzanem,
1307 868 1427 908 cuius
1455 882 1519 910 sa-

20 939 24 953 ·
50 921 179 961 lutem
210 934 235 960 a
263 921 409 960 senatu
439 922 481 959 te
511 922 684 960 auctore
712 920 1043 961 commendatam
1071 922 1292 976 habebam,
1320 937 1518 977 praesen-

19 978 24 986 '
51 976 165 1018 tibus
193 977 357 1017 insidiis
386 977 709 1029 necopinantem
733 977 932 1018 liberavi:
970 990 1108 1030 neque
1139 981 1273 1021 solum
1312 982 1352 1021 ei
1387 984 1518 1024 saluti

21 1047 23 1075 2
48 1035 128 1082 fui,
160 1035 232 1075 sed
263 1035 387 1074 etiam
417 1035 575 1085 curavi,
605 1037 650 1074 ut
679 1047 776 1074 011111
806 1035 1058 1075 auctoritate
1087 1038 1296 1090 regnaret.
1335 1038 1519 1081 Metram

22 1143 23 1146 Ἴ
53 1094 95 1132 et
124 1104 242 1139 eum,
274 1103 398 1142 quem
426 1092 472 1130 tu
500 1091 607 1131 mihi
635 1091 861 1144 diligenter
882 1093 1210 1146 commendaras,
1238 1094 1520 1148 Athenaeum,

21 1162 25 1171 ·
51 1149 369 1201 importunitate
389 1147 640 1188 Athenaidis
671 1149 819 1190 exsilio
848 1150 1070 1198 multatos,
1102 1152 1283 1192 maxima
1313 1154 1426 1205 apud
1454 1167 1519 1195 re-

21 1203 25 1265 }
51 1218 144 1258 gem
170 1206 423 1247 auctoritate
449 1206 669 1258 gratiaque
697 1205 907 1246 constitui.
958 1208 1177 1260 Quumque
1202 1222 1399 1263 magnum
1429 1210 1519 1252 bel-

22 1277 27 1319 1
51 1264 140 1303 111111
167 1264 213 1303 111
246 1262 512 1315 Cappadocia
540 1264 840 1311 concitaretur,
873 1263 908 1302 si
937 1265 1132 1306 sacerdos
1160 1266 1288 1307 armis
1317 1280 1376 1320 50,
1405 1268 1520 1321 quod

22 1376 26 1416 1
53 1385 175 1418 etiam.
224 1383 288 1418 Sic
318 1383 397 1417 Md.
423 1384 510 1418 Bas.
536 1383 641 1419 vict.
661 1387 692 1419 1.
711 1383 745 1416 2.
782 1382 852 1416 Est
882 1382 963 1416 fere
986 1383 1268 1428 „aliquatenus,
1301 1396 1351 1419 ex
1375 1389 1520 1431 parte.'’

23 1445 25 1450 ¹
53 1432 229 1467 Fortasse
264 1437 383 1464 tamen
416 1430 510 1473 leg:
544 1429 639 1463 clam
671 1428 793 1462 amici.
835 1428 942 1464 omis.
975 1430 1086 1463 etiam
1121 1432 1214 1465 Cett.
1249 1431 1446 1467 ORELLI.
1473 1452 1518 1460 —

54 1478 187 1512 audent
212 1477 277 1510 mit
302 1477 336 1512 d.
362 1476 538 1510 nominat.
565 1486 595 1509 0.
622 1475 724 1509 infin.
760 1474 798 1508 S.
825 1475 976 1510 Ramsh.
1000 1476 1029 1518 §.
1050 1477 1133 1516 168,
1160 1477 1264 1520 B,4,
1289 1478 1334 1512 N.
1354 1481 1388 1514 3.
1423 1479 1521 1515 Sunt

55 1524 153 1558 enim
178 1523 331 1558 Parthis
356 1521 488 1566 aperti.
509 1540 548 1546 —
582 1524 622 1553 ut
646 1546 654 1554 .
672 1546 681 1554 .
698 1546 707 1554 .
734 1524 877 1563 tuerer,
905 1532 964 1554 um
989 1532 1035 1556 zu
1061 1522 1218 1557 decken.
1247 1542 1290 1548 —
1326 1528 1448 1559 tenens
1473 1533 1520 1562 st.

53 1570 239 1612 tenendo,
265 1570 320 1603 als
345 1569 439 1602 auch
464 1566 642 1609 dadurch,
669 1567 754 1600 dass
780 1566 841 1600 ich
865 1577 938 1599 von
963 1568 1228 1612 Cappadocien
1243 1569 1402 1605 Meister
1425 1583 1518 1617 war,

25 1634 27 1644 ι
55 1617 117 1650 (110
143 1616 415 1649 benachbarten
441 1613 590 1656 Konige
624 1623 697 1647 von
723 1614 1103 1657 neuerungslustigen
1130 1616 1206 1649 und
1231 1626 1299 1650 uns
1325 1618 1522 1654 nachthei-

26 1663 157 1706 ,ligen
198 1662 471 1695 Entscliliissen
509 1659 839 1695 zuriickzuhalten.
890 1670 924 1695 z.
946 1660 993 1694 B.
1028 1661 1102 1695 den
1137 1663 1359 1698 Artuasdes.
1394 1674 1423 1699 ε.
1456 1676 1518 1711 ep.

26 1712 28 1735 ἒ
55 1708 230 1751 CCXIX,
251 1708 283 1742 2.
309 1707 464 1749 CCXII,
485 1708 519 1740 1.

0 1776 20 1803 1,
145 1755 178 1788 5.
214 1754 273 1788 cui
301 1779 334 1788 ..
351 1781 359 1788 .
384 1754 484 1798 plur.
511 1778 545 1786 ..
573 1751 656 1786 trib.
681 1754 753 1795 est,
788 1750 857 1785 der
879 1750 943 1786 bei
969 1751 1040 1786 mir
1063 1779 1073 1786 .
1090 1779 1099 1788 .
1116 1779 1125 1787 .
1160 1754 1295 1788 immer
1326 1755 1425 1790 hoch
1455 1767 1523 1791 an-

0 1805 31 1864 J
55 1800 301 1846 geschrieben
328 1800 445 1834 stand.
495 1798 590 1842 Vgl.
617 1798 651 1831 d.
680 1808 759 1833 vor.
783 1796 848 1832 Br.
876 1799 904 1840 §.
924 1799 946 1831 2
970 1798 1019 1832 im
1044 1800 1128 1833 Ans.
1169 1801 1245 1835 Cic.
1272 1802 1391 1836 Acad.
1407 1803 1479 1842 IV,
1499 1804 1523 1838 4

0 1873 24 1888 Η.
56 1856 153 1881 extr.
180 1846 225 1880 ad
241 1846 393 1881 Divers.
411 1845 592 1888 X111,22.
619 1844 711 1888 XII,
724 1846 758 1879 9.
783 1844 889 1879 Brut.
905 1846 961 1879 51.
989 1845 1036 1878 de
1054 1846 1208 1890 Ot‘tic.l,
1223 1848 1337 1881 15.—
1360 1850 1522 1892 magnit.

0 1891 21 1928 ,ἰ
58 1893 122 1929 Sic
149 1893 225 1926 Md.
251 1893 354 1928 vict.
372 1893 405 1926 2.
432 1891 574 1926 Bened.
603 1890 719 1925 solito
745 1890 783 1924 in
808 1891 866 1924 his
879 1891 1017 1936 Epistt.
1045 1892 1297 1938 ἀσυνδέτῳ.--
1321 1898 1397 1927 tum
1410 1907 1523 1939 prae-

0 1949 30 1975 ‚t
56 1941 173 1974 sentia
198 1943 230 1972 et
254 1949 377 1981 magn.
406 1937 493 1973 Sch.
522 1937 568 1970 de
584 1937 724 1971 Manut.
752 1937 947 1972 sententia.
977 1938 1174 1973 ORELLI.
1201 1940 1523 1986 „Geistesgegen-

0 1995 22 2023 ,'
57 1984 532 2028 wart,Entschlossenheit
556 1983 633 2017 und
658 1983 877 2026 Klugheit.⁷'
895 2001 937 2009 —-
969 1985 1008 2018 in
1032 1996 1080 2018 m.
1101 1996 1131 2019 c.
1150 1995 1178 2019 e.
1204 1990 1313 2028 vent„
1340 1998 1381 2021 er
1404 1989 1523 2023 wolle

1 2067 5 2077 ‚
28 2046 29 2055 ¹
57 2042 105 2067 zu
129 2032 198 2066 mir
222 2039 432 2065 stossen.—
458 2031 499 2064 z'd
519 2056 550 2064 ..
570 2034 609 2063 ut
632 2033 789 2072 matur„
815 2029 896 2063 sein
911 2030 1116 2066 Vorhaben
1141 2042 1187 2065 zu
1207 2032 1520 2078 beschleunigen.

2 2115 5 2119 Ι
147 2080 180 2113 6.
211 2081 362 2122 propter
385 2081 454 2111 rat.
482 2075 587 2115 belli,
620 2076 797 2120 nothiger
815 2075 1285 2122 Kriegsveranstaltungen
1312 2090 1460 2123 wegen.
1477 2099 1523 2106 —

3 2160 6 2167 ¹
30 2139 31 2142 ¹
58 2128 233 2167 moratus,
260 2125 360 2158 Crat.
377 2124 506 2157 Lamb.
534 2126 789 2156 commoratus.
807 2141 847 2148 —-
878 2123 1078 2157 AriobarZ.
1117 2123 1156 2158 S.
1176 2135 1234 2170 ep.
1253 2125 1427 2169 CCXIX,
1445 2128 1466 2160 4
1482 2128 1522 2162 ff.

1 2201 7 2207 ,
32 2184 33 2187 “
61 2190 101 2197 -
135 2171 328 2204 commend.
357 2170 435 2203 hab.
471 2169 508 2204 S.
536 2169 687 2203 Ramsh.
710 2169 738 2213 §.
757 2170 835 2212 171,
856 2167 909 2212 11,
928 2171 975 2213 A,
994 2170 1028 2203 2.
1055 2169 1199 2205 Grotef.
1222 2170 1341 2213 §.324.
1360 2173 1524 2208 Anm.-

0 2236 8 2260 3
56 2227 199 2261 praes.,
226 2217 286 2249 die
313 2217 405 2250 eben
430 2216 479 2249 im
505 2215 650 2250 Werke
674 2223 813 2249 waren.
833 2233 875 2239 —-
907 2219 947 2249 ut
970 2226 1001 2250 c.
1018 2220 1114 2249 auct.
1131 2227 1259 2260 regn,
1286 2218 1369 2252 dass
1397 2229 1438 2252 er
1457 2218 1525 2252 mit

2 2284 7 2305 ἱ
61 2264 143 2296 (10111
161 2262 549 2305 geborigenAnsehen
567 2261 720 2304 regiren
736 2261 888 2295 kounte.
903 2281 942 2286 —
961 2262 1157 2306 importum.
1173 2264 1523 2308 (iniquitateMargo

1 2330 9 2353 ,ν
62 2309 179 2350 Crat.)
215 2308 368 2351 Athen„
419 2318 556 2352 wegen
594 2308 663 2341 der
698 2306 1027 2351 Zudringlichkeit
1065 2308 1133 2342 der
1166 2310 1526 2354 Konigin-B'Iutter

61 2353 243 2389 Athenais
269 2354 303 2387 d.
332 2354 354 2387 i.
379 2353 469 2387 weil
493 2354 599 2388 diese
625 2353 758 2388 darauf
779 2354 914 2398 drang,
941 2354 1012 2387 den
1029 2353 1258 2390 Vertrauten
1278 2357 1343 2391 des
1363 2357 1525 2400 Konigs,

0 2423 8 2445 ss
32 2401 36 2433 ἐ
62 2401 134 2434 den
153 2401 286 2442 Metra,
307 2409 351 2433 zu
378 2400 583 2434 entsernen.
600 2418 645 2425 —
675 2412 761 2434 maz
777 2424 786 2434 .
802 2425 812 2434 .
828 2426 837 2434 .
864 2401 1049 2445 constitui,
1076 2402 1159 2435 hab’
1183 2402 1244 2436 ich
1269 2403 1307 2436 in
1334 2403 1398 2436 das
1425 2404 1526 2436 voll-

0 2478 9 2484 ,
31 2453 36 2479 l
62 2447 293 2480 kommenste
319 2446 505 2480 Zutrauen
532 2459 565 2480 u.
593 2445 631 2481 in
665 2448 728 2481 die
752 2449 900 2491 grosste
926 2447 1047 2481 Gunst
1073 2448 1171 2481 beim
1195 2449 1347 2492 Konige
1378 2449 1525 2482 wieder

0 2492 37 2537 ;·:'
65 2499 218 2536 gesetzt.
241 2511 286 2517 —
321 2493 509 2534 sacerdos,
543 2492 610 2527 der
641 2493 928 2538 Hochpriester.
967 2494 1216 2528 comanorum
1249 2494 1424 2529 sacerdos
1449 2497 1525 2528 Ar-

0 2564 10 2577 „
33 2558 37 2570 1
64 2539 214 2572 chelaus
240 2549 261 2572 a
284 2538 466 2582 Pompeio
492 2539 642 2583 Magno,
670 2546 709 2573 ut
735 2539 865 2574 scribit
882 2539 1089 2585 Appianus,
1114 2541 1333 2574 Mithridate
1359 2541 1523 2583 devicto,

0 2582 5 2622 '‚
33 2591 37 2607 ⁷
66 2586 290 2629 praefectus,
317 2591 401 2628 post
426 2595 535 2628 quem
568 2585 743 2620 sacerdos
776 2586 846 2619 suit
869 2586 1096 2621 Nicomedes
1121 2598 1143 2620 a
1167 2588 1326 2620 Caesare
1351 2594 1437 2631 post
1462 2598 1525 2621 su-

0 2623 10 2678 ξ’
33 2642 35 2661 1
65 2637 229 2675 peratum
254 2630 475 2674 Pompeium
500 2632 749 2676 praepositus.
784 2632 878 2666 Eius
904 2632 1111 2666 sacerdotis
1136 2639 1300 2676 potestas
1326 2643 1421 2676 quae
1446 2634 1528 2667 sue-

0 2703 11 2716 ,,
34 2675 39 2721 t
66 2675 135 2719 rit,
167 2677 329 2711 ostendit
354 2676 499 2710 Hirtius
536 2676 583 2710 de
605 2677 720 2712 Bello
745 2679 860 2713 Alex.
885 2688 916 2712 c.
934 2680 990 2713 66.
1020 2678 1077 2712 his
1109 2678 1251 2712 verbis:
1279 2679 1439 2713 Comana
1464 2690 1529 2713 ve-

0 2722 11 2769 ᾗ.
35 2735 39 2752 ··
67 2722 303 2757 tustissimum
330 2729 365 2758 et
391 2722 658 2758 sanctissimum
684 2725 719 2759 in
741 2724 982 2770 cappadocia
997 2723 1179 2759 Bellonae
1205 2725 1400 2770 templum,
1425 2725 1528 2771 quod

1139 2784 1224 2826 10*
