1795 3043
520 81 835 128 nris'ronA
881 83 1068 129 cem.
1435 74 1556 138 193'

71 195 148 235 bus
179 194 385 247 petierat,
419 194 471 234 de
499 194 720 247 provincia
750 195 1030 236 decesserant.
1090 195 1213 237 Nunc
1243 209 1449 250 cognosce
1478 198 1531 239 de
1554 208 1583 249 5

69 252 334 293 Salaminiis:
379 251 490 304 quod
531 252 651 292 video
693 252 771 292 tibi
818 253 943 292 etiam
983 265 1136 293 novum
1177 255 1403 307 accidisse,
1442 258 1531 296 tan·

67 323 195 361 quam
225 310 345 349 mihi.
405 308 628 360 Nunquam
658 311 767 349 enim
799 321 851 349 ex
880 310 956 349 illo
989 311 1130 350 audivi
1159 312 1278 352 illam
1307 313 1532 364 pecuniam

69 379 158 406 esse
188 379 319 407 suam.
380 366 488 414 Quin
528 367 655 406 etiam
683 367 875 406 libellum
904 367 1037 418 ipsius
1066 367 1224 415 habeo,
1255 370 1297 408 in
1331 382 1414 420 quo
1446 372 1528 409 est:

67 425 318 475 „Salaminii
348 424 568 475 pecuniam
598 424 751 463 debent
780 424 835 462 M.
857 424 1028 475 Scaptio
1059 426 1099 463 et
1129 424 1175 463 P.
1192 425 1384 478 Matinio,
1412 427 1530 467 fami-

68 481 246 521 liaribus
276 481 418 521 meis.'’
486 480 571 519 Eos
609 481 714 520 mihi
752 481 1035 520 commendat:
1077 480 1280 521 adscribit
1323 485 1449 523 etiam
1488 485 1530 523 et

69 539 191 588 quasi
223 539 364 578 calcar
393 537 609 585 admovet,
653 538 941 577 intercessisse
972 549 1015 576 se
1044 550 1121 589 pro
1152 538 1206 577 iis
1242 552 1431 591 magnam
1461 553 1533 592 pe-

70 596 254 636 cuniam.
307 595 594 646 Cont'eceram,
624 597 670 634 ut
688 596 911 646 solverent,
931 594 1170 634 centesimis
1191 597 1380 636 sexennii
1396 597 1533 637 ductis

68 664 168 692 cum
198 651 469 692 renovatione
506 651 762 703 singulorum
791 664 1010 693 annorum.
1066 652 1121 692 At
1142 652 1338 704 Scaptius
1367 655 1534 705 quater-

70 721 146 749 nas
175 708 427 761 postulabat.
486 708 637 755 Metui,
669 710 703 748 si
732 709 1008 761 impetrasset,
1029 721 1082 747 ne
1111 711 1157 748 tu
1187 710 1277 761 ipse
1306 723 1371 750 me
1391 723 1534 751 amare

69 766 292 806 desineres.
350 764 458 805 Nam
488 764 540 804 ab
572 765 712 805 edicto
739 778 831 805 meo
862 767 1127 806 recessissem
1157 768 1199 805 et
1229 767 1454 815 civitatem,
1486 768 1531 807 in

70 822 238 863 Catonis
269 823 310 861 et
346 822 391 861 in
432 822 565 873 ipsius
593 823 714 862 Bruti
750 822 832 862 fide
872 824 1054 863 locatam
1088 822 1275 874 meisque
1312 824 1532 864 beneficiis

67 882 271 931 ornatam,
294 879 482 919 funditus
503 879 790 930 perdidissem.
837 880 977 931 Atque
1007 881 1088 919 hoc
1116 882 1305 931 tempore
1334 881 1424 933 ipso
1454 883 1531 921 im·
1553 887 1582 927 6

67 937 205 989 pingit
234 936 338 976 mihi
369 938 588 987 epistolam
619 937 815 989 Scaptius
845 936 991 983 Bruti,
1035 949 1125 976 rem
1163 938 1280 977 illam
1318 951 1392 978 suo
1422 939 1533 990 peri-

68 996 166 1034 culo
198 1006 310 1034 esse:
342 994 453 1043 quod
483 1006 562 1033 nec
594 994 701 1033 mihi
732 1007 915 1044 unquam
939 994 1098 1034 Brutus
1128 993 1292 1033 dixerat
1319 1007 1399 1035 nec
1428 995 1529 1038 tibi:

68 1051 219 1103 etiam,
257 1052 303 1090 ut
332 1051 644 1101 praefecturam
675 1051 844 1102 Scaptio
883 1051 1106 1092 deferrem.
1175 1050 1223 1089 Id
1252 1063 1353 1091 vero
1384 1064 1460 1103 per
1489 1054 1531 1093 te

68 1120 393 1159 exceperamus,
424 1120 477 1146 ne
508 1108 779 1160 negotiatori:
811 1107 923 1158 quod
952 1108 987 1146 si
1018 1109 1231 1159 cuiquam,
1261 1108 1362 1148 huie
1391 1110 1529 1148 tamen

65 1178 164 1206 non.
223 1166 382 1205 Fuerat
417 1165 529 1204 enim
568 1165 810 1216 praefectus
838 1164 999 1216 Appi03
1044 1167 1085 1205 et
1125 1164 1294 1215 quidem
1325 1165 1532 1205 habuerat

65 1224 224 1263 turmas
254 1222 458 1273 equitum,
479 1221 632 1273 quibus
660 1222 868 1261 inclusum
900 1222 944 1260 in
966 1222 1086 1261 curia
1105 1223 1297 1261 senatum
1315 1222 1531 1263 Salamine

68 1279 312 1330 obsederat,
349 1279 397 1317 ut
426 1279 534 1318 fame
572 1281 785 1318 senatores
823 1278 1007 1329 quinque
1045 1280 1323 1319 morerentur.
1381 1280 1530 1330 Itaque

69 1348 170 1388 ego,
213 1347 296 1385 quo
335 1334 402 1373 die
444 1335 565 1387 tetigi
605 1335 878 1386 provinciam,
919 1346 1047 1385 quum
1088 1335 1192 1374 mihi
1222 1336 1365 1387 Cyprii
1401 1337 1531 1389 legati

68 1393 285 1444 Ephesum
314 1391 481 1430 obviam
508 1391 744 1442 venissent,
785 1391 931 1430 literas
961 1391 1079 1443 misi,
1117 1394 1163 1431 ut
1194 1394 1355 1442 equites
1385 1405 1436 1432 ex
1468 1394 1532 1433 in-

71 1450 163 1489 sula
193 1449 333 1488 statim
371 1447 637 1488 decederent.
695 1448 773 1487 His
803 1447 854 1486 de
885 1448 1021 1487 causis
1049 1448 1176 1489 credo
1207 1449 1424 1500 Scaptium
1452 1449 1531 1489 ini-

71 1507 196 1557 quius
227 1505 277 1545 de
305 1517 372 1544 me
403 1504 563 1555 aliquid
592 1503 645 1543 ad
668 1504 845 1544 Brutum
875 1504 1107 1555 scripsisse.
1167 1505 1249 1544 Sed
1278 1508 1418 1546 tamen
1451 1507 1533 1547 hoe

161 1630 195 1663 5.
234 1630 276 1663 de
301 1629 438 1663 Salam.
466 1628 546 1671 Vgl
572 1638 630 1672 ep.
653 1627 758 1669 CCL,
778 1628 821 1660 10
837 1627 874 1660 ff.
901 1645 946 1651 —-
990 1630 1185 1671 tamquam.
1211 1627 1304 1661 Ern.
1330 1639 1431 1673 susp.
1458 1633 1534 1662 tam

72 1687 202 1709 novum
232 1676 409 1708 accidisse
441 1685 547 1718 quam
577 1673 680 1707 mihi.
714 1674 858 1707 Placet.
887 1673 965 1707 Csr.
993 1674 1038 1706 ad
1071 1673 1227 1707 Sestian.
1262 1674 1291 1716 ἓ.
1310 1674 1388 1708 120.
1430 1675 1532 1709 Edit.

71 1723 157 1756 min.
188 1721 382 1755 ORELLI.
399 1739 442 1744 —
478 1721 654 1762 libellum,
683 1719 742 1753 ein
768 1719 1010 1762 Denkzettel,
1036 1719 1111 1752 wie
1138 1720 1235 1752 oben
1260 1721 1290 1762 §.
1306 1722 1338 1754 3.
1362 1739 1404 1744 —
1441 1725 1475 1753 et
1499 1732 1532 1764 q.

72 1769 197 1802 calcar
221 1769 313 1801 adm.
334 1775 376 1801 st.
397 1773 485 1810 utq.
505 1777 535 1799 c.
563 1766 771 1807 admoveat,
799 1777 858 1798 um
883 1765 979 1798 mich
1004 1765 1209 1809 gleichsam
1233 1775 1279 1798 zu
1305 1777 1534 1810 spornen.—

73 1816 142 1857 iis,
167 1814 244 1848 Md.
263 1814 391 1848 Lamb.
418 1813 455 1845 in
482 1824 526 1846 m.
544 1813 632 1846 1584
652 1811 719 1845 his.
759 1812 1002 1844 intercessisse
1028 1823 1050 1844 a
1074 1822 1111 1844 se
1132 1822 1202 1855 pro
1227 1812 1276 1845 ils
1291 1812 1362 1845 Ed.
1382 1813 1469 1846 1584
1495 1812 1534 1845 in

73 1866 263 1895 contextu.
293 1861 365 1893 OR.
396 1860 524 1892 intere.
550 1870 595 1891 Ξ
621 1869 661 1892 se
686 1858 954 1891 intercedendo
981 1868 1050 1901 pro
1076 1857 1122 1891 iis
1147 1869 1313 1901 magnam
1339 1858 1534 1902 pecuniam

73 1906 361 1953 praestitisses.
389 1905 434 1938 de
460 1916 503 1938 ea
528 1904 684 1937 cavisse.
718 1915 789 1946 „er
814 1904 909 1937 habe
934 1903 1013 1937 sich
1039 1915 1099 1936 um
1125 1903 1209 1936 eine
1234 1915 1365 1947 grosse
1384 1904 1535 1938 Summe

74 1954 132 1987 fiir
166 1952 221 1986 sie
252 1952 463 1994 verburgt.⁷⁷
511 1949 562 1984 So
587 1949 756 1994 Philipp.
776 1950 830 1992 lI,
854 1951 916 1984 18:
952 1955 1089 1982 tantum
1115 1950 1212 1983 enim
1245 1961 1285 1984 se
1310 1961 1380 1993 pro
1408 1962 1452 1984 eo
1478 1949 1535 1982 in-

74 1998 302 2034 tercessisse.
340 1997 378 2032 S.
397 1997 549 2030 Ramsh.
569 1997 598 2039 §.
614 1996 692 2031 128.
714 1996 792 2038 129,
813 1995 845 2030 5.
872 1995 1016 2029 Grotef.
1040 1996 1068 2037 §.
1088 1996 1165 2030 215.
1184 1996 1262 2030 216.
1283 1996 1362 2030 224.
1380 2015 1421 2020 —
1460 1996 1535 2028 sol-

74 2048 197 2078 verene
220 2051 355 2078 sortem
376 2042 581 2077 Salaminii.
601 2061 644 2066 -—
681 2042 860 2075 centesim.
889 2066 896 2075 .
915 2067 923 2074 .
941 2067 948 2076 .
977 2052 1166 2075 annorum.
1200 2041 1265 2076 Sie
1290 2043 1428 2076 sollten
1455 2042 1534 2075 also

75 2092 140 2125 das
167 2090 311 2134 capital
338 2090 473 2123 binnen
499 2090 607 2122 sechs
632 2088 789 2130 Iahren,
816 2098 936 2131 gegen
952 2087 1043 2121 Eius
1070 2099 1154 2121 vom
1170 2087 1340 2121 Hundert
1365 2089 1535 2121 monath-

74 2137 165 2180 lich,
192 2148 227 2169 u.
245 2147 287 2170 so
314 2135 400 2169 dass
425 2135 486 2169 die
511 2135 649 2168 Zinsen
675 2134 887 2167 alliahrlich
912 2144 994 2166 zum
1014 2134 1158 2178 Capital
1184 2135 1410 2177 geschlagen
1435 2145 1536 2167 wur-

77 2183 148 2217 den
179 2185 224 2224 (s.
251 2193 309 2226 ep.
333 2181 444 2225 CCL,
466 2181 580 2215 11.12
605 2192 727 2224 gegen
752 2180 898 2222 Ende),
934 2180 1222 2213 zuriickzahlen.
1266 2181 1384 2214 ductis
1416 2180 1534 2222 vergl.

79 2241 138 2273 ep.
164 2228 278 2271 CCL,
306 2229 360 2262 13.
383 2246 424 2252 -
469 2228 514 2261 ab
546 2227 661 2261 edicto
695 2237 782 2260 meo.
824 2224 863 2259 S.
901 2236 959 2270 ep.
981 2225 1093 2269 CCL,
1116 2227 1170 2260 ll.
1193 2242 1239 2252 —-
1284 2227 1373 2270 fide,
1405 2226 1534 2268 tutela,

80 2273 283 2320 praesidio.
302 2291 347 2299 —-
378 2274 630 2317 perdidissem.
669 2271 707 2306 S.
737 2284 795 2317 ep.
816 2271 921 2314 CCL,
943 2272 986 2305 12
1015 2271 1064 2305 im
1090 2273 1176 2305 Ans.
1246 2292 1249 2294 -

170 2320 203 2353 6.
241 2319 374 2363 Atqui,
398 2320 554 2364 Malasp.
581 2319 707 2363 Atqui.
725 2338 770 2344 -—
812 2318 1008 2361 impingit,
1043 2321 1157 2351 stosst
1181 2317 1251 2351 mir
1275 2317 1343 2352 in’s
1369 2317 1535 2352 Gesicht.

80 2384 125 2392 -
155 2375 220 2398 suo
240 2375 320 2408 per.
344 2375 431 2407 esse,
458 2365 518 2399 die
536 2365 657 2399 Sache
676 2363 853 2398 besahrde
878 2364 968 2399 ihu.
988 2382 1032 2387 ——
1066 2364 1223 2397 dixerat.
1249 2363 1288 2398 S.
1315 2365 1342 2408 §.
1360 2365 1392 2398 5.
1419 2364 1536 2397 Num-

81 2422 190 2455 quam
217 2411 314 2443 enim
340 2422 388 2443 ex
412 2411 481 2444 illo
506 2411 630 2445 audivi
655 2417 726 2444 cet.
746 2430 789 2436 —
826 2409 935 2442 etiam
952 2408 1033 2443 scil.
1054 2411 1232 2454 postulat,
1257 2421 1332 2444 was
1350 2410 1386 2443 in
1404 2409 1535 2452 episto-

83 2459 158 2492 lam
182 2457 392 2499 verborgen
410 2457 512 2500 liegt.
529 2476 572 2482 -
598 2468 667 2502 per
688 2461 721 2490 te
745 2469 790 2490 =
815 2463 852 2490 te
868 2462 1033 2490 auctore.
1069 2455 1109 2490 S.
1135 2457 1163 2498 §.
1180 2457 1214 2490 4.
1232 2474 1274 2480 —
1312 2456 1428 2488 obsed.
1456 2454 1536 2488 ein-

83 2509 257 2548 gesperrt
280 2503 453 2545 gehalten
477 2503 588 2537 hatte.
609 2522 655 2529 -
690 2513 848 2544 morer.,
875 2503 964 2535 Asc.
979 2503 1010 2535 1.
1036 2501 1133 2535 Crat.
1162 2506 1388 2535 necarentur.
1409 2520 1452 2525 —
1484 2504 1535 2532 te-

83 2551 157 2592 tigi
178 2560 282 2593 prov.
303 2559 348 2581 =
371 2548 448 2581 Md.
471 2550 637 2592 provinc.
661 2553 722 2582 tet.
738 2569 779 2574 —-
817 2548 894 2581 obv.
920 2548 1068 2587 veniss.‚
1095 2559 1165 2582 von
1190 2547 1362 2581 welchen
1388 2558 1429 2580 er
1453 2546 1535 2579 also

85 2596 150 2630 das
177 2594 385 2631 Vert'ahren
411 2594 476 2628 des
501 2595 672 2640 Scaptius
698 2595 811 2628 sehon
836 2595 972 2637 gehort
997 2594 1109 2627 hatte.
1143 2593 1182 2628 S.
1209 2604 1267 2637 ep.
1282 2593 1371 2627 CCI.
1389 2611 1433 2617 -
1463 2592 1538 2625 ini-

86 2642 209 2686 quius,
241 2640 325 2674 eine
349 2641 489 2674 schiese
514 2642 781 2684 Darstellung,
816 2652 874 2674 um
907 2640 978 2673 den
1003 2640 1142 2673 Brutus
1177 2639 1297 2672 wider
1331 2639 1426 2672 mich
1458 2637 1538 2671 ein-

87 2688 303 2721 zunehmen.
336 2698 404 2720 om.
441 2687 582 2731 aliquid
606 2688 709 2722 Amb.
728 2689 783 2721 17.
818 2686 953 2729 (Hand.
979 2685 1142 2720 Tursell.
1165 2686 1196 2719 1.
1222 2696 1259 2729 p.
1276 2685 1359 2720 216:
1401 2684 1540 2728 „Frot-

88 2734 195 2767 scher
219 2732 345 2766 nescio
371 2744 443 2776 qua
467 2734 686 2768 auctoritate
709 2732 862 2778 scripsit
885 2732 1047 2776 iniquius
1070 2730 1167 2774 quid.
1210 2731 1254 2765 Id
1280 2731 1317 2765 in
1342 2731 1407 2766 tali
1432 2740 1541 2775 prae-

146 2792 213 2819 Cic.
235 2793 345 2819 Briere
365 2802 398 2819 v.
420 2793 558 2819 Biilerb.
583 2795 624 2822 11.
1191 2792 1240 2830 ¹3
