1795 3043
240 69 308 118 48
507 65 573 112 Μ.
609 66 667 112 Τ.
707 62 1051 114 CICERONIS
1085 64 1458 116 EPISTOLAE.

245 178 347 220 celli
376 178 559 232 impetus
586 177 848 228 resederunt,
879 190 965 219 non
994 177 1165 228 inertia,
1196 180 1270 221 sed
1299 203 1357 211 —
1386 182 1434 222 ut
1463 180 1569 223 mihi
1597 182 1711 224 vide-

241 236 369 276 batur
405 258 464 266 —-
503 236 694 276 consilio.
753 237 816 277 De
851 236 1034 278 comitiis
1084 238 1379 279 consularibus
1427 239 1711 281 incertissima

243 296 306 334 est
337 293 606 334 existimatio,
648 294 738 347 Ego
771 294 902 335 incidi
929 295 975 334 in
1006 295 1326 347 competitorem
1345 294 1533 336 nobilem
1564 299 1607 337 et
1635 310 1709 338 no-

241 350 372 391 bilem
399 353 612 404 agentem:
645 364 742 391 nam
772 351 830 393 M.
863 351 1088 400 Octavius,
1128 352 1201 392 Cn.
1232 352 1371 401 filius,
1404 355 1446 393 ct
1475 354 1520 395 C.
1551 354 1709 395 Hirrus

240 421 407 449 mecum
436 408 560 460 petit.
616 408 710 449 Hoc
739 409 835 449 ideo
871 409 1048 460 scripsi,
1088 409 1199 459 quod
1229 411 1317 451 scio
1348 413 1391 451 te
1421 411 1580 451 acriter
1608 424 1706 463 pro-

241 467 337 518 pter
357 466 532 506 Hirrum
562 465 759 506 nuntium
788 467 1029 506 nostrorum
1060 467 1328 508 comitiorum
1346 468 1706 520 exspectaturum.

241 524 305 564 Tu
337 523 479 564 tamen
518 523 642 564 simul
672 536 722 564 ac
750 536 818 563 me
847 523 1109 576 designatum
1141 524 1349 573 audieris,
1392 528 1440 564 ut
1467 525 1547 566 tibi
1577 537 1707 567 curae

239 580 308 630 sit,
338 581 449 634 quod
479 583 540 622 ad
572 582 803 633 pantheras
842 580 1016 634 attinet,
1055 592 1172 634 1‘0g0.
1232 582 1525 635 Syngrapham
1565 583 1708 623 Sittia-

237 651 337 678 nam
377 637 460 677 tibi
506 638 768 680 commendo.
855 637 1211 679 Commentarium
1257 651 1400 680 rerum
1446 638 1706 681 urbanarum

236 696 424 748 primum
453 694 550 735 dedi
578 695 628 737 L.
660 694 869 736 Castrinio
899 695 1054 738 Paeto:
1088 695 1318 737 secundum
1348 698 1413 746 ei,
1444 697 1518 750 qui
1546 698 1624 739 has
1654 697 1707 739 li-

237 755 350 793 teras
379 751 461 794 tibi
496 752 628 794 dedit.

328 907 363 942 2.
411 907 594 942 Marcelli
618 907 782 942 consulis
817 907 978 952 impetus
1019 907 1096 953 (die
1120 907 1247 951 Hitze)
1283 909 1329 943 de
1354 910 1583 943 &successore
1609 909 1703 944 Cae-

233 953 311 988 sari
336 953 373 987 in
400 953 541 989 Gallias
565 954 759 989 mittendo.
785 954 995 991 MANUT.
1045 954 1084 990 S.
1112 967 1170 1000 ep.
1198 956 1353 999 CXCII,
1378 957 1412 990 2.
1440 974 1482 980 --
1507 966 1579 990 non
1602 956 1704 990 iner-

235 1001 310 1041 tia,
343 1000 446 1034 nicht
470 1012 536 1035 aus
566 1002 800 1045 Ermattung.
827 1022 872 1027 —
897 1001 1075 1045 consilio,
1107 1002 1175 1036 mit
1207 1009 1332 1046 gutem
1356 1002 1536 1037 Bedacht.
1611 1002 1702 1036 Sein

235 1047 394 1091 College
420 1047 611 1093 Sulpicius
635 1048 819 1082 arbeitete
844 1048 919 1082 ihm
945 1055 1142 1092 entgegen.
1168 1047 1271 1084 Suet.
1298 1049 1346 1083 im
1373 1050 1442 1083 Iul.
1470 1067 1514 1073 —
1561 1047 1617 1082 De
1642 1059 1702 1082 co·

233 1094 312 1128 mit.
346 1095 484 1127 consul.
517 1095 605 1138 Vgl.
632 1106 690 1139 ep.
718 1095 792 1137 CC,
817 1095 839 1128 2
863 1105 985 1139 gegen
1012 1095 1129 1129 Ende.
1156 1114 1199 1121 -
1232 1097 1524 1140 competitorem,
1560 1095 1702 1129 Mitbe·

233 1140 386 1175 werber
418 1152 477 1174 um
509 1141 571 1175 die
600 1141 793 1176 Aedilitat.
819 1160 864 1166 ——
892 1145 927 1174 et
950 1141 1108 1175 nobilem
1137 1140 1160 1175 i.
1189 1152 1219 1176 e.
1257 1142 1397 1176 nobilis
1434 1148 1560 1187 partes
1586 1151 1702 1184 agen-

233 1190 322 1230 tem,
350 1187 424 1220 und
448 1187 583 1230 Einen,
610 1189 678 1222 der
703 1188 775 1221 den
801 1188 923 1221 Edeln
950 1188 1075 1232 spielt.
1146 1188 1229 1222 Der
1253 1189 1580 1231 Namensstellung
1606 1187 1701 1221 nach

232 1233 322 1277 geht
347 1233 448 1267 diess
472 1234 538 1268 auf
559 1235 705 1269 Hirrus.
734 1235 834 1268 Crat.
860 1237 895 1267 et
919 1234 1121 1276 ignobilem
1145 1239 1320 1277 egentem.
1349 1254 1395 1260 —
1429 1234 1487 1269 M.
1516 1234 1700 1277 Octavius,

234 1280 299 1314 Cn.
331 1280 387 1323 F„
412 1281 464 1314 M.
491 1280 550 1324 N„
574 1281 641 1315 ille
671 1281 789 1325 Appii
813 1280 972 1315 Pulchri
1002 1281 1170 1324 legatus,
1204 1281 1315 1325 petiit
1348 1280 1576 1315 aedilitatem
1616 1290 1700 1314 cum
1752 1302 1758 1312 1

233 1326 380 1370 Caelio,
407 1327 473 1360 sed
498 1327 648 1361 minime
671 1327 860 1371 gratiosus
885 1327 967 1361 suit.
1015 1326 1104 1362 vid.
1134 1327 1180 1361 ad
1204 1326 1334 1361 Famil.
1362 1328 1434 1368 III,
1461 1327 1493 1360 4.
1522 1327 1568 1360 ad
1583 1326 1698 1360 Attic.

232 1373 282 1416 V,
307 1373 363 1407 21.
415 1373 559 1407 Aedilis
594 1380 716 1407 tamen
749 1373 889 1408 curulis
914 1373 1033 1407 sactus
1067 1378 1123 1407 est
1147 1374 1220 1406 hoc
1251 1383 1347 1407 anno
1381 1374 1490 1417 (703),
1517 1374 1568 1407 M.
1595 1373 1700 1408 Mar-

231 1419 331 1453 cello
366 1424 404 1453 et
435 1419 571 1454 Servio
610 1419 781 1465 Sulpicio
817 1421 921 1454 Coss.
956 1439 1002 1445 —
1040 1419 1078 1454 C.
1114 1420 1256 1453 Hirrus
1294 1419 1498 1461 Lucceius,
1538 1420 1577 1453 C.
1611 1419 1698 1463 Fil.‚

231 1466 495 1511 Pompeianus,
521 1478 630 1510 quem
656 1468 791 1501 Caesar
821 1465 999 1501 Ulciltam
1023 1465 1136 1509 dixit,
1159 1477 1180 1500 a
1212 1466 1341 1500 Caelio
1368 1466 1405 1500 in
1430 1465 1616 1510 petitione
1636 1477 1699 1500 ae·-

231 1512 390 1546 dilitatis
414 1513 579 1547 vincitur
603 1513 692 1557 (vid.
719 1513 765 1546 ad
790 1513 903 1547 Attio.
930 1512 1042 1555 XIII,
1070 1514 1125 1546 11.
1147 1512 1193 1546 ad
1217 1512 1346 1546 Famil.
1373 1515 1405 1556 1,
1431 1514 1484 1547 10.
1511 1512 1621 1555 VIII,
1646 1513 1696 1554 9.)

231 1558 371 1594 Contra
395 1559 593 1593 Caesarem
627 1557 832 1593 sententias
865 1558 957 1591 dicit
984 1564 1071 1602 post
1108 1559 1294 1603 repulsam
1329 1564 1366 1592 et
1397 1565 1497 1593 totus
1522 1563 1695 1593 mutatur.

231 1605 319 1641 Vid.
347 1605 392 1639 ad
421 1606 462 1641 Q.
492 1607 613 1641 Fratr.
641 1605 711 1640 III.
738 1606 769 1640 8.
819 1604 953 1638 Cicero
991 1605 1174 1639 schildert
1210 1605 1273 1638 ihu
1311 1605 1475 1639 daselbst
1506 1606 1559 1639 als
1585 1605 1696 1639 einen

229 1652 512 1695 eingebildeten
535 1652 787 1686 lacherlichen
807 1650 925 1685 Geck.
962 1650 1054 1694 Vgl.
1081 1662 1137 1695 ep.
1165 1650 1216 1692 Il,
1242 1652 1273 1685 9.
1309 1652 1554 1697 (CCXXIV.)
1578 1670 1623 1676 —
1647 1651 1697 1685 ad

229 1698 447 1733 Panthei-as.
505 1699 639 1734 Cicero
666 1699 777 1732 sollte
810 1696 885 1730 ihm
911 1707 957 1730 zu
983 1697 1054 1731 den
1088 1697 1327 1731 offentlichen
1355 1697 1530 1742 Spielen,
1564 1697 1626 1731 die
1652 1708 1695 1732 er

229 1746 286 1779 als
310 1745 424 1780 Aedil
447 1745 531 1780 dem
554 1745 680 1781 Volke
702 1745 821 1789 geben
846 1749 996 1786 musste,
1022 1744 1191 1778 Pantlier
1215 1754 1279 1777 aus
1306 1743 1464 1778 Cilicien
1496 1744 1694 1787 schicken3

229 1792 315 1826 eine
348 1792 519 1826 kleinere
551 1793 623 1827 Art
659 1792 775 1835 (Felis
802 1790 992 1824 Panthera
1015 1790 1140 1833 Linn.)
1174 1790 1228 1824 als
1261 1790 1322 1823 die
1346 1790 1611 1824 Afrikanische
1636 1790 1693 1825 od.

229 1838 332 1873 Felis
372 1839 540 1882 Pardus,
583 1838 652 1872 der
689 1837 846 1872 Parder.
887 1836 983 1880 qaod
1014 1837 1142 1879 panth.
1182 1836 1304 1870 omiss.
1344 1838 1393 1870 ad
1431 1837 1508 1871 Md.
1548 1836 1692 1872 Bened.

229 1890 361 1918 contra
384 1885 505 1920 Caelii
530 1895 635 1918 usum
660 1885 725 1918 cfr.
751 1884 819 1927 Ep.
846 1883 878 1916 4.
908 1884 937 1927 §.
962 1885 995 1918 3.
1024 1883 1167 1925 (CCVI.
1194 1884 1227 1917 h.
1256 1882 1361 1924 edit.)
1398 1883 1595 1917 ORELLI.
1634 1883 1694 1918 Ibi

229 1937 304 1965 est:
331 1932 426 1975 quod
449 1932 497 1965 ad
519 1932 679 1965 Hirrum
711 1931 849 1964 attinet.
875 1947 920 1953 —
953 1929 1203 1974 syngrapham
1234 1929 1314 1971 (die
1340 1928 1695 1964 Schuldverschrei-

227 1978 330 2022 bung
355 1978 421 2012 des
446 1977 610 2021 Sittius),
637 1989 686 2011 ex
711 1988 783 2020 qua
806 1974 1026 2018 exigeretur
1051 1986 1072 2008 a
1098 1975 1210 2009 Sittio
1237 1975 1407 2019 pecunia,
1435 1987 1542 2019 quam
1569 1976 1606 2009 in
1632 1987 1695 2010 ae-

227 2024 387 2058 dilitatis
429 2024 613 2069 impensas
656 2024 806 2058 Caelius
843 2028 1029 2065 erogaret.
1062 2021 1271 2057 MANUT.
1319 2022 1380 2056 De
1405 2021 1517 2056 Sittio
1548 2022 1614 2056 cfr.
1646 2022 1695 2057 ad

227 2071 341 2105 Attic.
367 2071 456 2111 XV,
484 2072 538 2105 17.
563 2070 711 2105 Hirtius
735 2068 833 2103 Bell.
858 2068 976 2102 Afric.
1004 2079 1034 2103 c.
1060 2070 1117 2103 36.
1145 2088 1190 2093 —
1223 2068 1551 2109 Commentarium,
1584 2069 1693 2104 Iour-

226 2117 290 2151 nal
324 2117 393 2151 der
425 2116 790 2159 Stadtneuigkeitem
841 2113 880 2150 S.
906 2126 963 2159 ep.
990 2115 1130 2149 CXCII
1170 2115 1218 2149 im
1249 2114 1335 2150 Anf.
1376 2125 1409 2149 u.
1448 2114 1618 2149 CXCIX.
1646 2133 1692 2140 —-

227 2163 271 2198 L.
305 2164 494 2198 Castrinio
526 2164 660 2206 Paeto,
702 2163 779 2197 wol
817 2160 878 2195 ein
918 2162 1152 2204 negotiator,
1190 2161 1258 2195 der
1294 2160 1388 2194 nach
1422 2161 1582 2195 Cilicien
1615 2161 1693 2195 rei-

225 2215 317 2244 sete.
345 2229 391 2236 —
435 2210 537 2245 dedit
569 2211 657 2247 sehr
694 2207 862 2255 gewahlt
891 2207 941 2244 im
971 2207 1144 2245 Briefstil
1175 2207 1237 2243 fiir
1267 2207 1383 2242 dabit.
1418 2207 1517 2243 Crat.
1559 2208 1688 2244 Lamb.

224 2256 361 2292 reddet.
413 2254 516 2292 Vale.

1791 2214 1795 2235 l
