1795 3043
175 85 276 133 262
435 76 500 125 Μ.
536 77 592 122 Τ.
629 49 972 124 memnonis
1006 73 1379 122 Epls'rOLAE.

331 211 646 261 EPISTOLA
680 213 940 260 CCLXXV.
993 211 1077 273 (ad
1109 212 1217 258 Div.
1252 210 1340 258 III.
1378 211 1486 271 12.)

269 314 352 350 Ser.
379 313 493 349 sidae
516 323 550 349 a.
577 312 614 348 d.
640 312 711 348 111.
735 312 834 348 Non.
861 310 996 347 Sexta.
1022 313 1068 346 A.
1093 312 1139 348 U.
1166 312 1206 347 e.
1231 312 1311 347 704,
1339 312 1389 354 (a.
1415 309 1457 346 C.
1477 310 1552 354 50.)

182 394 403 431 Gratulatur
426 393 554 439 Appio
579 393 627 428 de
651 394 886 428 absolutione
910 392 1089 435 ambitus;
1117 390 1266 437 nuptias
1291 391 1441 425 Tulliae
1466 401 1546 426 cum
1565 390 1648 425 Do-

183 442 322 477 labella
347 446 503 475 excusat
532 452 574 475 se
605 440 786 475 insciente
811 441 1019 483 confectas,
1054 439 1189 483 quibus
1213 439 1295 485 ipse
1318 438 1365 472 ad
1390 436 1648 472 declarandam

185 488 311 533 Appio
335 487 635 521 benevolentiam
665 488 782 521 sactus
816 487 865 522 sit
891 485 1121 530 diligentior.
1170 485 1274 519 Idem
1298 484 1367 528 iis,
1406 495 1501 528 quae
1525 483 1650 518 literis

209 536 256 569 de
281 534 432 570 Tulliae
456 533 693 569 matrimonio
719 533 883 579 acceptis
910 531 1074 569 Servilio
1099 531 1262 575 dixerit,
1289 530 1493 566 confirmat.
1514 530 1626 565 1—4.

560 602 749 637 CICERO
781 602 940 638 APPIO
965 601 1206 637 PULCHRO
1239 600 1280 637 S.

304 673 563 716 Gratulabor
592 672 671 713 tibi
700 672 838 725 prius:
876 672 938 713 ita
977 673 1088 713 enim
1128 685 1271 713 rerum
1307 671 1409 712 ordo
1447 670 1654 723 postulat:

191 731 345 773 deinde
375 732 426 773 ad
456 744 523 771 me
553 732 791 770 convertar.
835 730 926 783 Ego
956 742 1057 771 vero
1085 730 1358 770 vehementer
1387 728 1577 782 gratulor
1604 727 1657 768 de

190 789 351 830 iudicio
381 789 581 830 ambitus:
611 798 749 839 neque
776 785 835 839 id,
865 786 978 839 quod
1005 787 1165 827 nemini
1193 786 1366 827 dubium
1393 786 1498 833 fuit,
1541 784 1660 826 abso·

191 848 329 887 lutum
358 859 448 887 esse
476 847 541 895 te;
583 844 657 885 sed
685 843 813 892 illud,
853 844 989 896 quod,
1030 856 1115 896 quo
1145 845 1294 884 melior
1323 844 1453 895 civis,
1482 855 1566 894 quo
1593 842 1660 883 vir

195 904 378 956 clarior,
420 915 504 956 qno
532 902 685 943 fortior
714 901 873 942 amicus
903 914 969 954 es,
1011 913 1177 953 quoque
1206 902 1332 952 plura
1364 900 1556 948 virtutis,
1598 899 1663 940 in-

195 960 383 1002 dustriae
414 961 660 1001 ornamenta
688 960 733 1000 in
762 961 805 999 te
831 960 949 1006 sunt,
982 971 1031 998 eo
1053 958 1291 999 mirandum
1313 960 1375 999 est
1393 958 1537 1010 magis,
1569 957 1665 997 nul-

196 1019 282 1060 lam
310 1031 364 1058 ne
394 1018 437 1058 in
466 1017 652 1058 tabellae
681 1015 850 1068 quidem
877 1015 1044 1057 latebra
1071 1017 1202 1056 fuisse
1232 1015 1518 1056 absconditam
1538 1014 1666 1054 male·
1738 1059 1740 1062 ¹

196 1076 440 1122 volentiam,
473 1086 582 1126 quae
611 1076 652 1113 te
681 1075 928 1126 impugnare
958 1073 1146 1114 auderet.
1205 1072 1299 1113 Non
1329 1073 1481 1112 horum
1508 1073 1668 1123 tempo-

198 1145 316 1185 rum,
352 1145 436 1173 non
462 1133 627 1197 ‘horum
660 1130 879 1171 hominum
915 1132 1043 1182 atque
1081 1142 1246 1170 morum
1281 1129 1515 1182 negotium!
1558 1127 1669 1168 nihil

147 1194 175 1234 2
198 1190 284 1230 iam
314 1202 404 1230 sum
433 1190 595 1241 pridem
625 1187 854 1228 admiratus
882 1189 1030 1240 magis.
1089 1188 1153 1227 De
1192 1199 1258 1228 me
1296 1189 1458 1234 autem,
1500 1185 1670 1237 suscipe

201 1247 438 1301 paullisper
465 1259 578 1286 meas
607 1246 749 1296 partes
781 1246 822 1284 et
852 1257 949 1285 eum
979 1246 1021 1284 te
1050 1257 1140 1284 esse
1170 1244 1303 1296 finge,
1344 1244 1419 1294 qui
1449 1255 1538 1283 sum
1569 1254 1670 1296 ego:

202 1306 239 1346 si
277 1303 405 1344 facile
442 1303 656 1344 inveneris
696 1301 797 1352 quid
836 1301 976 1348 dicas,
1026 1301 1114 1341 noli
1152 1301 1370 1354 ignoscere
1400 1300 1672 1340 haesitationi

202 1374 336 1402 meae.
387 1361 477 1414 Ego
502 1372 603 1401 vero
632 1359 762 1399 velim
791 1359 898 1399 mihi
912 1357 1164 1409 Tulliaeque
1193 1370 1326 1410 meae,
1356 1358 1467 1398 sicut
1495 1359 1543 1398 tu
1572 1357 1675 1398 ami·

204 1419 373 1460 cissime
404 1422 445 1458 et
475 1416 720 1459 suavissime
750 1419 893 1470 optas,
922 1427 1126 1469 prospere
1155 1415 1327 1456 evenire
1358 1427 1421 1464 ea,
1453 1426 1576 1467 quae,
1607 1425 1674 1455 me

298 1563 453 1598 APPIO
484 1562 525 1597 P.
575 1561 616 1597 S.
642 1570 688 1595 zu
721 1571 783 1605 ep.
809 1559 992 1594 CLXXX
1024 1557 1073 1592 im
1097 1558 1183 1593 Ans.
1234 1558 1547 1604 Gegenwiirtiger
1570 1557 1682 1593 Brief

207 1610 411 1653 beweiset,
443 1609 519 1644 wie
543 1609 633 1642 sehr
657 1607 793 1642 Cicero
829 1606 957 1640 seiner
982 1604 1110 1639 Selbst
1133 1605 1233 1640 Herr
1256 1617 1292 1640 u.
1319 1605 1391 1641 wie
1422 1606 1605 1649 weltklug
1635 1615 1678 1639 er

208 1668 298 1692 war.
347 1656 445 1691 Stant
469 1655 574 1689 seine
606 1652 943 1699 Empfmdlichkeit
983 1651 1077 1685 iiber
1112 1650 1184 1686 den
1216 1658 1475 1697 verspotteten
1502 1663 1536 1686 u.
1562 1651 1680 1686 hami-

209 1704 324 1739 schen
351 1701 631 1737 Gliickwunsch
656 1700 722 1734 des
747 1699 895 1744 Appius
927 1697 1082 1732 merken
1107 1707 1154 1732 zu
1179 1698 1322 1741 lassen,
1361 1698 1614 1742 entschuldigt
1639 1708 1682 1732 er

209 1750 393 1784 vielmehr
418 1748 499 1783 sich
522 1758 657 1792 wegen
681 1746 749 1780 der
764 1745 1022 1788 Vermiihlung
1046 1743 1172 1779 seiner
1187 1745 1355 1779 Tochter
1379 1744 1447 1779 mit
1464 1744 1682 1789 Dolabella,

210 1796 274 1831 die
298 1795 505 1839 allerdings
531 1794 614 1828 dem
638 1792 786 1839 Appius
812 1792 1069 1836 unangenehm
1094 1791 1176 1825 sein
1199 1798 1351 1826 musste.

304 1854 337 1888 1.
375 1853 418 1887 de
448 1851 589 1886 iudicio
619 1851 738 1894 amb.,
775 1860 822 1884 zu
857 1850 940 1884 dem
964 1848 1206 1894 gliicklichen
1232 1850 1434 1893 Ausgange
1459 1848 1526 1883 des
1548 1848 1684 1882 Beste·

213 1899 567 1944 chungsprocesses.
631 1897 838 1931 Dolabella
876 1896 977 1930 hatte
1021 1896 1093 1929 den
1130 1895 1278 1940 Appius
1315 1896 1411 1929 auch
1455 1895 1503 1929 de
1544 1895 1684 1929 ambitu

212 1947 425 1990 angeklagt.
465 1944 503 1980 S.
531 1955 591 1989 ep.
610 1944 798 1980 CCLXV.
814 1962 860 1968 -
902 1953 1013 1987 neque
1037 1943 1078 1976 id
1101 1942 1291 1986 gratulor,
1318 1942 1416 1975 doch
1439 1942 1543 1975 nicht
1567 1941 1686 1985 grade

213 1992 378 2027 dariiber
413 1992 566 2025 {iussere
598 1990 658 2024 ich
691 1989 812 2024 meine
844 1989 1008 2023 Frende.
1053 1989 1095 2023 id
1121 1989 1253 2022 weiset
1285 1988 1350 2021 auf
1380 1988 1585 2021 absolutum
1609 1998 1685 2022 esse

214 2043 268 2082 te,
304 2039 390 2072 dass
424 2038 488 2072 Du
526 2037 587 2071 fiir
626 2036 851 2080 unschuldig
890 2036 1031 2070 erkl’art
1073 2035 1166 2078 bist5
1210 2033 1286 2069 wie
1320 2035 1416 2068 illud
1447 2034 1513 2068 auf
1546 2035 1686 2068 nullam

217 2091 289 2119 cet.
314 2104 357 2110 —-
389 2084 546 2127 fortior,
574 2083 860 2118 standhafterer.
881 2102 923 2107 —-
964 2082 1190 2124 industriae,
1222 2081 1288 2114 des
1312 2081 1571 2116 Verdienstes.
1621 2080 1687 2115 Sic

217 2131 297 2168 Md.
339 2131 440 2166 Crat.
476 2137 546 2164 cet.
599 2130 666 2164 cfr.
700 2129 783 2164 Lib.
806 2129 840 2165 4.
883 2130 951 2174 Ep.
980 2131 1019 2171 7,
1054 2129 1084 2172 ξ).
1111 2130 1143 2163 6.
1183 2127 1361 2168 consilio,
1404 2128 1546 2170 studi0;
1593 2126 1685 2162 ibid.

218 2179 285 2222 Ep.
312 2179 352 2219 8,
391 2179 419 2220 §.
445 2176 480 2211 2.
515 2187 607 2216 esse,
646 2177 739 2219 fore.
788 2176 915 2210 Facile
955 2182 1075 2208 tamen
1113 2173 1256 2208 excidit
1296 2177 1341 2208 et.
1376 2174 1506 2208 Lamb.
1550 2173 1686 2208 Graev.

219 2224 311 2260 Ern.
339 2223 424 2259 Sch.
450 2224 544 2258 Liin.
580 2223 664 2257 virt.
697 2225 731 2256 et
760 2222 838 2256 ind.
876 2221 1132 2256 ORELLI.-
1167 2220 1309 2254 nullam
1333 2245 1341 2254 .
1362 2247 1370 2255 .
1396 2221 1566 2263 auderet,
1602 2219 1689 2255 dass

220 2277 319 2305 trotz
353 2270 420 2303 der
454 2268 781 2313 verborgenheit,
824 2269 861 2302 in
898 2268 1044 2302 welche
1079 2266 1141 2301 die
1172 2266 1375 2301 heimliche
1406 2266 1692 2310 Stimmgebung

222 2318 291 2354 der
321 2316 529 2359 Missgunst
563 2315 644 2349 sich
677 2314 915 2350 einzuhiillen
948 2313 1115 2356 erlaubt‚
1154 2314 1249 2347 auch
1281 2313 1384 2347 nicht
1418 2313 1480 2347 ein
1511 2312 1693 2357 Einziger

226 2370 333 2398 unter
364 2363 514 2397 Deinen
546 2361 730 2396 Richtern
761 2373 862 2403 war,
897 2361 966 2394 der
999 2370 1039 2393 es
1076 2367 1227 2404 gewagt
1259 2361 1379 2403 hatte,
1416 2359 1491 2393 Dir
1521 2359 1693 2394 zuwider
1759 2358 1761 2361 ’

225 2420 270 2445 zu
310 2409 401 2443 sein.
429 2427 472 2434 —-
513 2409 725 2450 negotium!
756 2407 953 2441 VVahrlich
985 2406 1089 2440 nicht
1122 2417 1196 2439 von
1234 2417 1372 2440 unsern
1399 2406 1553 2449 Zeiten,
1589 2405 1693 2439 nicht

226 2467 298 2490 von
326 2466 485 2489 unseren
501 2453 620 2489 Sitten
647 2454 723 2488 und
748 2454 820 2489 den
842 2453 1058 2496 Menschen‚
1081 2452 1144 2487 die
1170 2463 1238 2487 uns
1263 2453 1460 2497 umgeben,
1484 2453 1587 2486 hatte
1609 2462 1691 2486 man

226 2503 306 2538 Das
331 2508 517 2537 erwarten
542 2501 680 2535 sollen!

317 2560 350 2595 2.
379 2561 433 2593 De
456 2570 512 2593 me
535 2562 673 2601 autem,
699 2567 760 2590 um
786 2568 859 2591 nun
886 2557 952 2591 auf
972 2556 1069 2591 mich
1094 2566 1140 2590 zu
1157 2556 1341 2591 kommen.
1367 2556 1508 2601 suscipe
1526 2581 1533 2590 .
1549 2580 1580 2589 ..
1601 2565 1693 2599 par·
1760 2561 1766 2570 ⁴

228 2612 299 2649 tes,
333 2607 415 2640 tritt
445 2606 511 2640 auf
539 2606 647 2640 einen
672 2603 911 2647 Augenblick
943 2614 987 2636 an
1023 2603 1145 2637 meine
1170 2602 1310 2644 Stelle‚
1347 2603 1489 2645 denke,
1522 2607 1694 2636 versetze

228 2653 330 2687 Dich
366 2653 402 2686 in
437 2653 558 2686 meine
590 2652 704 2694 Lage.
729 2670 770 2675 —
813 2650 892 2683 noli
1004 2649 1132 2684 haesit.
1165 2660 1285 2692 meae,
1324 2660 1398 2693 „so
1434 2648 1586 2683 verzeih
1625 2649 1696 2682 mir

231 2699 355 2742 nicht,
382 2699 467 2733 dass
492 2699 552 2732 ich
577 2698 705 2732 darum
730 2696 907 2741 verlegen
926 2697 1025 2730 bin.''
1069 2696 1216 2740 Appius
1234 2696 1387 2738 konnte‚
1416 2694 1531 2729 meint
1547 2695 1696 2736 Cicero,

233 2755 365 2790 wegen
401 2745 469 2780 der
500 2743 809 2788 Vcrheirathung
839 2743 963 2778 seiner
994 2743 1162 2778 Tochter
1192 2741 1255 2778 mit
1287 2741 1491 2777 Dolabella
1523 2741 1698 2786 glauben,
1760 2779 1762 2782 y
