1795 3043
194 44 294 92 136
450 40 516 89 Μ.
551 43 609 91 Τ.
648 43 990 92 CICERONIS
1025 44 1400 93 EPISTOLAE.

199 153 442 195 dationibus
473 156 731 206 confecerst,
773 156 817 199 id
857 171 900 198 se
928 159 973 199 in
1003 159 1186 212 perditis
1215 159 1257 199 et
1287 156 1521 211 desperatis
1549 155 1669 198 habi-

200 213 355 252 turum.
400 211 539 260 Nunc,
570 215 768 265 quoniam
797 216 902 256 mihi
924 216 976 257 ab
1001 217 1137 257 amico
1167 216 1474 257 officiosissimo
1503 217 1667 256 tantum

203 269 345 309 oneris
374 269 622 321 imponitur,
655 285 731 325 ego
761 284 930 325 quoque
960 273 1039 313 tibi
1069 274 1280 326 imponam
1304 286 1381 326 pro
1411 273 1496 313 tuis
1525 273 1571 312 in
1600 284 1669 312 me

201 326 377 366 summis
407 326 584 368 officiis:
612 330 673 370 ita
702 331 858 377 tamen,
890 332 938 371 ut
967 331 1047 370 tibi
1066 332 1198 371 nolim
1220 332 1421 371 molestus
1440 342 1542 370 esse.
1580 329 1667 383 My-

205 384 307 425 lasis
343 385 385 423 et
421 383 653 427 Alabandis
687 388 914 440 pecuniam
951 388 1100 429 Cluvio
1136 388 1302 428 debent..
1360 388 1537 429 Dixerat
1565 384 1669 427 mihi

206 441 517 494 Euthydemus,
548 455 676 494 quum
706 445 867 497 Ephesi
898 458 1052 493 essem,
1083 457 1128 486 sc
1158 447 1425 493 curaturum,
1456 446 1504 485 ut
1532 441 1670 484 ecdici

206 498 377 551 Mylasii
416 499 592 540 Romam
628 503 911 544 mitterentur.
970 502 1019 542 ld
1055 504 1218 543 factum
1244 515 1329 543 non
1361 504 1435 542 est.
1494 501 1671 555 Legatos

208 555 334 596 audio
363 556 511 596 missos
542 570 652 600 esse:
684 559 755 599 sed
784 561 897 599 malo
927 559 1111 608 ecdicos,
1142 562 1191 600 ut
1213 560 1376 612 aliquid
1397 558 1551 600 confici
1579 570 1671 610 pos·

211 613 279 652 sit.
337 614 476 661 Quare
504 617 605 666 peto
636 630 661 656 a
690 619 753 665 te,
792 617 841 656 ut
870 618 912 656 et
941 629 1012 658 eos
1042 619 1085 657 et
1112 616 1346 658 Alabandis
1387 616 1534 657 iubeas
1563 615 1673 656 ecdi-

161 677 191 717 2
215 682 288 710 cos
315 669 489 713 Romam
517 672 699 712 mittere.
756 674 986 714 Praeterea
1007 675 1225 715 Philocles
1243 674 1551 716 Alabandensis
1576 670 1676 712 ὐπο-

213 725 349 776 θήκας
380 728 528 768 Cluvio
559 729 686 770 dedit.
746 730 835 771 Eae
866 732 1112 772 commissae
1144 734 1255 773 sunt.
1300 733 1437 772 Velim
1464 744 1600 783 cures,
1628 731 1676 771 ut

215 787 288 825 aut
318 785 369 824 de
398 785 649 837 hypothecis
679 786 855 828 decedat
884 800 1038 840 easque
1067 789 1416 841 procuratoribus
1434 790 1573 830 Cluvii
1592 790 1677 828 tra-

214 841 287 881 dat
316 844 389 882 aut
417 844 641 894 pecuniam
670 846 818 886 solvat.
891 846 1120 887 Praeterea
1140 848 1423 887 Heracleotae
1452 848 1494 887 et
1522 847 1679 898 Bargy-

213 899 340 947 letae,
374 900 447 950 qui
477 900 580 941 item
610 901 785 952 debent,
817 904 890 943 aut
917 905 1143 956 pecuniam
1172 905 1337 944 solvant
1367 905 1441 945 aut
1467 903 1679 944 fructibus

168 957 195 997 3
219 956 304 996 suis
335 958 612 1000 satisfaciant.
672 959 823 1001 Caunii
852 963 1075 1013 praeterea
1103 961 1276 1002 debent:
1308 962 1380 1001 sed
1403 962 1524 1002 aiunt
1543 973 1589 1009 se
1610 959 1681 1000 de-

212 1014 393 1066 positam
421 1017 648 1067 pecuniam
677 1017 888 1058 habuisse.
946 1018 995 1059 Id
1024 1019 1150 1060 velim
1180 1031 1426 1072 cognoscas:
1459 1020 1523 1069 et,
1552 1019 1589 1058 si
1615 1017 1679 1057 in-

212 1071 431 1112 tellexeris
459 1085 531 1113 eos
560 1086 699 1125 neque
729 1087 781 1116 ex
811 1076 951 1116 edicto
978 1088 1119 1128 neque
1149 1089 1201 1118 ex
1240 1077 1410 1116 decreto
1447 1075 1681 1128 depositam

214 1188 306 1226 tung
330 1182 398 1216 der
423 1183 598 1228 dortigen
622 1186 800 1220 Provinz.
818 1205 863 1210 —
898 1187 938 1220 z'n
958 1187 1063 1230 perd.
1090 1191 1123 1220 et
1148 1186 1244 1231 desp.
1271 1185 1375 1229 hab„
1413 1186 1472 1219 fiir
1504 1185 1681 1219 verloren

215 1229 289 1262 und
324 1229 421 1262 ohne
446 1231 638 1275 Hoffnung
667 1233 842 1266 verloren
875 1232 941 1267 od.
967 1233 1198 1276 aufgegeben
1225 1233 1400 1266 ansehen.
1421 1251 1464 1256 —
1496 1232 1679 1275 quoniam.

215 1275 255 1310 S.
283 1285 329 1309 zu
355 1286 414 1320 ep.
436 1277 657 1319 CCXXIX‚
678 1280 700 1313 3
727 1290 760 1312 n.
777 1290 806 1314 s.
822 1278 846 1312 f.
872 1298 916 1304 —
952 1279 1021 1313 t‘e‘bz·
1043 1280 1246 1322 imponam,
1282 1290 1323 1312 so
1357 1279 1456 1312 kann
1487 1278 1547 1311 ich
1580 1278 1682 1312 nicht

213 1322 316 1355 wohl
343 1322 498 1365 andei-s,
531 1324 586 1357 als
618 1324 702 1358 dass
732 1325 792 1358 ich
826 1324 882 1359 sie
916 1325 963 1359 im
989 1326 1202 1361 Vertrauen
1235 1325 1300 1359 auf
1321 1325 1446 1359 Deine
1478 1335 1519 1358 so
1546 1325 1600 1358 ost
1623 1336 1685 1358 er·-

213 1369 350 1413 probte
377 1369 624 1413 Geffilligkeit
648 1371 714 1405 auf
734 1371 859 1405 Deine
884 1371 1083 1407 Schultern
1109 1373 1208 1416 lege.
1227 1390 1271 1396 —
1309 1373 1422 1405 nolim
1457 1382 1489 1405 c.
1517 1371 1619 1405 infin.
1646 1376 1684 1405 et

213 1414 392 1450 nominat.
425 1415 464 1450 S.
487 1416 637 1453 Ramsh.
663 1419 693 1461 §.
713 1419 794 1461 163,
819 1418 864 1461 B,
882 1419 916 1461 2,
942 1419 989 1453 N.
1007 1421 1041 1454 3.
1057 1420 1090 1453 4.
1120 1419 1263 1453 Grotef.
1290 1420 1319 1463 §.
1337 1419 1414 1454 205.
1433 1419 1569 1453 312.-
1593 1418 1684 1463 My-

213 1461 307 1495 lasis
331 1465 364 1494 et
388 1463 608 1497 Alabandis,
658 1464 723 1499 Sic
748 1465 824 1500 Md.
848 1466 949 1501 vict.
964 1466 998 1501 2.
1013 1478 1061 1498 Ξ
1084 1466 1267 1511 Mylasez‘s
1290 1469 1321 1499 et
1337 1465 1564 1500 Alabandeis
1589 1465 1683 1508 (No-

213 1508 356 1549 minat.)
383 1509 487 1544 vict.
504 1511 536 1543 1.
566 1510 701 1545 Graev.
727 1512 818 1545 Ern.
845 1512 1097 1547 BenedLiin.
1124 1513 1148 1547 i.
1171 1524 1204 1548 e.
1236 1515 1430 1553 Μυλασεῖς
1459 1512 1684 1557 εἰἈλαβαυ-

212 1556 300 1595 δεῖς.
352 1555 467 1590 Quam
492 1555 586 1590 mire
611 1558 998 1593 erraveritHeindorf
1012 1559 1058 1593 ad
1082 1559 1171 1593 Nat.
1197 1559 1309 1593 Deor.
1336 1570 1373 1603 p.
1390 1560 1468 1594 316.
1496 1558 1588 1592 haec
1612 1569 1682 1602 pro

215 1611 301 1634 casu
335 1608 444 1635 sexto
478 1603 640 1647 habens,
678 1611 781 1649 patet
812 1617 832 1640 e
858 1617 983 1649 seqq.:
1017 1606 1258 1639 Heracleotae
1284 1632 1292 1639 .
1311 1632 1318 1639 .
1338 1632 1345 1639 .
1377 1605 1513 1639 Caunii
1546 1605 1682 1639 debent.

216 1647 415 1681 ORELLI.
458 1649 615 1694 Mylasa
640 1661 674 1684 u,
700 1651 917 1695 Alabanda,
959 1651 1070 1686 beide
1095 1652 1224 1687 Stadte
1258 1651 1294 1685 in
1328 1652 1396 1685 der
1427 1662 1493 1684 zur
1517 1651 1686 1685 Provinz

216 1693 332 1728 Asien
358 1695 566 1739 gehdrigen
582 1696 810 1732 Landschat‘t
829 1699 1029 1734 Carien.—
1065 1698 1323 1744 Euthydemus,
1349 1698 1596 1731 vermuthlich
1621 1698 1684 1731 ein

215 1740 329 1775 Mann
354 1752 427 1774 von
451 1742 676 1787 Bedeutung
701 1755 747 1779 zu
772 1746 965 1790 Ephesus,
998 1746 1165 1779 welcher
1190 1746 1272 1778 dem
1294 1746 1503 1789 Proprator
1528 1747 1686 1788 person-

216 1786 294 1820 lich
326 1787 491 1821 bekannt
522 1800 616 1826 war.
665 1790 704 1825 S.
739 1803 797 1837 ep.
819 1793 910 1826 CCI.
937 1811 982 1817 —-
1027 1793 1159 1835 ecdici,
1194 1793 1349 1831 ἔκδικοι,
1385 1798 1467 1825 sunt
1494 1791 1684 1826 civitatum

215 1833 363 1879 syndici
381 1845 446 1868 seu
462 1835 677 1880 cognitores
689 1838 930 1878 (Handhaber
944 1839 1009 1872 des
1019 1839 1172 1881 Rechts,
1189 1838 1516 1881 bevollmiichtigte
1528 1838 1688 1872 Rechts-

216 1880 484 1925 verst'andige).
533 1883 612 1916 Hos
637 1885 775 1918 mavult
801 1885 935 1919 Cicero
962 1896 1069 1928 quam
1096 1886 1255 1929 legatos,
1283 1884 1369 1927 quia
1393 1885 1431 1918 hi
1458 1891 1595 1917 tantum
1619 1895 1688 1928 pe-

218 1930 300 1959 tere
326 1926 468 1970 aliquid
502 1936 674 1974 possent,
706 1942 779 1964 non
817 1932 864 1965 de
896 1932 978 1966 iure
1013 1932 1230 1966 decernere.
1280 1932 1410 1973 Itaque
1440 1942 1527 1964 mox
1560 1931 1687 1966 subdit

218 1971 353 2007 Cicero
379 1978 418 2007 ut
442 1975 586 2019 aliquid
610 1979 738 2020 confici
758 1979 886 2022 possit.
921 1979 1030 2013 SCH.
1056 1979 1226 2023 Mylasii.
1244 1977 1576 2022 Scli.]!1ylasei.—
1599 1978 1686 2011 mit-

219 2022 286 2053 ter.
319 2018 386 2053 scil
417 2028 576 2066 propter
606 2023 701 2057 hanc
733 2036 889 2059 causam.
913 2044 957 2049 —
998 2026 1216 2060 Alabandis
1252 2024 1316 2058 Sic
1350 2025 1429 2059 Md.
1462 2024 1565 2059 Vict.
1581 2024 1614 2058 2.
1638 2036 1685 2059 =

218 2065 446 2100 Alabandeis
472 2069 637 2113 (Aecus.)
665 2070 764 2106 vict.
783 2074 815 2106 1.
843 2072 979 2106 GraeV.
1005 2073 1096 2106 Ern.
1122 2071 1263 2105 Bened.
1290 2071 1384 2104 Liin.
1412 2070 1485 2103 ΟΒ.

309 2112 343 2146 2.
377 2113 625 2158 ὑποθήκας
649 2118 749 2151 dedit
773 2118 798 2153 i.
814 2129 845 2152 e.
867 2129 926 2152 res
944 2118 1151 2152 immobiles
1168 2117 1349 2151 creditori
1368 2115 1562 2160 obligavit.
1588 2115 1684 2153 Vid.

220 2157 374 2192 Salmas.
401 2159 448 2193 de
474 2162 584 2195 modo
619 2174 813 2198 usurarum
840 2176 869 2199 c.
892 2166 946 2199 12.
967 2184 1008 2189 -—
1048 2166 1138 2199 Eae.
1171 2164 1235 2199 Sic
1260 2164 1336 2197 Md.
1370 2163 1468 2199 Vict.
1486 2165 1518 2196 l.
1537 2163 1571 2197 2.
1603 2163 1685 2196 Hae

220 2204 320 2239 Cett.
349 2205 482 2239 OR.—
506 2210 719 2244 commissae
742 2215 842 2254 sunt,
869 2212 951 2245 sind
978 2212 1172 2245 versallen.
1204 2210 1229 2243 i.
1247 2221 1277 2244 e.
1294 2209 1565 2255 possessiones,
1591 2220 1686 2252 quo-

219 2250 316 2284 niam
344 2251 390 2285 ad
415 2251 512 2286 diem
537 2255 700 2290 solutum
726 2257 891 2298 debiturn
918 2269 990 2291 non
1017 2264 1086 2300 est,
1112 2263 1294 2290 venerunt
1312 2256 1348 2290 in
1366 2262 1587 2301 potestatem
1603 2266 1686 2289 cre-

218 2296 367 2341 ditoris,
393 2303 432 2331 ut
457 2298 542 2334 illas
567 2303 686 2345 possit
711 2304 886 2338 vendere.
923 2303 1153 2349 Hypothecae
1176 2302 1273 2336 enim
1295 2303 1473 2336 committi
1497 2302 1685 2345 dicuntur,

219 2354 330 2387 quae,
355 2352 523 2378 cessante
549 2348 737 2383 solutione
762 2350 898 2394 debiti,
924 2350 1123 2384 creditoris
1148 2349 1253 2383 fiunt.
1291 2349 1383 2385 Vid.
1416 2349 1570 2384 Salmas.
1600 2349 1627 2382 l.
1653 2359 1684 2383 c.

219 2402 252 2423 c.
275 2391 332 2424 14.
367 2391 553 2425 GRAEV.
581 2413 625 2418 -—
646 2402 835 2439 procurat.
852 2422 861 2437 ,
889 2397 958 2430 den
988 2396 1348 2438 Geschiiststriigern.
1366 2414 1410 2420 —
1439 2395 1622 2429 Heraclea
1646 2405 1682 2429 u.

219 2438 428 2482 Bargylia,
455 2438 637 2475 ebenfalls
662 2443 760 2476 zwei
785 2443 914 2477 Stiidte
940 2442 975 2476 in
1002 2443 1208 2477 Carien.——
1241 2443 1365 2476 debent
1391 2442 1598 2476 Cluvio.-
1623 2445 1686 2474 aut

218 2485 364 2527 fruct.s.
377 2485 495 2527 sati-ss.
513 2486 604 2520 oder
619 2487 673 2521 sie
689 2490 808 2522 sollen
828 2490 891 2523 ihn
908 2490 973 2523 mit
986 2490 1091 2523 ihren
1103 2489 1423 2523 Landesfriichten
1438 2487 1684 2531 besriedigen.

309 2532 344 2565 3.
382 2532 536 2576 Caunii,
575 2533 636 2568 die
661 2535 894 2569 Einwohner
925 2547 997 2569 von
1034 2536 1183 2570 Caunus
1216 2535 1253 2568 in
1279 2536 1463 2570 caria.—
1493 2545 1531 2568 se
1564 2535 1684 2578 depos.

213 2587 293 2620 pec.
320 2577 420 2618 hab„
455 2578 511 2613 sie
543 2580 666 2614 hatten
700 2581 764 2615 das
791 2583 888 2616 Geld
913 2582 1118 2626 hinterlegt
1142 2581 1215 2616 und
1240 2582 1444 2616 brauchten
1468 2582 1548 2615 also
1573 2580 1686 2615 keine

220 2622 358 2657 Zinsen
383 2634 429 2657 zu
455 2625 648 2661 bezahlen.
690 2628 783 2662 Ueb.
802 2629 887 2664 hab.
902 2629 967 2663 mit
993 2628 1226 2673 d.Particip.
1254 2629 1349 2672 perf.
1368 2638 1464 2673 pass.
1488 2639 1517 2662 S.
1533 2628 1683 2662 Ramsh.

217 2668 248 2710 ᾗ.
267 2671 353 2712 171,
379 2671 437 2714 ΙΙ,
463 2672 517 2716 Α,
538 2674 571 2708 2.
608 2675 753 2709 Grotef.
788 2676 816 2718 ἕ.
835 2676 915 2710 324.
941 2678 1065 2710 Anm.
1093 2695 1135 2700 —
1176 2685 1394 2717 cognoscere
1419 2675 1685 2713 untersuchen;

217 2726 289 2749 von
316 2716 511 2756 Richtern.
530 2740 573 2747 —
607 2732 715 2766 neque
740 2732 782 2756 ex
809 2723 925 2756 edicto
951 2733 1061 2767 neque
1085 2733 1128 2755 ex
1153 2722 1310 2765 decreto,
1336 2721 1464 2755 weder
1483 2720 1600 2754 durch
1625 2720 1685 2754 ein
