<?xml version="1.0" encoding="UTF-8"?>
<!DOCTYPE html PUBLIC "-//W3C//DTD XHTML 1.0 Transitional//EN"
    "http://www.w3.org/TR/xhtml1/DTD/xhtml1-transitional.dtd">
<html xmlns="http://www.w3.org/1999/xhtml" xml:lang="en" lang="en">
 <head>
  <title>
</title>
<meta http-equiv="Content-Type" content="text/html;charset=utf-8" />
  <meta name='ocr-system' content='tesseract 3.04.00' />
  <meta name='ocr-capabilities' content='ocr_page ocr_carea ocr_par ocr_line ocrx_word'/>
</head>
<body>
  <div class='ocr_page' id='page_1' title='image "./epistolaeadattic02ciceuoft_0061.png"; bbox 0 0 1795 3043; ppageno 0'>
   <div class='ocr_carea' id='block_1_1' title="bbox 527 55 1519 104">
    <p class='ocr_par' dir='ltr' id='par_1_1' title="bbox 527 55 1519 104">
     <span class='ocr_line' id='line_1_1' title="bbox 527 55 1519 104; baseline 0.001 -1"><span class='ocrx_word' id='word_1_1' title='bbox 527 56 843 104; x_wconf 86' lang='lat' dir='ltr'>EPISTOLA</span> <span class='ocrx_word' id='word_1_2' title='bbox 879 55 1013 104; x_wconf 85' lang='lat' dir='ltr'>CCV.</span> <span class='ocrx_word' id='word_1_3' title='bbox 1454 59 1519 104; x_wconf 84' lang='lat'>53</span> 
     </span>
    </p>
   </div>
   <div class='ocr_carea' id='block_1_2' title="bbox 48 166 1517 850">
    <p class='ocr_par' dir='ltr' id='par_1_2' title="bbox 48 166 1517 850">
     <span class='ocr_line' id='line_1_2' title="bbox 60 166 1517 222; baseline -0.003 -12"><span class='ocrx_word' id='word_1_4' title='bbox 60 172 164 211; x_wconf 68' lang='lat' dir='ltr'>tamt</span> <span class='ocrx_word' id='word_1_5' title='bbox 195 170 275 212; x_wconf 81' lang='lat' dir='ltr'>tibi</span> <span class='ocrx_word' id='word_1_6' title='bbox 304 172 444 211; x_wconf 85' lang='lat' dir='ltr'>tamen</span> <span class='ocrx_word' id='word_1_7' title='bbox 474 182 606 222; x_wconf 81' lang='lat' dir='ltr'>agam,</span> <span class='ocrx_word' id='word_1_8' title='bbox 635 171 681 210; x_wconf 91' lang='lat' dir='ltr'>ut</span> <span class='ocrx_word' id='word_1_9' title='bbox 711 169 857 220; x_wconf 86' lang='lat' dir='ltr'>debe0,</span> <span class='ocrx_word' id='word_1_10' title='bbox 887 170 1054 222; x_wconf 83' lang='lat' dir='ltr'>gratias.</span> <span class='ocrx_word' id='word_1_11' title='bbox 1093 166 1383 209; x_wconf 81' lang='lat' dir='ltr'><strong>Animadverti</strong></span> <span class='ocrx_word' id='word_1_12' title='bbox 1404 166 1517 206; x_wconf 85' lang='lat' dir='ltr'>enim</span> 
     </span>
     <span class='ocr_line' id='line_1_3' title="bbox 60 223 1517 268; baseline -0.003 -1"><span class='ocrx_word' id='word_1_13' title='bbox 60 230 102 267; x_wconf 87' lang='lat' dir='ltr'>et</span> <span class='ocrx_word' id='word_1_14' title='bbox 131 227 261 268; x_wconf 90' lang='lat' dir='ltr'>didici</span> <span class='ocrx_word' id='word_1_15' title='bbox 299 241 351 268; x_wconf 83' lang='lat' dir='ltr'>ex</span> <span class='ocrx_word' id='word_1_16' title='bbox 380 228 462 268; x_wconf 86' lang='lat' dir='ltr'>tuis</span> <span class='ocrx_word' id='word_1_17' title='bbox 489 228 626 267; x_wconf 89' lang='lat' dir='ltr'>literis</span> <span class='ocrx_word' id='word_1_18' title='bbox 655 230 698 267; x_wconf 85' lang='lat' dir='ltr'>te</span> <span class='ocrx_word' id='word_1_19' title='bbox 727 226 918 266; x_wconf 89' lang='lat' dir='ltr'>omnibus</span> <span class='ocrx_word' id='word_1_20' title='bbox 947 226 992 265; x_wconf 86' lang='lat' dir='ltr'>in</span> <span class='ocrx_word' id='word_1_21' title='bbox 1021 224 1149 265; x_wconf 88' lang='lat' dir='ltr'>rebus</span> <span class='ocrx_word' id='word_1_22' title='bbox 1170 224 1366 266; x_wconf 83' lang='lat' dir='ltr'>habuisse</span> <span class='ocrx_word' id='word_1_23' title='bbox 1391 223 1517 264; x_wconf 83' lang='lat' dir='ltr'>ratio-</span> 
     </span>
     <span class='ocr_line' id='line_1_4' title="bbox 57 284 1514 336; baseline -0.003 -12"><span class='ocrx_word' id='word_1_24' title='bbox 57 296 175 336; x_wconf 89' lang='lat' dir='ltr'>nem,</span> <span class='ocrx_word' id='word_1_25' title='bbox 205 287 252 325; x_wconf 92' lang='lat' dir='ltr'>ut</span> <span class='ocrx_word' id='word_1_26' title='bbox 279 285 383 325; x_wconf 92' lang='lat' dir='ltr'>mihi</span> <span class='ocrx_word' id='word_1_27' title='bbox 412 286 654 326; x_wconf 85' lang='lat' dir='ltr'>consuleres</span> <span class='ocrx_word' id='word_1_28' title='bbox 681 284 1009 334; x_wconf 81' lang='lat' dir='ltr'><strong>restitueresque</strong></span> <span class='ocrx_word' id='word_1_29' title='bbox 1039 284 1079 322; x_wconf 88' lang='lat' dir='ltr'>et</span> <span class='ocrx_word' id='word_1_30' title='bbox 1108 294 1383 334; x_wconf 82' lang='lat' dir='ltr'>praeparares</span> <span class='ocrx_word' id='word_1_31' title='bbox 1413 292 1514 332; x_wconf 91' lang='lat' dir='ltr'>quo·</span> 
     </span>
     <span class='ocr_line' id='line_1_5' title="bbox 56 340 1511 394; baseline -0.003 -13"><span class='ocrx_word' id='word_1_32' title='bbox 56 341 274 382; x_wconf 83' lang='lat' dir='ltr'>dammodo</span> <span class='ocrx_word' id='word_1_33' title='bbox 313 342 470 394; x_wconf 87' lang='lat' dir='ltr'>omnia,</span> <span class='ocrx_word' id='word_1_34' title='bbox 509 354 590 393; x_wconf 91' lang='lat' dir='ltr'>quo</span> <span class='ocrx_word' id='word_1_35' title='bbox 628 354 719 381; x_wconf 82' lang='lat' dir='ltr'>mea</span> <span class='ocrx_word' id='word_1_36' title='bbox 759 342 870 381; x_wconf 87' lang='lat' dir='ltr'>ratio</span> <span class='ocrx_word' id='word_1_37' title='bbox 910 340 1081 380; x_wconf 81' lang='lat' dir='ltr'>facilior</span> <span class='ocrx_word' id='word_1_38' title='bbox 1123 341 1166 378; x_wconf 89' lang='lat' dir='ltr'>et</span> <span class='ocrx_word' id='word_1_39' title='bbox 1204 340 1383 379; x_wconf 85' lang='lat' dir='ltr'>solutior</span> <span class='ocrx_word' id='word_1_40' title='bbox 1421 348 1511 377; x_wconf 86' lang='lat' dir='ltr'>esse</span> 
     </span>
     <span class='ocr_line' id='line_1_6' title="bbox 52 395 1511 450; baseline -0.003 -11"><span class='ocrx_word' id='word_1_41' title='bbox 52 402 203 450; x_wconf 84' lang='lat' dir='ltr'>posset.</span> <span class='ocrx_word' id='word_1_42' title='bbox 246 400 340 439; x_wconf 91' lang='lat' dir='ltr'>Hoc</span> <span class='ocrx_word' id='word_1_43' title='bbox 368 402 484 439; x_wconf 90' lang='lat' dir='ltr'>tuum</span> <span class='ocrx_word' id='word_1_44' title='bbox 508 398 695 439; x_wconf 88' lang='lat' dir='ltr'>officium</span> <span class='ocrx_word' id='word_1_45' title='bbox 723 410 849 449; x_wconf 91' lang='lat' dir='ltr'>quum</span> <span class='ocrx_word' id='word_1_46' title='bbox 879 397 982 437; x_wconf 88' lang='lat' dir='ltr'>mihi</span> <span class='ocrx_word' id='word_1_47' title='bbox 1009 397 1289 449; x_wconf 81' lang='lat' dir='ltr'>gratissimum</span> <span class='ocrx_word' id='word_1_48' title='bbox 1318 407 1407 435; x_wconf 88' lang='lat' dir='ltr'>esse</span> <span class='ocrx_word' id='word_1_49' title='bbox 1438 395 1511 434; x_wconf 89' lang='lat' dir='ltr'>du-</span> 
     </span>
     <span class='ocr_line' id='line_1_7' title="bbox 53 453 1514 508; baseline -0.003 -12"><span class='ocrx_word' id='word_1_50' title='bbox 53 467 167 508; x_wconf 86' lang='lat' dir='ltr'>cam,</span> <span class='ocrx_word' id='word_1_51' title='bbox 215 457 406 507; x_wconf 89' lang='lat' dir='ltr'>sequitur</span> <span class='ocrx_word' id='word_1_52' title='bbox 434 455 565 507; x_wconf 90' lang='lat' dir='ltr'>illud,</span> <span class='ocrx_word' id='word_1_53' title='bbox 606 457 652 494; x_wconf 85' lang='lat' dir='ltr'>ut</span> <span class='ocrx_word' id='word_1_54' title='bbox 683 457 725 494; x_wconf 91' lang='lat' dir='ltr'>te</span> <span class='ocrx_word' id='word_1_55' title='bbox 755 454 996 495; x_wconf 77' lang='lat' dir='ltr'>existimare</span> <span class='ocrx_word' id='word_1_56' title='bbox 1026 453 1153 493; x_wconf 79' lang='lat' dir='ltr'>velim</span> <span class='ocrx_word' id='word_1_57' title='bbox 1191 453 1297 493; x_wconf 92' lang='lat' dir='ltr'>mihi</span> <span class='ocrx_word' id='word_1_58' title='bbox 1336 464 1514 505; x_wconf 83' lang='lat' dir='ltr'>magnae</span> 
     </span>
     <span class='ocr_line' id='line_1_8' title="bbox 53 510 1514 565; baseline -0.002 -13"><span class='ocrx_word' id='word_1_59' title='bbox 53 525 182 553; x_wconf 84' lang='lat' dir='ltr'>curae</span> <span class='ocrx_word' id='word_1_60' title='bbox 218 515 309 554; x_wconf 85' lang='lat' dir='ltr'>fore</span> <span class='ocrx_word' id='word_1_61' title='bbox 339 514 464 565; x_wconf 86' lang='lat' dir='ltr'>atque</span> <span class='ocrx_word' id='word_1_62' title='bbox 495 524 585 552; x_wconf 84' lang='lat' dir='ltr'>esse</span> <span class='ocrx_word' id='word_1_63' title='bbox 613 513 720 562; x_wconf 85' lang='lat' dir='ltr'>iam,</span> <span class='ocrx_word' id='word_1_64' title='bbox 750 512 932 563; x_wconf 91' lang='lat' dir='ltr'>primum</span> <span class='ocrx_word' id='word_1_65' title='bbox 963 512 1010 550; x_wconf 90' lang='lat' dir='ltr'>ut</span> <span class='ocrx_word' id='word_1_66' title='bbox 1040 511 1131 562; x_wconf 91' lang='lat' dir='ltr'>ipse</span> <span class='ocrx_word' id='word_1_67' title='bbox 1171 511 1217 551; x_wconf 85' lang='lat' dir='ltr'>tu</span> <span class='ocrx_word' id='word_1_68' title='bbox 1246 510 1395 561; x_wconf 86' lang='lat' dir='ltr'>tuique</span> <span class='ocrx_word' id='word_1_69' title='bbox 1427 521 1514 550; x_wconf 92' lang='lat' dir='ltr'>om-</span> 
     </span>
     <span class='ocr_line' id='line_1_9' title="bbox 51 567 1513 621; baseline -0.002 -12"><span class='ocrx_word' id='word_1_70' title='bbox 51 581 146 621; x_wconf 90' lang='lat' dir='ltr'>nes,</span> <span class='ocrx_word' id='word_1_71' title='bbox 187 569 339 610; x_wconf 90' lang='lat' dir='ltr'>deinde</span> <span class='ocrx_word' id='word_1_72' title='bbox 386 571 431 610; x_wconf 90' lang='lat' dir='ltr'>ut</span> <span class='ocrx_word' id='word_1_73' title='bbox 482 570 608 610; x_wconf 86' lang='lat' dir='ltr'>etiam</span> <span class='ocrx_word' id='word_1_74' title='bbox 646 569 802 620; x_wconf 84' lang='lat' dir='ltr'>reliqui</span> <span class='ocrx_word' id='word_1_75' title='bbox 842 568 950 608; x_wconf 88' lang='lat' dir='ltr'>scire</span> <span class='ocrx_word' id='word_1_76' title='bbox 994 567 1155 620; x_wconf 83' lang='lat' dir='ltr'>possint</span> <span class='ocrx_word' id='word_1_77' title='bbox 1192 580 1258 608; x_wconf 90' lang='grc'><strong>1116</strong></span> <span class='ocrx_word' id='word_1_78' title='bbox 1302 567 1383 606; x_wconf 88' lang='lat' dir='ltr'>tibi</span> <span class='ocrx_word' id='word_1_79' title='bbox 1422 578 1513 607; x_wconf 88' lang='lat' dir='ltr'>esse</span> 
     </span>
     <span class='ocr_line' id='line_1_10' title="bbox 51 624 1511 678; baseline -0.003 -11"><span class='ocrx_word' id='word_1_80' title='bbox 51 627 356 667; x_wconf 86' lang='lat' dir='ltr'>amicissimum.</span> <span class='ocrx_word' id='word_1_81' title='bbox 406 627 524 675; x_wconf 82' lang='lat' dir='ltr'>Quod</span> <span class='ocrx_word' id='word_1_82' title='bbox 545 626 697 678; x_wconf 90' lang='lat' dir='ltr'>quibus</span> <span class='ocrx_word' id='word_1_83' title='bbox 726 625 864 666; x_wconf 81' lang='lat' dir='ltr'>adhuc</span> <span class='ocrx_word' id='word_1_84' title='bbox 892 637 976 665; x_wconf 88' lang='lat' dir='ltr'>non</span> <span class='ocrx_word' id='word_1_85' title='bbox 1007 624 1108 665; x_wconf 86' lang='lat' dir='ltr'>satis</span> <span class='ocrx_word' id='word_1_86' title='bbox 1137 625 1200 664; x_wconf 90' lang='lat' dir='ltr'>est</span> <span class='ocrx_word' id='word_1_87' title='bbox 1227 625 1511 677; x_wconf 87' lang='lat' dir='ltr'>perspectum,</span> 
     </span>
     <span class='ocr_line' id='line_1_11' title="bbox 48 681 1510 736; baseline -0.002 -14"><span class='ocrx_word' id='word_1_88' title='bbox 48 683 82 723; x_wconf 84' lang='lat' dir='ltr'>ii</span> <span class='ocrx_word' id='word_1_89' title='bbox 111 684 216 724; x_wconf 90' lang='lat' dir='ltr'>mihi</span> <span class='ocrx_word' id='word_1_90' title='bbox 244 685 359 723; x_wconf 90' lang='lat' dir='ltr'>nolle</span> <span class='ocrx_word' id='word_1_91' title='bbox 386 684 518 736; x_wconf 79' lang='lat' dir='ltr'>magis</span> <span class='ocrx_word' id='word_1_92' title='bbox 547 696 624 723; x_wconf 88' lang='lat' dir='ltr'>nos</span> <span class='ocrx_word' id='word_1_93' title='bbox 653 684 733 722; x_wconf 88' lang='lat' dir='ltr'>hoc</span> <span class='ocrx_word' id='word_1_94' title='bbox 765 683 903 724; x_wconf 87' lang='lat' dir='ltr'>animo</span> <span class='ocrx_word' id='word_1_95' title='bbox 933 694 1042 734; x_wconf 82' lang='lat' dir='ltr'>esse,</span> <span class='ocrx_word' id='word_1_96' title='bbox 1081 694 1208 733; x_wconf 86' lang='lat' dir='ltr'>quam</span> <span class='ocrx_word' id='word_1_97' title='bbox 1236 693 1321 720; x_wconf 93' lang='lat' dir='ltr'>non</span> <span class='ocrx_word' id='word_1_98' title='bbox 1352 681 1510 720; x_wconf 89' lang='lat' dir='ltr'>intelli-</span> 
     </span>
     <span class='ocr_line' id='line_1_12' title="bbox 49 737 1510 792; baseline -0.002 -13"><span class='ocrx_word' id='word_1_99' title='bbox 49 753 148 792; x_wconf 78' lang='lat' dir='ltr'>gere</span> <span class='ocrx_word' id='word_1_100' title='bbox 187 740 395 782; x_wconf 87' lang='lat' dir='ltr'>videntur.</span> <span class='ocrx_word' id='word_1_101' title='bbox 457 740 540 780; x_wconf 88' lang='lat' dir='ltr'>Sed</span> <span class='ocrx_word' id='word_1_102' title='bbox 583 741 774 792; x_wconf 80' lang='lat' dir='ltr'>profecto</span> <span class='ocrx_word' id='word_1_103' title='bbox 814 738 1079 792; x_wconf 79' lang='lat' dir='ltr'>intelligent3</span> <span class='ocrx_word' id='word_1_104' title='bbox 1119 750 1255 790; x_wconf 89' lang='lat' dir='ltr'>neque</span> <span class='ocrx_word' id='word_1_105' title='bbox 1294 738 1408 777; x_wconf 90' lang='lat' dir='ltr'>enim</span> <span class='ocrx_word' id='word_1_106' title='bbox 1438 737 1510 776; x_wconf 88' lang='lat' dir='ltr'>ob-</span> 
     </span>
     <span class='ocr_line' id='line_1_13' title="bbox 48 794 1509 850; baseline -0.003 -13"><span class='ocrx_word' id='word_1_107' title='bbox 48 798 184 837; x_wconf 81' lang='lat' dir='ltr'>scuris</span> <span class='ocrx_word' id='word_1_108' title='bbox 225 798 416 850; x_wconf 89' lang='lat' dir='ltr'>personis</span> <span class='ocrx_word' id='word_1_109' title='bbox 451 810 531 837; x_wconf 89' lang='lat' dir='ltr'>nec</span> <span class='ocrx_word' id='word_1_110' title='bbox 560 798 703 849; x_wconf 81' lang='lat' dir='ltr'>parvis</span> <span class='ocrx_word' id='word_1_111' title='bbox 732 798 777 837; x_wconf 90' lang='lat' dir='ltr'>in</span> <span class='ocrx_word' id='word_1_112' title='bbox 807 796 945 837; x_wconf 87' lang='lat' dir='ltr'>causis</span> <span class='ocrx_word' id='word_1_113' title='bbox 974 809 1042 836; x_wconf 88' lang='lat' dir='ltr'>res</span> <span class='ocrx_word' id='word_1_114' title='bbox 1070 797 1228 849; x_wconf 81' lang='lat' dir='ltr'>agetur.</span> <span class='ocrx_word' id='word_1_115' title='bbox 1288 794 1371 835; x_wconf 87' lang='lat' dir='ltr'>Sed</span> <span class='ocrx_word' id='word_1_116' title='bbox 1400 795 1509 834; x_wconf 88' lang='lat' dir='ltr'>haec</span> 
     </span>
    </p>
   </div>
   <div class='ocr_carea' id='block_1_3' title="bbox 1536 388 1565 427">
    <p class='ocr_par' dir='ltr' id='par_1_3' title="bbox 1536 388 1565 427">
     <span class='ocr_line' id='line_1_14' title="bbox 1536 388 1565 427; baseline 0 0"><span class='ocrx_word' id='word_1_117' title='bbox 1536 388 1565 427; x_wconf 80' lang='lat'><strong>2</strong></span> 
     </span>
    </p>
   </div>
   <div class='ocr_carea' id='block_1_4' title="bbox 47 842 1558 906">
    <p class='ocr_par' dir='ltr' id='par_1_4' title="bbox 47 842 1558 906">
     <span class='ocr_line' id='line_1_15' title="bbox 47 842 1558 906; baseline -0.003 -12"><span class='ocrx_word' id='word_1_118' title='bbox 47 853 143 894; x_wconf 86' lang='lat' dir='ltr'>fieri</span> <span class='ocrx_word' id='word_1_119' title='bbox 181 856 356 906; x_wconf 89' lang='lat' dir='ltr'>melius,</span> <span class='ocrx_word' id='word_1_120' title='bbox 393 868 517 906; x_wconf 87' lang='lat' dir='ltr'>quam</span> <span class='ocrx_word' id='word_1_121' title='bbox 556 855 642 894; x_wconf 86' lang='lat' dir='ltr'>dici</span> <span class='ocrx_word' id='word_1_122' title='bbox 685 856 757 895; x_wconf 88' lang='lat' dir='ltr'>aut</span> <span class='ocrx_word' id='word_1_123' title='bbox 796 853 926 894; x_wconf 87' lang='lat' dir='ltr'>scribi</span> <span class='ocrx_word' id='word_1_124' title='bbox 964 854 1074 894; x_wconf 86' lang='lat' dir='ltr'>volo.</span> <span class='ocrx_word' id='word_1_125' title='bbox 1143 851 1262 900; x_wconf 78' lang='lat' dir='ltr'>Quod</span> <span class='ocrx_word' id='word_1_126' title='bbox 1304 852 1507 892; x_wconf 88' lang='lat' dir='ltr'>itinerum</span> <span class='ocrx_word' id='word_1_127' title='bbox 1531 842 1558 880; x_wconf 78' lang='lat'>3</span> 
     </span>
    </p>
   </div>
   <div class='ocr_carea' id='block_1_5' title="bbox 43 908 1508 1419">
    <p class='ocr_par' dir='ltr' id='par_1_5' title="bbox 43 908 1508 1419">
     <span class='ocr_line' id='line_1_16' title="bbox 47 908 1508 952; baseline -0.003 0"><span class='ocrx_word' id='word_1_128' title='bbox 47 924 234 952; x_wconf 91' lang='lat' dir='ltr'>meorum</span> <span class='ocrx_word' id='word_1_129' title='bbox 263 914 372 952; x_wconf 84' lang='lat' dir='ltr'>ratio</span> <span class='ocrx_word' id='word_1_130' title='bbox 402 914 444 951; x_wconf 83' lang='lat' dir='ltr'>te</span> <span class='ocrx_word' id='word_1_131' title='bbox 473 913 719 952; x_wconf 84' lang='lat' dir='ltr'>nonnullam</span> <span class='ocrx_word' id='word_1_132' title='bbox 756 911 800 950; x_wconf 88' lang='lat' dir='ltr'>in</span> <span class='ocrx_word' id='word_1_133' title='bbox 840 910 1144 950; x_wconf 81' lang='lat' dir='ltr'>dubitationem</span> <span class='ocrx_word' id='word_1_134' title='bbox 1171 909 1341 950; x_wconf 80' lang='lat' dir='ltr'>videtur</span> <span class='ocrx_word' id='word_1_135' title='bbox 1379 908 1508 948; x_wconf 87' lang='lat' dir='ltr'>addu-</span> 
     </span>
     <span class='ocr_line' id='line_1_17' title="bbox 47 964 1502 1020; baseline -0.003 -12"><span class='ocrx_word' id='word_1_136' title='bbox 47 981 167 1020; x_wconf 85' lang='lat' dir='ltr'>cere,</span> <span class='ocrx_word' id='word_1_137' title='bbox 206 969 430 1009; x_wconf 83' lang='lat' dir='ltr'>visurusne</span> <span class='ocrx_word' id='word_1_138' title='bbox 469 981 534 1009; x_wconf 90' lang='lat' dir='ltr'>me</span> <span class='ocrx_word' id='word_1_139' title='bbox 564 969 619 1008; x_wconf 90' lang='lat' dir='ltr'>sis</span> <span class='ocrx_word' id='word_1_140' title='bbox 650 969 693 1008; x_wconf 90' lang='grc'>111</span> <span class='ocrx_word' id='word_1_141' title='bbox 724 968 966 1020; x_wconf 85' lang='lat' dir='ltr'>provincia,</span> <span class='ocrx_word' id='word_1_142' title='bbox 1005 980 1056 1008; x_wconf 82' lang='lat' dir='ltr'>ea</span> <span class='ocrx_word' id='word_1_143' title='bbox 1086 979 1153 1006; x_wconf 90' lang='lat' dir='ltr'>res</span> <span class='ocrx_word' id='word_1_144' title='bbox 1183 967 1244 1006; x_wconf 90' lang='lat' dir='ltr'>sic</span> <span class='ocrx_word' id='word_1_145' title='bbox 1275 978 1319 1006; x_wconf 87' lang='lat' dir='ltr'>se</span> <span class='ocrx_word' id='word_1_146' title='bbox 1350 964 1502 1011; x_wconf 77' lang='lat' dir='ltr'>habet:</span> 
     </span>
     <span class='ocr_line' id='line_1_18' title="bbox 44 1023 1503 1077; baseline -0.001 -13"><span class='ocrx_word' id='word_1_147' title='bbox 44 1025 262 1066; x_wconf 86' lang='lat' dir='ltr'>Brundisii</span> <span class='ocrx_word' id='word_1_148' title='bbox 291 1039 418 1077; x_wconf 89' lang='lat' dir='ltr'>quum</span> <span class='ocrx_word' id='word_1_149' title='bbox 450 1026 647 1077; x_wconf 89' lang='lat' dir='ltr'>loquerer</span> <span class='ocrx_word' id='word_1_150' title='bbox 679 1038 773 1066; x_wconf 91' lang='lat' dir='ltr'>cum</span> <span class='ocrx_word' id='word_1_151' title='bbox 802 1026 986 1074; x_wconf 86' lang='lat' dir='ltr'>Phania,</span> <span class='ocrx_word' id='word_1_152' title='bbox 1016 1024 1172 1064; x_wconf 87' lang='lat' dir='ltr'>liberto</span> <span class='ocrx_word' id='word_1_153' title='bbox 1202 1025 1301 1075; x_wconf 82' lang='lat' dir='ltr'>tuo,</span> <span class='ocrx_word' id='word_1_154' title='bbox 1331 1023 1429 1063; x_wconf 80' lang='lat' dir='ltr'>veni</span> <span class='ocrx_word' id='word_1_155' title='bbox 1458 1023 1503 1062; x_wconf 90' lang='lat' dir='ltr'>in</span> 
     </span>
     <span class='ocr_line' id='line_1_19' title="bbox 45 1081 1505 1135; baseline -0.001 -14"><span class='ocrx_word' id='word_1_156' title='bbox 45 1095 140 1122; x_wconf 89' lang='lat' dir='ltr'>eum</span> <span class='ocrx_word' id='word_1_157' title='bbox 170 1095 416 1135; x_wconf 89' lang='lat' dir='ltr'>sermonem,</span> <span class='ocrx_word' id='word_1_158' title='bbox 444 1085 490 1122; x_wconf 90' lang='lat' dir='ltr'>ut</span> <span class='ocrx_word' id='word_1_159' title='bbox 521 1083 702 1123; x_wconf 87' lang='lat' dir='ltr'>dicerem</span> <span class='ocrx_word' id='word_1_160' title='bbox 719 1095 785 1122; x_wconf 89' lang='lat' dir='ltr'>me</span> <span class='ocrx_word' id='word_1_161' title='bbox 801 1082 986 1122; x_wconf 87' lang='lat' dir='ltr'>libenter</span> <span class='ocrx_word' id='word_1_162' title='bbox 1015 1081 1066 1122; x_wconf 88' lang='lat' dir='ltr'>ad</span> <span class='ocrx_word' id='word_1_163' title='bbox 1099 1093 1190 1121; x_wconf 87' lang='lat' dir='ltr'>eam</span> <span class='ocrx_word' id='word_1_164' title='bbox 1218 1082 1381 1133; x_wconf 86' lang='lat' dir='ltr'>partem</span> <span class='ocrx_word' id='word_1_165' title='bbox 1409 1092 1505 1132; x_wconf 89' lang='lat' dir='ltr'>pro-</span> 
     </span>
     <span class='ocr_line' id='line_1_20' title="bbox 43 1135 1503 1193; baseline -0.003 -14"><span class='ocrx_word' id='word_1_166' title='bbox 43 1140 212 1180; x_wconf 84' lang='lat' dir='ltr'>vinciae</span> <span class='ocrx_word' id='word_1_167' title='bbox 250 1141 432 1193; x_wconf 89' lang='lat' dir='ltr'>primum</span> <span class='ocrx_word' id='word_1_168' title='bbox 461 1152 550 1180; x_wconf 89' lang='lat' dir='ltr'>esse</span> <span class='ocrx_word' id='word_1_169' title='bbox 580 1142 825 1191; x_wconf 78' lang='lat' dir='ltr'>venturum,</span> <span class='ocrx_word' id='word_1_170' title='bbox 856 1152 938 1190; x_wconf 85' lang='lat' dir='ltr'>quo</span> <span class='ocrx_word' id='word_1_171' title='bbox 968 1140 1011 1178; x_wconf 85' lang='lat' dir='ltr'>te</span> <span class='ocrx_word' id='word_1_172' title='bbox 1040 1139 1221 1178; x_wconf 75' lang='lat' dir='ltr'>maxime</span> <span class='ocrx_word' id='word_1_173' title='bbox 1250 1138 1361 1178; x_wconf 81' lang='lat' dir='ltr'>velle</span> <span class='ocrx_word' id='word_1_174' title='bbox 1393 1135 1503 1178; x_wconf 87' lang='lat' dir='ltr'>arbi-</span> 
     </span>
     <span class='ocr_line' id='line_1_21' title="bbox 43 1194 1504 1249; baseline -0.001 -13"><span class='ocrx_word' id='word_1_175' title='bbox 43 1198 193 1237; x_wconf 83' lang='lat' dir='ltr'>trarer.</span> <span class='ocrx_word' id='word_1_176' title='bbox 253 1198 372 1238; x_wconf 89' lang='lat' dir='ltr'>Tunc</span> <span class='ocrx_word' id='word_1_177' title='bbox 413 1198 520 1237; x_wconf 90' lang='lat' dir='ltr'>mihi</span> <span class='ocrx_word' id='word_1_178' title='bbox 549 1197 625 1237; x_wconf 86' lang='lat' dir='ltr'>ille</span> <span class='ocrx_word' id='word_1_179' title='bbox 656 1197 784 1249; x_wconf 76' lang='lat' dir='ltr'>dixit,</span> <span class='ocrx_word' id='word_1_180' title='bbox 815 1196 928 1247; x_wconf 89' lang='lat' dir='ltr'>quod</span> <span class='ocrx_word' id='word_1_181' title='bbox 969 1198 1104 1237; x_wconf 83' lang='lat' dir='ltr'>classe</span> <span class='ocrx_word' id='word_1_182' title='bbox 1141 1197 1187 1234; x_wconf 92' lang='lat' dir='ltr'>tu</span> <span class='ocrx_word' id='word_1_183' title='bbox 1223 1196 1354 1235; x_wconf 85' lang='lat' dir='ltr'>velles</span> <span class='ocrx_word' id='word_1_184' title='bbox 1384 1194 1504 1235; x_wconf 84' lang='lat' dir='ltr'>dece·</span> 
     </span>
     <span class='ocr_line' id='line_1_22' title="bbox 44 1252 1503 1306; baseline -0.001 -13"><span class='ocrx_word' id='word_1_185' title='bbox 44 1253 169 1305; x_wconf 89' lang='lat' dir='ltr'>dere,</span> <span class='ocrx_word' id='word_1_186' title='bbox 199 1267 277 1306; x_wconf 87' lang='lat' dir='ltr'>per</span> <span class='ocrx_word' id='word_1_187' title='bbox 305 1255 398 1294; x_wconf 88' lang='lat' dir='ltr'>fore</span> <span class='ocrx_word' id='word_1_188' title='bbox 429 1254 786 1295; x_wconf 83' lang='lat' dir='ltr'>accommodatum</span> <span class='ocrx_word' id='word_1_189' title='bbox 814 1254 917 1304; x_wconf 87' lang='lat' dir='ltr'>tibi,</span> <span class='ocrx_word' id='word_1_190' title='bbox 957 1254 992 1293; x_wconf 88' lang='lat' dir='ltr'>si</span> <span class='ocrx_word' id='word_1_191' title='bbox 1021 1253 1074 1293; x_wconf 84' lang='lat' dir='ltr'>ad</span> <span class='ocrx_word' id='word_1_192' title='bbox 1104 1253 1223 1293; x_wconf 84' lang='lat' dir='ltr'>illam</span> <span class='ocrx_word' id='word_1_193' title='bbox 1251 1252 1503 1292; x_wconf 86' lang='lat' dir='ltr'>maritimam</span> 
     </span>
     <span class='ocr_line' id='line_1_23' title="bbox 43 1310 1503 1362; baseline -0.001 -12"><span class='ocrx_word' id='word_1_194' title='bbox 43 1313 208 1362; x_wconf 80' lang='lat' dir='ltr'>partem</span> <span class='ocrx_word' id='word_1_195' title='bbox 249 1311 496 1362; x_wconf 76' lang='lat' dir='ltr'>provinciae</span> <span class='ocrx_word' id='word_1_196' title='bbox 532 1311 711 1351; x_wconf 84' lang='lat' dir='ltr'>navibus</span> <span class='ocrx_word' id='word_1_197' title='bbox 752 1310 1030 1350; x_wconf 85' lang='lat' dir='ltr'>accessissem.</span> <span class='ocrx_word' id='word_1_198' title='bbox 1089 1310 1188 1349; x_wconf 82' lang='lat' dir='ltr'>Dixi</span> <span class='ocrx_word' id='word_1_199' title='bbox 1229 1321 1295 1348; x_wconf 91' lang='lat' dir='ltr'>me</span> <span class='ocrx_word' id='word_1_200' title='bbox 1324 1321 1413 1348; x_wconf 89' lang='lat' dir='ltr'>esse</span> <span class='ocrx_word' id='word_1_201' title='bbox 1442 1310 1503 1348; x_wconf 84' lang='lat' dir='ltr'>fa-</span> 
     </span>
     <span class='ocr_line' id='line_1_24' title="bbox 45 1365 1502 1419; baseline -0.002 -12"><span class='ocrx_word' id='word_1_202' title='bbox 45 1370 231 1407; x_wconf 89' lang='lat' dir='ltr'>cturum:</span> <span class='ocrx_word' id='word_1_203' title='bbox 271 1369 416 1419; x_wconf 89' lang='lat' dir='ltr'>itaque</span> <span class='ocrx_word' id='word_1_204' title='bbox 446 1368 660 1419; x_wconf 83' lang='lat' dir='ltr'>fecissem,</span> <span class='ocrx_word' id='word_1_205' title='bbox 699 1367 784 1407; x_wconf 86' lang='lat' dir='ltr'>nisi</span> <span class='ocrx_word' id='word_1_206' title='bbox 818 1367 924 1407; x_wconf 90' lang='lat' dir='ltr'>mihi</span> <span class='ocrx_word' id='word_1_207' title='bbox 954 1367 1000 1406; x_wconf 88' lang='lat' dir='ltr'>L.</span> <span class='ocrx_word' id='word_1_208' title='bbox 1032 1365 1201 1405; x_wconf 92' lang='lat' dir='ltr'>Clodius</span> <span class='ocrx_word' id='word_1_209' title='bbox 1229 1367 1373 1405; x_wconf 87' lang='lat' dir='ltr'>noster</span> <span class='ocrx_word' id='word_1_210' title='bbox 1403 1365 1502 1405; x_wconf 90' lang='lat' dir='ltr'>Cor-</span> 
     </span>
    </p>
   </div>
   <div class='ocr_carea' id='block_1_6' title="bbox 18 1489 1500 1722">
    <p class='ocr_par' dir='ltr' id='par_1_6' title="bbox 18 1489 1500 1722">
     <span class='ocr_line' id='line_1_25' title="bbox 41 1489 1497 1534; baseline 0.001 -11"><span class='ocrx_word' id='word_1_211' title='bbox 41 1490 170 1523; x_wconf 81' lang='lat' dir='ltr'>diesen</span> <span class='ocrx_word' id='word_1_212' title='bbox 197 1490 346 1524; x_wconf 83' lang='lat' dir='ltr'>Artikel</span> <span class='ocrx_word' id='word_1_213' title='bbox 379 1490 416 1524; x_wconf 90' lang='lat' dir='ltr'>in</span> <span class='ocrx_word' id='word_1_214' title='bbox 441 1489 597 1524; x_wconf 89' lang='lat' dir='ltr'>meinem</span> <span class='ocrx_word' id='word_1_215' title='bbox 622 1490 752 1524; x_wconf 85' lang='lat' dir='ltr'>Briese</span> <span class='ocrx_word' id='word_1_216' title='bbox 783 1500 878 1534; x_wconf 81' lang='lat' dir='ltr'>ganz</span> <span class='ocrx_word' id='word_1_217' title='bbox 904 1489 1156 1533; x_wconf 77' lang='lat' dir='ltr'>hinausgehen</span> <span class='ocrx_word' id='word_1_218' title='bbox 1172 1516 1182 1533; x_wconf 88' lang='lat'><strong><em>‚</em></strong></span> <span class='ocrx_word' id='word_1_219' title='bbox 1207 1489 1271 1523; x_wconf 83' lang='lat' dir='ltr'>ihn</span> <span class='ocrx_word' id='word_1_220' title='bbox 1297 1491 1497 1525; x_wconf 86' lang='lat' dir='ltr'>auslassen.</span> 
     </span>
     <span class='ocr_line' id='line_1_26' title="bbox 40 1536 1500 1580; baseline 0.001 -12"><span class='ocrx_word' id='word_1_221' title='bbox 40 1536 339 1580; x_wconf 75' lang='lat' dir='ltr'>restitueresque,</span> <span class='ocrx_word' id='word_1_222' title='bbox 379 1537 619 1570; x_wconf 82' lang='lat' dir='ltr'>herstelltest.</span> <span class='ocrx_word' id='word_1_223' title='bbox 653 1536 693 1571; x_wconf 89' lang='lat' dir='ltr'>S.</span> <span class='ocrx_word' id='word_1_224' title='bbox 721 1547 779 1580; x_wconf 86' lang='lat' dir='ltr'>ep.</span> <span class='ocrx_word' id='word_1_225' title='bbox 809 1536 944 1579; x_wconf 86' lang='lat' dir='ltr'>CXCI,</span> <span class='ocrx_word' id='word_1_226' title='bbox 969 1536 1002 1570; x_wconf 87' lang='lat'>2.</span> <span class='ocrx_word' id='word_1_227' title='bbox 1035 1537 1131 1578; x_wconf 87' lang='lat' dir='ltr'>CCI,</span> <span class='ocrx_word' id='word_1_228' title='bbox 1158 1538 1189 1571; x_wconf 98' lang='grc'>1.</span> <span class='ocrx_word' id='word_1_229' title='bbox 1219 1537 1356 1580; x_wconf 83' lang='lat' dir='ltr'>CCIV,</span> <span class='ocrx_word' id='word_1_230' title='bbox 1385 1539 1416 1571; x_wconf 81' lang='lat'>1.</span> <span class='ocrx_word' id='word_1_231' title='bbox 1442 1549 1500 1570; x_wconf 85' lang='lat' dir='ltr'>am</span> 
     </span>
     <span class='ocr_line' id='line_1_27' title="bbox 18 1582 1500 1629; baseline 0 -13"><span class='ocrx_word' id='word_1_232' title='bbox 18 1583 158 1629; x_wconf 21' lang='lat' dir='ltr'>yEnde.</span> <span class='ocrx_word' id='word_1_233' title='bbox 183 1587 427 1626; x_wconf 77' lang='lat' dir='ltr'>statueresque</span> <span class='ocrx_word' id='word_1_234' title='bbox 452 1594 472 1616; x_wconf 88' lang='lat' dir='ltr'>e</span> <span class='ocrx_word' id='word_1_235' title='bbox 497 1583 651 1617; x_wconf 86' lang='lat' dir='ltr'>Graevii</span> <span class='ocrx_word' id='word_1_236' title='bbox 677 1583 769 1616; x_wconf 92' lang='lat' dir='ltr'>Cod.</span> <span class='ocrx_word' id='word_1_237' title='bbox 797 1582 884 1617; x_wconf 87' lang='lat' dir='ltr'>Sch.</span> <span class='ocrx_word' id='word_1_238' title='bbox 909 1583 1005 1617; x_wconf 82' lang='lat' dir='ltr'>Liin.</span> <span class='ocrx_word' id='word_1_239' title='bbox 1033 1583 1231 1618; x_wconf 82' lang='lat' dir='ltr'>ORELLI.</span> <span class='ocrx_word' id='word_1_240' title='bbox 1258 1602 1302 1608; x_wconf 91' lang='grc'>-</span> <span class='ocrx_word' id='word_1_241' title='bbox 1325 1594 1394 1627; x_wconf 84' lang='lat' dir='ltr'>quo</span> <span class='ocrx_word' id='word_1_242' title='bbox 1417 1594 1500 1617; x_wconf 81' lang='lat' dir='ltr'>mea</span> 
     </span>
     <span class='ocr_line' id='line_1_28' title="bbox 37 1629 1500 1674; baseline 0 -10"><span class='ocrx_word' id='word_1_243' title='bbox 37 1629 195 1664; x_wconf 77' lang='lat' dir='ltr'>ratio...</span> <span class='ocrx_word' id='word_1_244' title='bbox 217 1633 350 1673; x_wconf 79' lang='lat' dir='ltr'>posset,</span> <span class='ocrx_word' id='word_1_245' title='bbox 376 1629 490 1663; x_wconf 80' lang='lat' dir='ltr'>damit</span> <span class='ocrx_word' id='word_1_246' title='bbox 514 1629 584 1662; x_wconf 91' lang='lat' dir='ltr'>mir</span> <span class='ocrx_word' id='word_1_247' title='bbox 609 1629 731 1663; x_wconf 87' lang='lat' dir='ltr'>meine</span> <span class='ocrx_word' id='word_1_248' title='bbox 755 1629 951 1672; x_wconf 78' lang='lat' dir='ltr'>kunftigen</span> <span class='ocrx_word' id='word_1_249' title='bbox 975 1630 1274 1674; x_wconf 75' lang='lat' dir='ltr'>Amtsgeschaste</span> <span class='ocrx_word' id='word_1_250' title='bbox 1299 1630 1500 1674; x_wconf 76' lang='lat' dir='ltr'>moglichst</span> 
     </span>
     <span class='ocr_line' id='line_1_29' title="bbox 39 1674 1497 1722; baseline 0.001 -13"><span class='ocrx_word' id='word_1_251' title='bbox 39 1675 257 1710; x_wconf 83' lang='lat' dir='ltr'>erleichtert</span> <span class='ocrx_word' id='word_1_252' title='bbox 293 1674 367 1708; x_wconf 89' lang='lat' dir='ltr'>und</span> <span class='ocrx_word' id='word_1_253' title='bbox 404 1687 477 1708; x_wconf 81' lang='lat' dir='ltr'>von</span> <span class='ocrx_word' id='word_1_254' title='bbox 519 1676 791 1709; x_wconf 81' lang='lat' dir='ltr'>Hindernissen</span> <span class='ocrx_word' id='word_1_255' title='bbox 829 1675 990 1710; x_wconf 86' lang='lat' dir='ltr'>befreiet</span> <span class='ocrx_word' id='word_1_256' title='bbox 1032 1677 1200 1711; x_wconf 78' lang='lat' dir='ltr'>wurden.</span> <span class='ocrx_word' id='word_1_257' title='bbox 1258 1676 1386 1710; x_wconf 88' lang='lat' dir='ltr'>Ueber</span> <span class='ocrx_word' id='word_1_258' title='bbox 1422 1688 1497 1722; x_wconf 88' lang='lat' dir='ltr'>quo</span> 
     </span>
    </p>
   </div>
   <div class='ocr_carea' id='block_1_7' title="bbox 36 1721 1188 1768">
    <p class='ocr_par' dir='ltr' id='par_1_7' title="bbox 36 1721 1188 1768">
     <span class='ocr_line' id='line_1_30' title="bbox 36 1721 1188 1768; baseline 0.002 -14"><span class='ocrx_word' id='word_1_259' title='bbox 36 1732 83 1755; x_wconf 86' lang='lat'>=</span> <span class='ocrx_word' id='word_1_260' title='bbox 106 1721 218 1755; x_wconf 85' lang='lat' dir='ltr'>damit</span> <span class='ocrx_word' id='word_1_261' title='bbox 244 1721 409 1755; x_wconf 88' lang='lat' dir='ltr'>dadurch</span> <span class='ocrx_word' id='word_1_262' title='bbox 432 1732 461 1756; x_wconf 84' lang='grc'>5.</span> <span class='ocrx_word' id='word_1_263' title='bbox 487 1722 635 1756; x_wconf 83' lang='lat' dir='ltr'>Ramsh.</span> <span class='ocrx_word' id='word_1_264' title='bbox 662 1724 690 1766; x_wconf 83' lang='lat'>§.</span> <span class='ocrx_word' id='word_1_265' title='bbox 716 1724 796 1765; x_wconf 86' lang='lat'>193,</span> <span class='ocrx_word' id='word_1_266' title='bbox 822 1724 854 1756; x_wconf 95' lang='grc'>1.</span> <span class='ocrx_word' id='word_1_267' title='bbox 881 1722 1027 1757; x_wconf 86' lang='lat' dir='ltr'>Grotef.</span> <span class='ocrx_word' id='word_1_268' title='bbox 1054 1724 1083 1768; x_wconf 83' lang='lat'>§.</span> <span class='ocrx_word' id='word_1_269' title='bbox 1109 1725 1188 1758; x_wconf 82' lang='lat'>403.</span> 
     </span>
    </p>
   </div>
   <div class='ocr_carea' id='block_1_8' title="bbox 35 1778 1496 2240">
    <p class='ocr_par' dir='ltr' id='par_1_8' title="bbox 35 1778 1496 2240">
     <span class='ocr_line' id='line_1_31' title="bbox 127 1778 1496 1823; baseline 0.001 -11"><span class='ocrx_word' id='word_1_270' title='bbox 127 1779 162 1812; x_wconf 85' lang='lat'>2.</span> <span class='ocrx_word' id='word_1_271' title='bbox 210 1779 352 1812; x_wconf 83' lang='lat' dir='ltr'>ducam.</span> <span class='ocrx_word' id='word_1_272' title='bbox 379 1778 444 1813; x_wconf 83' lang='lat' dir='ltr'>Sic</span> <span class='ocrx_word' id='word_1_273' title='bbox 464 1778 599 1823; x_wconf 86' lang='lat' dir='ltr'>scripsi</span> <span class='ocrx_word' id='word_1_274' title='bbox 623 1779 781 1813; x_wconf 85' lang='lat' dir='ltr'>coniect.</span> <span class='ocrx_word' id='word_1_275' title='bbox 807 1780 929 1813; x_wconf 81' lang='lat' dir='ltr'>dicam</span> <span class='ocrx_word' id='word_1_276' title='bbox 955 1781 1050 1814; x_wconf 79' lang='lat' dir='ltr'>Cett.</span> <span class='ocrx_word' id='word_1_277' title='bbox 1079 1792 1160 1814; x_wconf 87' lang='lat' dir='ltr'>cum</span> <span class='ocrx_word' id='word_1_278' title='bbox 1186 1779 1262 1814; x_wconf 87' lang='lat' dir='ltr'>Md.</span> <span class='ocrx_word' id='word_1_279' title='bbox 1314 1780 1375 1815; x_wconf 87' lang='lat' dir='ltr'>De</span> <span class='ocrx_word' id='word_1_280' title='bbox 1407 1791 1496 1814; x_wconf 85' lang='lat' dir='ltr'>con-</span> 
     </span>
     <span class='ocr_line' id='line_1_32' title="bbox 37 1825 1495 1872; baseline 0.001 -14"><span class='ocrx_word' id='word_1_281' title='bbox 37 1830 166 1859; x_wconf 76' lang='lat' dir='ltr'>struet.</span> <span class='ocrx_word' id='word_1_282' title='bbox 191 1836 265 1858; x_wconf 83' lang='lat' dir='ltr'>esse</span> <span class='ocrx_word' id='word_1_283' title='bbox 281 1826 371 1858; x_wconf 83' lang='lat' dir='ltr'>duco</span> <span class='ocrx_word' id='word_1_284' title='bbox 390 1825 463 1859; x_wconf 79' lang='lat' dir='ltr'>vid.</span> <span class='ocrx_word' id='word_1_285' title='bbox 479 1826 608 1859; x_wconf 77' lang='lat' dir='ltr'>Moser</span> <span class='ocrx_word' id='word_1_286' title='bbox 621 1826 666 1859; x_wconf 90' lang='lat' dir='ltr'>ad</span> <span class='ocrx_word' id='word_1_287' title='bbox 678 1826 727 1860; x_wconf 91' lang='lat'>11.</span> <span class='ocrx_word' id='word_1_288' title='bbox 748 1827 791 1860; x_wconf 82' lang='lat' dir='ltr'>de</span> <span class='ocrx_word' id='word_1_289' title='bbox 804 1827 1027 1872; x_wconf 77' lang='lat' dir='ltr'>Rep.p.562.</span> <span class='ocrx_word' id='word_1_290' title='bbox 1043 1827 1116 1861; x_wconf 86' lang='lat' dir='ltr'>OR.</span> <span class='ocrx_word' id='word_1_291' title='bbox 1142 1827 1299 1870; x_wconf 86' lang='lat' dir='ltr'>„Indem</span> <span class='ocrx_word' id='word_1_292' title='bbox 1318 1827 1378 1861; x_wconf 89' lang='lat' dir='ltr'>ich</span> <span class='ocrx_word' id='word_1_293' title='bbox 1397 1827 1495 1860; x_wconf 90' lang='lat' dir='ltr'>mich</span> 
     </span>
     <span class='ocr_line' id='line_1_33' title="bbox 35 1870 1493 1907; baseline 0.001 -2"><span class='ocrx_word' id='word_1_294' title='bbox 35 1870 111 1905; x_wconf 88' lang='lat' dir='ltr'>Dir</span> <span class='ocrx_word' id='word_1_295' title='bbox 128 1872 184 1904; x_wconf 84' lang='lat' dir='ltr'>fiir</span> <span class='ocrx_word' id='word_1_296' title='bbox 202 1872 329 1905; x_wconf 79' lang='lat' dir='ltr'>diesen</span> <span class='ocrx_word' id='word_1_297' title='bbox 349 1872 764 1906; x_wconf 78' lang='lat' dir='ltr'>Freundschastsdienst</span> <span class='ocrx_word' id='word_1_298' title='bbox 780 1872 839 1906; x_wconf 80' lang='lat' dir='ltr'>fiir</span> <span class='ocrx_word' id='word_1_299' title='bbox 852 1873 985 1906; x_wconf 67' lang='lat' dir='ltr'>hochst</span> <span class='ocrx_word' id='word_1_300' title='bbox 1000 1873 1218 1907; x_wconf 86' lang='lat' dir='ltr'>verbunden</span> <span class='ocrx_word' id='word_1_301' title='bbox 1236 1873 1493 1907; x_wconf 82' lang='lat' dir='ltr'>erkenne.“-—</span> 
     </span>
     <span class='ocr_line' id='line_1_34' title="bbox 35 1918 1491 1963; baseline 0.001 -12"><span class='ocrx_word' id='word_1_302' title='bbox 35 1918 78 1952; x_wconf 69' lang='lat' dir='ltr'>ii.</span> <span class='ocrx_word' id='word_1_303' title='bbox 105 1918 182 1952; x_wconf 80' lang='lat' dir='ltr'>Md.</span> <span class='ocrx_word' id='word_1_304' title='bbox 212 1918 312 1953; x_wconf 80' lang='lat' dir='ltr'>vict.</span> <span class='ocrx_word' id='word_1_305' title='bbox 338 1919 369 1952; x_wconf 88' lang='lat'>2.</span> <span class='ocrx_word' id='word_1_306' title='bbox 395 1918 446 1952; x_wconf 71' lang='lat' dir='ltr'>hi.</span> <span class='ocrx_word' id='word_1_307' title='bbox 472 1938 517 1943; x_wconf 82' lang='lat'>—</span> <span class='ocrx_word' id='word_1_308' title='bbox 555 1929 664 1963; x_wconf 74' lang='lat' dir='ltr'>neque</span> <span class='ocrx_word' id='word_1_309' title='bbox 689 1919 851 1954; x_wconf 75' lang='lat' dir='ltr'>enim...</span> <span class='ocrx_word' id='word_1_310' title='bbox 878 1923 1024 1963; x_wconf 79' lang='lat' dir='ltr'>agetur,</span> <span class='ocrx_word' id='word_1_311' title='bbox 1051 1920 1146 1953; x_wconf 87' lang='grc'><strong>(161111</strong></span> <span class='ocrx_word' id='word_1_312' title='bbox 1173 1919 1234 1953; x_wconf 89' lang='grc'><strong>(116</strong></span> <span class='ocrx_word' id='word_1_313' title='bbox 1259 1919 1491 1953; x_wconf 87' lang='lat' dir='ltr'>handelnden</span> 
     </span>
     <span class='ocr_line' id='line_1_35' title="bbox 36 1964 1491 2000; baseline 0.001 -2"><span class='ocrx_word' id='word_1_314' title='bbox 36 1964 230 1998; x_wconf 84' lang='lat' dir='ltr'>Personen</span> <span class='ocrx_word' id='word_1_315' title='bbox 262 1965 392 1998; x_wconf 81' lang='lat' dir='ltr'>stehen</span> <span class='ocrx_word' id='word_1_316' title='bbox 418 1965 520 1998; x_wconf 82' lang='lat' dir='ltr'>nicht</span> <span class='ocrx_word' id='word_1_317' title='bbox 544 1976 584 1999; x_wconf 82' lang='lat' dir='ltr'>so</span> <span class='ocrx_word' id='word_1_318' title='bbox 612 1965 682 1998; x_wconf 77' lang='lat' dir='ltr'>tief</span> <span class='ocrx_word' id='word_1_319' title='bbox 703 1965 776 1998; x_wconf 88' lang='lat' dir='ltr'>und</span> <span class='ocrx_word' id='word_1_320' title='bbox 801 1965 862 1998; x_wconf 90' lang='lat' dir='ltr'>die</span> <span class='ocrx_word' id='word_1_321' title='bbox 888 1965 1032 2000; x_wconf 86' lang='lat' dir='ltr'>Sachen</span> <span class='ocrx_word' id='word_1_322' title='bbox 1065 1967 1181 2000; x_wconf 83' lang='lat' dir='ltr'>selbst</span> <span class='ocrx_word' id='word_1_323' title='bbox 1206 1966 1289 2000; x_wconf 85' lang='lat' dir='ltr'>sind</span> <span class='ocrx_word' id='word_1_324' title='bbox 1323 1966 1425 1999; x_wconf 85' lang='lat' dir='ltr'>nicht</span> <span class='ocrx_word' id='word_1_325' title='bbox 1450 1977 1491 1999; x_wconf 86' lang='lat' dir='ltr'>so</span> 
     </span>
     <span class='ocr_line' id='line_1_36' title="bbox 38 2011 1493 2055; baseline 0.002 -12"><span class='ocrx_word' id='word_1_326' title='bbox 38 2011 318 2052; x_wconf 77' lang='lat' dir='ltr'>unbedeutend,</span> <span class='ocrx_word' id='word_1_327' title='bbox 347 2011 429 2044; x_wconf 81' lang='lat' dir='ltr'>dass</span> <span class='ocrx_word' id='word_1_328' title='bbox 455 2011 510 2044; x_wconf 80' lang='grc'>516</span> <span class='ocrx_word' id='word_1_329' title='bbox 542 2011 645 2045; x_wconf 77' lang='lat' dir='ltr'>nicht</span> <span class='ocrx_word' id='word_1_330' title='bbox 671 2012 764 2044; x_wconf 87' lang='lat' dir='ltr'>aller</span> <span class='ocrx_word' id='word_1_331' title='bbox 788 2012 894 2045; x_wconf 82' lang='lat' dir='ltr'>Welt</span> <span class='ocrx_word' id='word_1_332' title='bbox 919 2012 956 2045; x_wconf 90' lang='lat' dir='ltr'>in</span> <span class='ocrx_word' id='word_1_333' title='bbox 990 2013 1052 2045; x_wconf 88' lang='lat' dir='ltr'>die</span> <span class='ocrx_word' id='word_1_334' title='bbox 1078 2014 1211 2055; x_wconf 79' lang='lat' dir='ltr'>Augen</span> <span class='ocrx_word' id='word_1_335' title='bbox 1235 2013 1348 2046; x_wconf 81' lang='lat' dir='ltr'>fallen</span> <span class='ocrx_word' id='word_1_336' title='bbox 1375 2014 1493 2046; x_wconf 76' lang='grc'><strong>1111155-</strong></span> 
     </span>
     <span class='ocr_line' id='line_1_37' title="bbox 36 2056 1494 2101; baseline 0.002 -12"><span class='ocrx_word' id='word_1_337' title='bbox 36 2063 109 2091; x_wconf 71' lang='lat' dir='ltr'>ten.</span> <span class='ocrx_word' id='word_1_338' title='bbox 142 2077 175 2080; x_wconf 97' lang='lat'><strong>—</strong></span> <span class='ocrx_word' id='word_1_339' title='bbox 205 2057 277 2090; x_wconf 76' lang='lat' dir='ltr'>Sed</span> <span class='ocrx_word' id='word_1_340' title='bbox 301 2056 386 2090; x_wconf 74' lang='lat' dir='ltr'>llaec</span> <span class='ocrx_word' id='word_1_341' title='bbox 410 2058 493 2099; x_wconf 80' lang='lat' dir='ltr'>fieri</span> <span class='ocrx_word' id='word_1_342' title='bbox 518 2065 588 2091; x_wconf 87' lang='lat' dir='ltr'>cet.</span> <span class='ocrx_word' id='word_1_343' title='bbox 640 2058 777 2099; x_wconf 88' lang='lat' dir='ltr'>„Doeh</span> <span class='ocrx_word' id='word_1_344' title='bbox 803 2057 863 2091; x_wconf 90' lang='lat' dir='ltr'>ich</span> <span class='ocrx_word' id='word_1_345' title='bbox 882 2058 962 2092; x_wconf 84' lang='lat' dir='ltr'>will</span> <span class='ocrx_word' id='word_1_346' title='bbox 979 2058 1114 2101; x_wconf 81' lang='lat' dir='ltr'>lieber,</span> <span class='ocrx_word' id='word_1_347' title='bbox 1140 2059 1224 2092; x_wconf 84' lang='lat' dir='ltr'>dass</span> <span class='ocrx_word' id='word_1_348' title='bbox 1251 2059 1350 2093; x_wconf 83' lang='grc'><strong>(11655</strong></span> <span class='ocrx_word' id='word_1_349' title='bbox 1375 2058 1494 2092; x_wconf 83' lang='lat' dir='ltr'>durch</span> 
     </span>
     <span class='ocr_line' id='line_1_38' title="bbox 35 2103 1493 2148; baseline 0.002 -13"><span class='ocrx_word' id='word_1_350' title='bbox 35 2103 98 2136; x_wconf 84' lang='lat' dir='ltr'>die</span> <span class='ocrx_word' id='word_1_351' title='bbox 133 2103 249 2145; x_wconf 81' lang='lat' dir='ltr'>That,</span> <span class='ocrx_word' id='word_1_352' title='bbox 285 2104 339 2136; x_wconf 81' lang='grc'>315</span> <span class='ocrx_word' id='word_1_353' title='bbox 371 2104 488 2136; x_wconf 83' lang='lat' dir='ltr'>durch</span> <span class='ocrx_word' id='word_1_354' title='bbox 521 2104 732 2137; x_wconf 70' lang='lat' dir='ltr'>miindliche</span> <span class='ocrx_word' id='word_1_355' title='bbox 764 2104 856 2137; x_wconf 91' lang='lat' dir='ltr'>oder</span> <span class='ocrx_word' id='word_1_356' title='bbox 887 2105 1118 2138; x_wconf 79' lang='lat' dir='ltr'>schriftliche</span> <span class='ocrx_word' id='word_1_357' title='bbox 1144 2106 1278 2138; x_wconf 77' lang='lat' dir='ltr'>VVorte</span> <span class='ocrx_word' id='word_1_358' title='bbox 1309 2115 1354 2138; x_wconf 88' lang='lat' dir='ltr'>zu</span> <span class='ocrx_word' id='word_1_359' title='bbox 1387 2105 1493 2148; x_wconf 79' lang='lat' dir='ltr'>Tage</span> 
     </span>
     <span class='ocr_line' id='line_1_39' title="bbox 35 2149 1494 2196; baseline 0.002 -14"><span class='ocrx_word' id='word_1_360' title='bbox 35 2150 163 2193; x_wconf 80' lang='lat' dir='ltr'>gelegt</span> <span class='ocrx_word' id='word_1_361' title='bbox 188 2149 356 2184; x_wconf 79' lang='lat' dir='ltr'>werde.“</span> <span class='ocrx_word' id='word_1_362' title='bbox 391 2150 526 2184; x_wconf 86' lang='lat' dir='ltr'>Cicero</span> <span class='ocrx_word' id='word_1_363' title='bbox 551 2151 652 2185; x_wconf 81' lang='lat' dir='ltr'>hatte</span> <span class='ocrx_word' id='word_1_364' title='bbox 679 2150 817 2185; x_wconf 73' lang='lat' dir='ltr'>bereits</span> <span class='ocrx_word' id='word_1_365' title='bbox 843 2150 1009 2187; x_wconf 80' lang='lat' dir='ltr'>Ursache</span> <span class='ocrx_word' id='word_1_366' title='bbox 1034 2162 1079 2185; x_wconf 78' lang='lat' dir='ltr'>au</span> <span class='ocrx_word' id='word_1_367' title='bbox 1104 2151 1171 2186; x_wconf 86' lang='lat' dir='ltr'>der</span> <span class='ocrx_word' id='word_1_368' title='bbox 1197 2151 1494 2196; x_wconf 76' lang='lat' dir='ltr'>Aufrichtigkeit</span> 
     </span>
     <span class='ocr_line' id='line_1_40' title="bbox 35 2195 557 2240; baseline 0.004 -12"><span class='ocrx_word' id='word_1_369' title='bbox 35 2196 101 2229; x_wconf 85' lang='lat' dir='ltr'>des</span> <span class='ocrx_word' id='word_1_370' title='bbox 126 2195 273 2240; x_wconf 85' lang='lat' dir='ltr'>Appius</span> <span class='ocrx_word' id='word_1_371' title='bbox 298 2206 344 2230; x_wconf 90' lang='lat' dir='ltr'>zu</span> <span class='ocrx_word' id='word_1_372' title='bbox 370 2197 557 2231; x_wconf 74' lang='lat' dir='ltr'>zweifeln.</span> 
     </span>
    </p>
   </div>
   <div class='ocr_carea' id='block_1_9' title="bbox 33 2252 1494 2759">
    <p class='ocr_par' dir='ltr' id='par_1_9' title="bbox 33 2252 1494 2759">
     <span class='ocr_line' id='line_1_41' title="bbox 126 2252 1491 2298; baseline 0.004 -13"><span class='ocrx_word' id='word_1_373' title='bbox 126 2253 160 2286; x_wconf 85' lang='lat'>3.</span> <span class='ocrx_word' id='word_1_374' title='bbox 210 2252 336 2287; x_wconf 69' lang='lat' dir='ltr'>itiner.</span> <span class='ocrx_word' id='word_1_375' title='bbox 369 2265 416 2287; x_wconf 85' lang='lat' dir='ltr'>m.</span> <span class='ocrx_word' id='word_1_376' title='bbox 449 2255 573 2298; x_wconf 76' lang='lat' dir='ltr'>ratio,</span> <span class='ocrx_word' id='word_1_377' title='bbox 604 2253 703 2288; x_wconf 88' lang='lat' dir='ltr'>mein</span> <span class='ocrx_word' id='word_1_378' title='bbox 727 2254 942 2298; x_wconf 84' lang='lat' dir='ltr'>Reiseplan.</span> <span class='ocrx_word' id='word_1_379' title='bbox 969 2274 1014 2279; x_wconf 93' lang='lat'>—</span> <span class='ocrx_word' id='word_1_380' title='bbox 1038 2265 1080 2289; x_wconf 86' lang='lat' dir='ltr'>ea</span> <span class='ocrx_word' id='word_1_381' title='bbox 1105 2265 1163 2288; x_wconf 80' lang='lat' dir='ltr'>res</span> <span class='ocrx_word' id='word_1_382' title='bbox 1188 2254 1242 2289; x_wconf 79' lang='lat' dir='ltr'>sic</span> <span class='ocrx_word' id='word_1_383' title='bbox 1265 2265 1302 2288; x_wconf 83' lang='lat' dir='ltr'>se</span> <span class='ocrx_word' id='word_1_384' title='bbox 1326 2253 1423 2297; x_wconf 61' lang='lat' dir='ltr'>hab„</span> <span class='ocrx_word' id='word_1_385' title='bbox 1449 2265 1491 2290; x_wconf 82' lang='lat' dir='ltr'>so</span> 
     </span>
     <span class='ocr_line' id='line_1_42' title="bbox 34 2298 1488 2345; baseline 0.005 -15"><span class='ocrx_word' id='word_1_386' title='bbox 34 2298 171 2340; x_wconf 81' lang='lat' dir='ltr'>wisse,</span> <span class='ocrx_word' id='word_1_387' title='bbox 207 2299 289 2331; x_wconf 80' lang='lat' dir='ltr'>dass</span> <span class='ocrx_word' id='word_1_388' title='bbox 315 2310 355 2333; x_wconf 86' lang='lat' dir='ltr'>es</span> <span class='ocrx_word' id='word_1_389' title='bbox 381 2311 421 2333; x_wconf 87' lang='grc' dir='ltr'>5ο</span> <span class='ocrx_word' id='word_1_390' title='bbox 449 2301 563 2334; x_wconf 85' lang='lat' dir='ltr'>damit</span> <span class='ocrx_word' id='word_1_391' title='bbox 587 2301 696 2335; x_wconf 87' lang='lat' dir='ltr'>steht.</span> <span class='ocrx_word' id='word_1_392' title='bbox 724 2320 767 2325; x_wconf 89' lang='lat'>—</span> <span class='ocrx_word' id='word_1_393' title='bbox 801 2302 1020 2335; x_wconf 78' lang='lat' dir='ltr'>arbitrarer.</span> <span class='ocrx_word' id='word_1_394' title='bbox 1052 2301 1126 2335; x_wconf 84' lang='lat' dir='ltr'>wie</span> <span class='ocrx_word' id='word_1_395' title='bbox 1157 2301 1282 2345; x_wconf 82' lang='lat' dir='ltr'>gleich</span> <span class='ocrx_word' id='word_1_396' title='bbox 1313 2301 1488 2337; x_wconf 84' lang='lat' dir='ltr'>nachher.</span> 
     </span>
     <span class='ocr_line' id='line_1_43' title="bbox 34 2345 1490 2392; baseline 0.001 -13"><span class='ocrx_word' id='word_1_397' title='bbox 34 2345 258 2388; x_wconf 78' lang='lat' dir='ltr'>Mart.-Lag.</span> <span class='ocrx_word' id='word_1_398' title='bbox 290 2346 546 2380; x_wconf 77' lang='lat' dir='ltr'>arbitraretur.</span> <span class='ocrx_word' id='word_1_399' title='bbox 575 2366 618 2371; x_wconf 88' lang='lat'>—</span> <span class='ocrx_word' id='word_1_400' title='bbox 640 2358 708 2391; x_wconf 83' lang='lat' dir='ltr'>per</span> <span class='ocrx_word' id='word_1_401' title='bbox 732 2349 812 2390; x_wconf 81' lang='lat' dir='ltr'>fore</span> <span class='ocrx_word' id='word_1_402' title='bbox 836 2359 1008 2381; x_wconf 84' lang='lat' dir='ltr'>accomm.</span> <span class='ocrx_word' id='word_1_403' title='bbox 1033 2353 1078 2381; x_wconf 86' lang='lat' dir='ltr'>st.</span> <span class='ocrx_word' id='word_1_404' title='bbox 1106 2347 1490 2392; x_wconf 83' lang='lat' dir='ltr'>peraccommodatum</span> 
     </span>
     <span class='ocr_line' id='line_1_44' title="bbox 33 2391 1492 2437; baseline 0.002 -12"><span class='ocrx_word' id='word_1_405' title='bbox 33 2391 127 2425; x_wconf 77' lang='lat' dir='ltr'>sore.</span> <span class='ocrx_word' id='word_1_406' title='bbox 180 2391 337 2425; x_wconf 81' lang='lat' dir='ltr'>Tmesis.</span> <span class='ocrx_word' id='word_1_407' title='bbox 366 2411 410 2416; x_wconf 93' lang='lat'>—</span> <span class='ocrx_word' id='word_1_408' title='bbox 434 2394 468 2426; x_wconf 75' lang='lat' dir='ltr'>si</span> <span class='ocrx_word' id='word_1_409' title='bbox 491 2394 540 2427; x_wconf 86' lang='lat' dir='ltr'>ad</span> <span class='ocrx_word' id='word_1_410' title='bbox 562 2393 680 2427; x_wconf 82' lang='lat' dir='ltr'>illam.</span> <span class='ocrx_word' id='word_1_411' title='bbox 716 2394 819 2431; x_wconf 86' lang='lat' dir='ltr'>Vict.</span> <span class='ocrx_word' id='word_1_412' title='bbox 846 2394 878 2427; x_wconf 88' lang='lat'>2.</span> <span class='ocrx_word' id='word_1_413' title='bbox 913 2394 1009 2427; x_wconf 88' lang='lat' dir='ltr'>coni.</span> <span class='ocrx_word' id='word_1_414' title='bbox 1034 2394 1163 2428; x_wconf 87' lang='lat' dir='ltr'>Lamb.</span> <span class='ocrx_word' id='word_1_415' title='bbox 1190 2394 1429 2437; x_wconf 83' lang='lat' dir='ltr'>Mart.-Lag.</span> <span class='ocrx_word' id='word_1_416' title='bbox 1456 2395 1492 2428; x_wconf 76' lang='lat' dir='ltr'>si</span> 
     </span>
     <span class='ocr_line' id='line_1_45' title="bbox 35 2437 1488 2485; baseline 0.003 -15"><span class='ocrx_word' id='word_1_417' title='bbox 35 2438 83 2471; x_wconf 87' lang='lat' dir='ltr'>ad</span> <span class='ocrx_word' id='word_1_418' title='bbox 106 2437 236 2472; x_wconf 80' lang='lat' dir='ltr'>Sidam</span> <span class='ocrx_word' id='word_1_419' title='bbox 259 2449 352 2472; x_wconf 84' lang='lat' dir='ltr'>mar.</span> <span class='ocrx_word' id='word_1_420' title='bbox 377 2449 482 2482; x_wconf 83' lang='lat' dir='ltr'>prov.</span> <span class='ocrx_word' id='word_1_421' title='bbox 503 2444 649 2484; x_wconf 83' lang='lat' dir='ltr'>partem</span> <span class='ocrx_word' id='word_1_422' title='bbox 674 2451 710 2473; x_wconf 78' lang='lat' dir='ltr'>n.</span> <span class='ocrx_word' id='word_1_423' title='bbox 759 2440 963 2483; x_wconf 74' lang='lat' dir='ltr'>Vulgatam</span> <span class='ocrx_word' id='word_1_424' title='bbox 997 2440 1164 2474; x_wconf 81' lang='lat' dir='ltr'>defendit</span> <span class='ocrx_word' id='word_1_425' title='bbox 1189 2439 1370 2474; x_wconf 84' lang='lat' dir='ltr'>Matthiae</span> <span class='ocrx_word' id='word_1_426' title='bbox 1394 2440 1488 2485; x_wconf 82' lang='lat' dir='ltr'>Epp.</span> 
     </span>
     <span class='ocr_line' id='line_1_46' title="bbox 34 2483 1488 2530; baseline 0.003 -14"><span class='ocrx_word' id='word_1_427' title='bbox 34 2484 97 2517; x_wconf 72' lang='lat' dir='ltr'>sel.</span> <span class='ocrx_word' id='word_1_428' title='bbox 119 2496 158 2528; x_wconf 87' lang='lat' dir='ltr'>p.</span> <span class='ocrx_word' id='word_1_429' title='bbox 187 2483 262 2518; x_wconf 67' lang='lat'>123.</span> <span class='ocrx_word' id='word_1_430' title='bbox 312 2483 433 2528; x_wconf 78' lang='lat' dir='ltr'>Saue,</span> <span class='ocrx_word' id='word_1_431' title='bbox 459 2486 638 2529; x_wconf 89' lang='lat' dir='ltr'>oppidum</span> <span class='ocrx_word' id='word_1_432' title='bbox 663 2491 805 2530; x_wconf 82' lang='lat' dir='ltr'>partem</span> <span class='ocrx_word' id='word_1_433' title='bbox 831 2485 1047 2530; x_wconf 86' lang='lat' dir='ltr'>provinciae</span> <span class='ocrx_word' id='word_1_434' title='bbox 1072 2485 1169 2527; x_wconf 89' lang='lat' dir='ltr'>dici,</span> <span class='ocrx_word' id='word_1_435' title='bbox 1195 2486 1394 2519; x_wconf 80' lang='lat' dir='ltr'>absurdum</span> <span class='ocrx_word' id='word_1_436' title='bbox 1421 2494 1488 2521; x_wconf 81' lang='lat' dir='ltr'>est.</span> 
     </span>
     <span class='ocr_line' id='line_1_47' title="bbox 36 2529 1489 2567; baseline 0.003 -5"><span class='ocrx_word' id='word_1_437' title='bbox 36 2529 117 2563; x_wconf 80' lang='lat' dir='ltr'>Hoc</span> <span class='ocrx_word' id='word_1_438' title='bbox 142 2531 307 2564; x_wconf 76' lang='lat' dir='ltr'>sentiens</span> <span class='ocrx_word' id='word_1_439' title='bbox 326 2529 412 2564; x_wconf 88' lang='lat' dir='ltr'>Sch.</span> <span class='ocrx_word' id='word_1_440' title='bbox 439 2532 634 2565; x_wconf 84' lang='lat' dir='ltr'>audacter:</span> <span class='ocrx_word' id='word_1_441' title='bbox 660 2532 695 2565; x_wconf 70' lang='grc' dir='ltr'>εἰ</span> <span class='ocrx_word' id='word_1_442' title='bbox 713 2533 760 2566; x_wconf 89' lang='lat' dir='ltr'>ad</span> <span class='ocrx_word' id='word_1_443' title='bbox 773 2532 902 2566; x_wconf 77' lang='lat' dir='ltr'>Sidam</span> <span class='ocrx_word' id='word_1_444' title='bbox 921 2533 1084 2566; x_wconf 80' lang='lat' dir='ltr'>navibus.</span> <span class='ocrx_word' id='word_1_445' title='bbox 1113 2532 1309 2566; x_wconf 84' lang='lat' dir='ltr'>ORELLI.</span> <span class='ocrx_word' id='word_1_446' title='bbox 1334 2533 1489 2567; x_wconf 80' lang='lat' dir='ltr'>Liinem.</span> 
     </span>
     <span class='ocr_line' id='line_1_48' title="bbox 35 2578 1493 2623; baseline 0.004 -15"><span class='ocrx_word' id='word_1_447' title='bbox 35 2587 70 2609; x_wconf 87' lang='lat' dir='ltr'>v.</span> <span class='ocrx_word' id='word_1_448' title='bbox 105 2587 197 2609; x_wconf 85' lang='lat' dir='ltr'>mar.</span> <span class='ocrx_word' id='word_1_449' title='bbox 226 2589 264 2620; x_wconf 84' lang='lat' dir='ltr'>p.</span> <span class='ocrx_word' id='word_1_450' title='bbox 293 2587 400 2620; x_wconf 80' lang='lat' dir='ltr'>prov.</span> <span class='ocrx_word' id='word_1_451' title='bbox 431 2588 513 2611; x_wconf 89' lang='lat' dir='ltr'>unc.</span> <span class='ocrx_word' id='word_1_452' title='bbox 554 2578 683 2612; x_wconf 85' lang='grc'><strong>11161115.</strong></span> <span class='ocrx_word' id='word_1_453' title='bbox 734 2579 841 2612; x_wconf 65' lang='lat' dir='ltr'>Auel]</span> <span class='ocrx_word' id='word_1_454' title='bbox 874 2590 933 2623; x_wconf 89' lang='lat' dir='ltr'>ep.</span> <span class='ocrx_word' id='word_1_455' title='bbox 959 2579 1139 2621; x_wconf 88' lang='lat' dir='ltr'>CCXIII,</span> <span class='ocrx_word' id='word_1_456' title='bbox 1172 2581 1204 2612; x_wconf 92' lang='lat' dir='ltr'>l.</span> <span class='ocrx_word' id='word_1_457' title='bbox 1239 2578 1406 2612; x_wconf 78' lang='lat' dir='ltr'>schreibt</span> <span class='ocrx_word' id='word_1_458' title='bbox 1430 2580 1493 2614; x_wconf 94' lang='lat' dir='ltr'>Ci-</span> 
     </span>
     <span class='ocr_line' id='line_1_49' title="bbox 37 2622 1493 2669; baseline 0.004 -15"><span class='ocrx_word' id='word_1_459' title='bbox 37 2632 142 2655; x_wconf 86' lang='lat' dir='ltr'>cero:</span> <span class='ocrx_word' id='word_1_460' title='bbox 177 2622 272 2656; x_wconf 85' lang='lat' dir='ltr'>nihil</span> <span class='ocrx_word' id='word_1_461' title='bbox 305 2634 362 2656; x_wconf 89' lang='lat' dir='ltr'>me</span> <span class='ocrx_word' id='word_1_462' title='bbox 388 2623 456 2658; x_wconf 74' lang='lat' dir='ltr'>tibi</span> <span class='ocrx_word' id='word_1_463' title='bbox 491 2624 634 2667; x_wconf 80' lang='lat' dir='ltr'>gratius</span> <span class='ocrx_word' id='word_1_464' title='bbox 666 2625 789 2658; x_wconf 86' lang='lat' dir='ltr'>facere</span> <span class='ocrx_word' id='word_1_465' title='bbox 814 2635 946 2669; x_wconf 80' lang='lat' dir='ltr'>posse,</span> <span class='ocrx_word' id='word_1_466' title='bbox 974 2635 1082 2667; x_wconf 87' lang='lat' dir='ltr'>quam</span> <span class='ocrx_word' id='word_1_467' title='bbox 1107 2624 1138 2658; x_wconf 81' lang='lat' dir='ltr'>si</span> <span class='ocrx_word' id='word_1_468' title='bbox 1164 2625 1212 2657; x_wconf 89' lang='lat' dir='ltr'>ad</span> <span class='ocrx_word' id='word_1_469' title='bbox 1236 2624 1366 2658; x_wconf 82' lang='lat' dir='ltr'>Sidam</span> <span class='ocrx_word' id='word_1_470' title='bbox 1389 2626 1493 2660; x_wconf 76' lang='lat' dir='ltr'>navi-</span> 
     </span>
     <span class='ocr_line' id='line_1_50' title="bbox 38 2668 1494 2717; baseline 0.003 -16"><span class='ocrx_word' id='word_1_471' title='bbox 38 2678 193 2710; x_wconf 75' lang='lat' dir='ltr'>gassem.</span> <span class='ocrx_word' id='word_1_472' title='bbox 253 2668 345 2702; x_wconf 71' lang='lat' dir='ltr'>Sida</span> <span class='ocrx_word' id='word_1_473' title='bbox 377 2672 517 2712; x_wconf 71' lang='grc' dir='ltr'>(Σίδῃ),</span> <span class='ocrx_word' id='word_1_474' title='bbox 554 2670 637 2704; x_wconf 84' lang='lat' dir='ltr'>eine</span> <span class='ocrx_word' id='word_1_475' title='bbox 669 2670 871 2704; x_wconf 78' lang='lat' dir='ltr'>Aeolisclie</span> <span class='ocrx_word' id='word_1_476' title='bbox 905 2671 1136 2704; x_wconf 76' lang='lat' dir='ltr'>Pssanzstadt</span> <span class='ocrx_word' id='word_1_477' title='bbox 1173 2670 1210 2703; x_wconf 89' lang='lat' dir='ltr'>in</span> <span class='ocrx_word' id='word_1_478' title='bbox 1244 2670 1494 2717; x_wconf 83' lang='lat' dir='ltr'>Pamphylien</span> 
     </span>
     <span class='ocr_line' id='line_1_51' title="bbox 40 2713 1494 2759; baseline 0.005 -12"><span class='ocrx_word' id='word_1_479' title='bbox 40 2713 103 2748; x_wconf 79' lang='lat' dir='ltr'>mit</span> <span class='ocrx_word' id='word_1_480' title='bbox 139 2714 259 2749; x_wconf 88' lang='lat' dir='ltr'>einem</span> <span class='ocrx_word' id='word_1_481' title='bbox 292 2722 406 2759; x_wconf 77' lang='lat' dir='ltr'>guten</span> <span class='ocrx_word' id='word_1_482' title='bbox 444 2716 575 2750; x_wconf 80' lang='lat' dir='ltr'>Hafen.</span> <span class='ocrx_word' id='word_1_483' title='bbox 626 2716 704 2751; x_wconf 75' lang='lat' dir='ltr'>Auf</span> <span class='ocrx_word' id='word_1_484' title='bbox 741 2716 848 2751; x_wconf 85' lang='lat' dir='ltr'>ihren</span> <span class='ocrx_word' id='word_1_485' title='bbox 884 2717 1046 2751; x_wconf 76' lang='lat' dir='ltr'>Munzen</span> <span class='ocrx_word' id='word_1_486' title='bbox 1079 2717 1251 2752; x_wconf 66' lang='lat' dir='ltr'>Minerva</span> <span class='ocrx_word' id='word_1_487' title='bbox 1284 2716 1349 2751; x_wconf 76' lang='lat' dir='ltr'>mit</span> <span class='ocrx_word' id='word_1_488' title='bbox 1374 2718 1494 2754; x_wconf 84' lang='lat' dir='ltr'>einem</span> 
     </span>
    </p>
   </div>
  </div>
 </body>
</html>
