1795 3043
194 64 297 118 272
453 61 519 111 M.
553 62 609 110 Τ.
646 60 985 112 CICERONIS
1019 63 1391 113 EPISTOLAE.

195 179 264 218 tus
292 188 403 216 sum:
441 177 714 228 posteaquam
747 175 869 218 illum
906 189 960 218 ne
999 177 1070 218 cui
1100 178 1364 220 satisfaceret
1392 177 1560 231 quidem
1587 190 1657 221 me

195 234 367 287 dignum
407 233 564 274 habere
602 235 736 286 sensi,
772 234 902 275 malui
931 236 1121 288 collegae
1149 236 1262 285 eius,
1299 237 1462 277 homini
1490 238 1657 278 alienis-

196 293 303 332 simo
332 290 435 330 mihi
465 293 507 331 et
535 293 709 344 propter
737 291 966 333 amicitiam
995 294 1111 333 tuam
1148 305 1232 334 non
1275 295 1550 346 aequissimo,
1587 306 1657 335 me

197 349 408 400 obligare,
453 361 578 400 quam
613 349 731 390 illius
770 350 916 400 simiae
944 351 1108 390 vultum
1143 351 1299 392 subire.
1357 351 1406 391 Id
1434 353 1657 404 postquam

195 406 357 456 resciit,
386 406 613 447 excanduit
640 408 682 446 et
710 419 776 448 me
806 419 974 447 causam
1002 407 1321 449 inimicitiarum
1345 420 1550 460 quaerere
1572 410 1658 450 cla-

196 462 381 515 mitavit,
428 466 495 516 ut,
539 465 574 504 si
615 465 719 504 mihi
759 465 804 504 in
843 465 1026 516 pecunia
1068 465 1209 506 minus
1250 465 1539 514 satisfecisset,
1580 477 1658 519 per

196 520 309 562 hanc
337 520 523 573 speciem
553 522 778 562 simultatis
807 534 902 561 eum
931 523 1212 563 consectarer.
1269 523 1423 564 Postea
1466 535 1552 563 non
1589 523 1660 563 de-

195 577 304 618 stitit
332 590 545 619 arcessere
573 579 720 619 Polam
746 578 952 631 Servium,
982 582 1284 628 accusatorem,
1316 580 1428 620 inire
1456 592 1553 621 cum
1576 579 1661 620 Do-

146 645 175 685 3
197 635 314 676 mitio
353 636 544 677 consilia.
618 636 779 683 Quibus
818 648 948 686 quum
984 649 1136 689 parum
1174 637 1444 690 procederet,
1484 638 1532 677 ut
1568 637 1660 677 ulla

196 694 291 744 lege
319 693 424 733 mihi
455 696 661 745 ponerent
688 695 991 741 accusatorem,
1024 695 1271 747 compellari
1301 707 1351 734 ea
1379 696 1473 748 lege
1502 706 1568 734 me
1588 705 1660 734 vo-

197 750 392 798 luerunt,
433 762 518 801 qua
555 749 697 790 dicere
735 762 820 790 non
850 752 1067 802 poterantt
1109 751 1426 803 insolentissimi
1453 751 1662 803 homines,

195 809 370 847 summis
402 807 671 848 Circensibus
699 807 809 847 ludis
839 807 966 859 meis,
995 809 1294 860 postulandum
1322 822 1389 849 me
1418 810 1511 862 lege
1532 809 1662 849 Scan-

196 865 305 905 tinia
334 867 496 905 curant.
529 865 608 905 Vix
636 865 718 905 hoc
748 866 838 905 erat
855 865 961 905 Pola
980 866 1184 914 elocutus,
1215 878 1343 917 quum
1374 878 1449 919 ego
1471 867 1662 919 Appium

197 933 416 962 censorem
444 921 589 962 eadem
618 923 710 975 lege
740 923 961 974 postulavi.
1021 923 1141 971 Quod
1179 923 1330 962 melius
1365 923 1557 976 caderet,
1597 922 1664 963 ni-

196 979 261 1019 hil
291 980 390 1022 vidi.
447 978 555 1020 Nam
591 979 654 1020 sic
691 982 753 1019 est
794 993 819 1019 a
847 981 1006 1032 populo
1035 982 1076 1020 et
1104 992 1190 1021 non
1220 978 1364 1020 infimo
1395 992 1560 1031 quoque
1590 993 1663 1031 ap-

196 1037 439 1089 probatum,
480 1037 528 1075 ut
562 1037 762 1077 maiorem
791 1035 931 1089 Appio
962 1037 1152 1078 dolorem
1179 1038 1314 1086 fama,
1358 1049 1484 1089 quam
1522 1039 1664 1090 postu-

195 1095 322 1143 latio,
364 1093 566 1134 attulerit.
625 1094 853 1134 Praeterea
889 1094 1011 1146 coepi
1052 1095 1279 1144 sacellum,
1317 1094 1362 1134 in
1398 1095 1519 1134 domo
1550 1092 1663 1145 quod

198 1205 458 1240 0RELL1.—
494 1204 554 1238 cui
583 1204 831 1247 satisfaceret,
867 1203 952 1238 dass
985 1216 1026 1238 er
1059 1205 1157 1239 mich
1190 1205 1292 1239 nicht
1322 1205 1382 1238 fiir
1406 1203 1529 1248 werth
1554 1203 1661 1243 hielt,

195 1252 294 1287 mich
320 1250 512 1285 zufrieden
530 1260 574 1283 zu
591 1251 737 1284 stellen.
764 1251 888 1284 Ueber
912 1250 975 1294 qui
1001 1262 1032 1285 c,
1061 1252 1158 1285 coni.
1186 1252 1280 1285 nach
1305 1252 1442 1293 dignus
1464 1250 1660 1285 s.Ramsh.

196 1299 225 1344 §.
245 1299 324 1341 184,
341 1299 373 1331 5.
403 1297 547 1330 Grotef.
583 1296 610 1338 §.
626 1298 704 1331 403.
728 1316 773 1321 —
810 1297 975 1338 collegae
999 1297 1077 1330 eius
1102 1298 1140 1331 in
1164 1308 1341 1339 censura,
1374 1298 1417 1331 L.
1442 1296 1591 1331 Pisoni.
1616 1314 1663 1321 -·

193 1348 346 1390 propter
370 1344 476 1377 amic.
504 1347 622 1385 tuam,
656 1343 704 1376 ob
730 1342 975 1376 inveteratum
991 1343 1144 1378 Pisonis
1170 1355 1259 1387 erga
1276 1344 1496 1377 Ciceronem
1521 1342 1661 1376 odium.

195 1392 305 1427 SCH.
324 1410 369 1415 —
415 1400 520 1434 quam
548 1415 556 1423 .
573 1415 581 1423 .
609 1389 751 1432 subire,
783 1390 838 1423 als
871 1389 954 1423 dem
979 1391 1089 1424 Affen
1115 1397 1223 1424 unter
1249 1390 1313 1423 das
1340 1389 1515 1431 Gesicht,
1555 1394 1664 1422 unter

197 1438 260 1472 die
289 1439 416 1481 Augen
444 1442 575 1469 treten.
599 1455 643 1460 —
678 1436 712 1469 εἰ
738 1461 771 1469 ..
799 1436 943 1479 satisfi,
976 1447 1086 1470 wenn
1120 1447 1161 1470 er
1196 1436 1268 1470 mir
1298 1437 1334 1470 in
1362 1435 1519 1469 meinem
1545 1434 1664 1469 Geld-

196 1485 338 1529 gesuch
363 1483 466 1516 nicht
491 1482 587 1515 noch
618 1482 731 1515 sollte
761 1482 969 1526 winffihrig
999 1483 1091 1516 sein.
1109 1502 1154 1508 —
1193 1487 1421 1516 consectarer
1456 1493 1525 1526 pro
1563 1481 1664 1515 inse-

196 1539 329 1565 ctarer.
368 1529 431 1564 Sic
450 1528 672 1562 clamoribus
697 1532 730 1561 et
755 1529 932 1562 conviciis
956 1532 989 1562 et
1012 1530 1134 1562 sibilis
1159 1530 1363 1562 consectari
1389 1540 1447 1573 ep.
1463 1529 1519 1562 44.
1545 1526 1661 1562 ERN.

196 1596 241 1603 —
274 1586 456 1610 arcessere
481 1585 526 1608 zu
552 1573 630 1608 sich
656 1575 827 1607 kommen
853 1585 896 1608 zu
924 1575 1061 1610 lassen.
1105 1575 1235 1609 Polam
1259 1576 1440 1618 Servium,
1466 1574 1529 1618 qui
1555 1584 1665 1607 accu-

194 1623 360 1660 sationes
385 1621 595 1662 factitabat,
628 1620 698 1654 den
731 1620 860 1654 immet·
891 1621 1051 1665 fertigen
1077 1622 1270 1664 Ankliiger
1293 1623 1339 1656 P.
1367 1621 1405 1656 S.
1427 1641 1473 1646 —
1508 1621 1605 1654 inire
1626 1631 1662 1654 c.

196 1671 244 1705 D.
270 1681 324 1713 c.,
356 1669 421 1703 mit
446 1668 530 1701 dem
556 1668 665 1701 Dom.
692 1668 812 1701 Plane
837 1678 958 1711 gegen
984 1668 1081 1702 mich
1107 1678 1153 1702 zu
1179 1667 1404 1702 schmieden.

287 1718 320 1751 3.
347 1719 386 1748 ut
411 1741 419 1749 .
438 1741 445 1748 .
463 1741 471 1748 .
496 1724 623 1758 pomer.
650 1717 827 1753 accusat.‚
865 1714 924 1747 ein
952 1714 1090 1748 Gesetz
1124 1725 1169 1748 zu
1195 1714 1341 1757 finden,
1374 1716 1552 1757 vermtige
1577 1712 1663 1747 des-

197 1773 263 1798 sen
297 1762 352 1797 sie
386 1761 494 1794 einen
519 1760 713 1803 Anklager
743 1771 862 1804 gegen
896 1759 995 1794 mich
1025 1761 1222 1794 aufstellen
1255 1760 1428 1794 konnten.
1448 1779 1492 1784 -
1531 1770 1662 1803 comp„

194 1810 392 1852 belangen.
415 1827 458 1832 —
495 1818 564 1851 qua
596 1807 738 1848 dicere,
777 1807 823 1840 de
849 1806 938 1840 Ern.
967 1807 1064 1840 coni.
1092 1806 1179 1841 Sch.
1211 1818 1281 1851 qua
1305 1807 1379 1850 ipsi
1404 1807 1524 1839 dicere
1549 1817 1582 1839 n.
1607 1816 1662 1849 p.‚

196 1855 224 1891 i.
252 1867 285 1890 e.
312 1865 385 1898 qua
410 1854 494 1897 lege
527 1853 559 1887 si
592 1853 650 1886 rei
679 1852 833 1895 fierent,
875 1852 949 1897 ipsi
974 1864 1047 1886 non
1073 1861 1227 1897 possent
1251 1865 1291 1887 se
1317 1852 1529 1886 defendere.
1577 1851 1664 1885 Fir-

197 1908 298 1937 mant
322 1899 517 1944 sequentia
549 1899 595 1932 de
621 1899 747 1943 Appio
779 1910 822 1932 ea
853 1899 938 1942 lege
963 1900 1202 1944 compellato,
1228 1900 1318 1933 Ern.
1366 1910 1471 1942 „was
1502 1898 1563 1932 ich
1593 1907 1664 1931 nur

196 1958 321 1993 gegen
344 1947 410 1981 ,sie
443 1946 559 1981 selbst
585 1956 629 1979 zu
655 1946 798 1979 kehren
832 1946 1028 1989 brauchte,
1062 1957 1122 1979 um
1155 1946 1211 1980 sie
1242 1954 1372 1979 stumm
1405 1956 1449 1978 zu
1476 1944 1664 1979 machen.''

197 2005 326 2029 summ.
354 1994 452 2027 Circ.
480 1993 598 2035 ludis,
632 2003 686 2025 am
721 1992 859 2025 letzten
891 1992 997 2035 Tage
1029 1992 1170 2025 meiner
1201 1992 1485 2027 Circensiscben
1517 1991 1662 2036 Spiele,

198 2041 379 2076 extremis
404 2037 577 2073 ludorum
597 2038 828 2073 Circensium
853 2049 873 2071 a
889 2038 1020 2073 Caelio
1046 2038 1161 2072 aedili
1185 2039 1365 2073 factorum
1383 2038 1530 2071 diebus.
1562 2039 1665 2080 Age-

199 2088 335 2122 bantur
367 2093 486 2120 autem
519 2085 713 2120 Circenses
747 2096 872 2118 mense
904 2084 1128 2129 Septembri.
1155 2084 1261 2119 SCH.
1287 2104 1332 2109 —
1371 2084 1452 2125 lege
1482 2083 1662 2117 Scatinia.

198 2134 296 2169 Lata
319 2132 364 2166 ab
390 2132 519 2166 Aricio
553 2131 719 2166 Scatinio
755 2131 906 2165 tribuno
937 2132 977 2164 in
1007 2131 1135 2164 molles
1167 2135 1200 2164 et
1231 2130 1473 2173 effeminatos,
1508 2129 1571 2173 qui
1601 2140 1664 2162 ne·-

199 2180 314 2224 fanda
339 2188 465 2212 venere
490 2181 676 2211 uterentur
701 2178 734 2210 h.
751 2188 782 2211 e.
811 2184 872 2211 aut
896 2177 969 2222 ipsi
994 2177 1192 2210 muliebria
1216 2182 1432 2222 paterentur
1457 2183 1519 2209 aut
1535 2174 1663 2220 pueris

199 2227 276 2261 vim
305 2226 492 2267 facerent,
527 2224 662 2267 quibus
697 2235 855 2268 poenam
892 2224 1018 2257 decem
1057 2223 1213 2257 millium
1245 2234 1436 2256 numorum
1468 2222 1663 2256 statuebat.

200 2272 318 2309 ERN.
364 2272 510 2314 Wegen
545 2270 612 2303 der
645 2270 878 2314 damahligen
912 2269 1206 2313 Allgemeinheit
1235 2269 1385 2302 solcher
1415 2269 1549 2302 Laster
1578 2268 1664 2302 kam

202 2320 269 2354 das
294 2317 526 2354 Scatinische
551 2316 688 2350 Gesetz
718 2317 819 2350 nicht
852 2317 956 2350 recht
987 2327 1054 2350 zur
1085 2315 1343 2358 Anwendung.
1403 2315 1509 2348 Aucb
1543 2314 1664 2348 diess-

201 2366 302 2400 mabl
326 2364 430 2398 blieb
461 2374 501 2397 es
533 2363 598 2396 auf
618 2362 753 2396 beiden
779 2363 909 2398 Seiten
933 2362 995 2396 bei
1020 2363 1088 2395 der
1113 2362 1263 2395 blossen
1289 2361 1560 2395 infamirenden
1583 2360 1665 2394 De-

201 2411 487 2446 nunciation.—
513 2409 646 2453 postul.
671 2420 765 2443 me..
781 2413 924 2451 curant,
949 2407 1004 2442 sie
1030 2409 1151 2441 lassen
1178 2408 1248 2441 den
1270 2408 1408 2442 Prator
1432 2419 1491 2441 um
1517 2406 1578 2440 die
1591 2406 1665 2440 Er-

202 2457 371 2492 laubniss
395 2456 532 2496 bitten‚
566 2455 661 2488 mich
692 2458 868 2499 verinoge
903 2455 968 2488 des
994 2453 1249 2488 Scatinischen
1277 2454 1455 2488 Gesetzes
1479 2453 1665 2496 anklagen

203 2514 252 2539 zu
277 2504 422 2538 durfen.
441 2522 486 2527 —
526 2502 628 2537 Quod
652 2502 781 2534 melius
806 2501 948 2535 caderet
973 2507 1040 2534 cet.
1087 2500 1188 2543 „Nie
1221 2501 1302 2534 hab'
1337 2501 1398 2534 ich
1422 2500 1547 2534 Etwas
1579 2499 1664 2532 eine

201 2551 358 2586 bessere
384 2548 573 2592 Wirkung
599 2548 686 2581 thun
712 2548 861 2581 seben.''
878 2565 923 2571 —-
968 2551 1000 2580 et
1022 2558 1068 2579 =
1092 2552 1129 2580 et
1155 2546 1303 2590 quidem
1335 2557 1406 2579 non
1429 2546 1552 2588 infimo
1577 2555 1665 2587 quo-

203 2607 285 2641 que,
310 2595 384 2630 und
410 2606 510 2629 zwar
534 2594 637 2628 nicht
662 2601 756 2627 etwa
777 2594 879 2626 bloss
903 2603 975 2625 von
994 2593 1061 2626 der
1077 2593 1308 2636 niedrigsten
1325 2594 1524 2627 Classe.——
1547 2592 1663 2634 fama,
1774 2560 1778 2639 Ι

204 2643 272 2677 das
297 2641 512 2676 offentliche
539 2640 698 2676 Gerede.
742 2639 814 2673 Ein
840 2639 986 2673 Aedilis
1012 2639 1162 2673 Curulis
1195 2639 1324 2683 klagte
1357 2639 1464 2672 einen
1490 2637 1666 2671 Censor
1775 2642 1778 2672 1

205 2689 355 2724 solcher
382 2688 628 2724 Verbrechen
652 2686 785 2720 3112-
830 2686 988 2730 posted„
1022 2685 1083 2719 die
1109 2685 1392 2719 Denuntiation.
1410 2703 1455 2710 —-
1492 2683 1667 2717 sacellum

207 2735 312 2779 quasi
345 2734 449 2779 quod
483 2734 673 2781 publicum
704 2739 803 2767 esset
834 2743 876 2767 ac
907 2732 1002 2766 male
1045 2739 1294 2777 occuparetur
1327 2742 1347 2766 a
1381 2730 1538 2776 privato.
1579 2729 1665 2765 Liv.
