1795 3043
445 48 761 100 EPISTOLA
799 49 1133 100 ccmvm.
1419 57 1518 107 145

47 163 247 216 quaestor
276 161 444 211 habeat,
476 174 560 203 non
591 174 684 202 sum
713 162 886 215 ignarus
905 180 963 196 ⁴—-
999 174 1077 217 per
1105 166 1149 205 te
1177 176 1304 217 quam
1336 165 1518 207 maxime

6 201 8 271 f
47 221 261 260 defensam
291 221 333 260 et
355 221 521 260 auctam
539 221 656 260 velis.
696 220 744 259 Id
769 233 897 272 quum
917 222 1023 262 mihi
1044 223 1327 274 gratissimum
1346 222 1518 276 feceris,

6 274 8 333 ζ
45 279 136 318 tum
166 276 275 317 illud
303 277 381 317 tibi
412 278 608 328 expertus
636 277 837 330 promitto
868 279 909 317 et
929 279 1127 330 spondeo,
1157 281 1199 319 te
1217 280 1352 320 socios
1370 280 1515 333 Bithy-

6 339 7 386 }
45 336 155 388 niae,
185 335 220 375 si
249 333 303 375 iis
333 333 624 383 commodaris,
653 346 861 374 memores
891 345 981 375 esse
1012 336 1053 375 et
1069 337 1210 389 gratos
1228 338 1511 390 cogniturum.

7 112 12 138 l

165 504 481 554 EPISTOLA
516 503 851 552 ccxxxvlll.
922 504 1004 564 (ad
1036 506 1143 553 Div.
1179 507 1276 554 XV.
1313 509 1384 568 4.)

280 592 376 638 (Ser.
404 590 514 627 initio
539 591 705 628 Ianuarii
729 594 774 628 A.
802 592 846 628 U.
874 591 914 628 C.
942 593 1020 629 704.
1050 595 1098 638 (a.
1126 594 1168 630 C.
1194 595 1270 639 50.)

42 662 119 698 Res
142 670 164 698 a
186 672 228 698 se
258 662 297 697 in
331 661 527 707 provincia
550 667 675 706 gestas
701 661 869 707 exponit.
896 663 917 697 1
933 680 976 689 -
992 663 1047 697 10.
1081 668 1119 698 et
1142 669 1183 697 ut
1216 663 1255 698 in
1280 669 1410 700 senatu
1435 663 1511 702 sibi

7 706 9 715 '
260 708 571 754 supplicationem
598 709 792 749 decernat,
827 708 941 744 enixe
967 715 1087 754 rogat.
1113 711 1216 745 11—-
1233 711 1291 747 16.

343 787 396 823 M.
425 788 614 822 CICERO
640 788 745 823 IMP.
774 787 814 824 S.
840 787 891 824 D.
917 788 968 825 M.
1000 789 1202 826 CATONI.

8 910 9 914 Ἰ
154 858 327 899 Summa
356 860 431 899 tua
459 858 690 900 auctoritas
719 859 823 899 fecit
849 871 1073 912 meumque
1091 862 1343 914 perpetuum
1365 859 1416 902 de
1435 863 1511 903 tua.

8 947 11 963 ,
43 915 249 969 singulari
278 917 436 957 virt-ute
464 917 683 964 iudicium,
718 918 765 957 ut
793 918 934 969 magni
962 930 1055 958 mea
1083 918 1287 959 interesse
1316 920 1510 971 putarem

43 974 85 1013 et
113 985 181 1013 res
210 986 303 1022 eas,
341 986 444 1025 quas
474 974 713 1026 gessissem,
753 973 833 1013 tibi
862 975 983 1014 notas
1014 987 1103 1014 esse
1134 977 1176 1015 et
1203 987 1288 1015 non
1318 976 1509 1027 ignorari

6 1031 11 1081 »ᾗ
43 1042 68 1071 a
97 1031 153 1078 te,
187 1042 270 1082 qua
300 1031 509 1082 aequitate
539 1032 580 1070 et
610 1030 874 1071 continentia
900 1033 1044 1071 tuerer
1066 1033 1202 1072 socios
1225 1033 1509 1084 provinciam-

10 1087 12 1133 ζ
43 1098 125 1138 que
155 1087 500 1127 administrarem.
556 1088 614 1127 lis
643 1089 753 1128 enim
783 1101 808 1128 a
836 1089 879 1127 te
908 1088 1109 1141 cognitis,
1138 1089 1376 1129 arbitrabar
1406 1091 1508 1130 faci-

10 1173 11 1191 2
41 1145 124 1184 lius
153 1156 220 1184 me
249 1144 348 1194 tibi,
387 1157 495 1196 quae
522 1146 701 1197 vellem,
741 1144 1029 1197 probaturum.
1100 1146 1236 1194 Quum
1263 1146 1306 1186 in
1337 1147 1507 1198 provin·
1529 1154 1558 1195 2

10 1197 13 1247 ]
42 1201 152 1242 ciam
181 1201 320 1253 pridie
352 1202 447 1241 Kal.
473 1202 587 1244 Sext.
614 1202 824 1243 venissem
854 1204 897 1243 et
926 1203 1100 1255 propter
1129 1204 1231 1243 anni
1259 1205 1424 1256 tempus
1455 1204 1508 1244 ad

7 1258 13 1313 ζ
41 1259 275 1298 exercitum
308 1259 418 1298 mihi
465 1259 690 1299 confestim
733 1271 823 1299 esse
861 1260 1043 1299 eundum
1079 1259 1288 1310 viderem,
1328 1260 1507 1301 biduum

11 1318 13 1335 ¹
41 1315 276 1355 Laodiceae
304 1315 382 1362 fui,
415 1314 565 1355 deinde
588 1316 798 1368 Apameae
828 1317 1110 1368 quatriduum,
1141 1317 1326 1357 triduum
1348 1318 1508 1372 Synna-

42 1371 120 1419 dis,
150 1371 323 1411 totidem
351 1371 440 1411 dies
458 1372 714 1412 Philomelii.
761 1372 923 1420 Quibus
950 1374 995 1413 in
1026 1373 1192 1425 oppidis
1219 1387 1347 1426 quum
1367 1375 1507 1428 magni

42 1431 272 1470 conventus
300 1428 497 1481 fuissent,
532 1430 686 1469 multas
727 1429 923 1470 civitates
953 1430 1235 1470 acerbissimis
1265 1431 1436 1471 tributis
1466 1436 1508 1472 et

16 1486 296 1539 gravissimis
330 1486 467 1525 usuris
505 1487 547 1525 et
582 1487 688 1526 falso
727 1497 825 1525 aere
861 1487 1001 1526 alieno
1031 1486 1225 1527 liberavi.
1285 1488 1508 1540 Quumque

15 1545 17 1593 g
42 1545 141 1583 ante
172 1543 395 1583 adventum
422 1554 560 1583 meum
589 1541 797 1582 seditione
835 1543 1014 1596 quadam
1044 1545 1258 1585 exercitus
1286 1547 1395 1586 esset
1424 1546 1506 1587 dis-

42 1688 204 1724 Quastor
237 1686 301 1720 das
333 1685 370 1720 in
403 1686 528 1720 seiner
559 1686 709 1721 Gewalt
737 1684 854 1730 habe;
889 1685 964 1720 wie
995 1686 1071 1721 viel
1103 1698 1177 1721 von
1202 1687 1279 1722 ihm
1305 1688 1415 1723 dabei
1440 1689 1506 1723 ab·

16 1730 173 1777 lhange.
196 1751 241 1757 -
280 1733 350 1775 def.
384 1737 417 1765 et
451 1737 545 1767 auct.
570 1733 681 1776 velis,
718 1734 895 1768 schutzen
928 1732 1003 1767 und
1027 1734 1228 1768 befordern
1252 1736 1414 1769 wollest.
1463 1735 1503 1771 S.

18 1780 187 1816 LRamsh.
214 1779 241 1822 §.
260 1781 339 1821 171,
357 1779 407 1818 11,
434 1782 481 1823 A,
496 1779 528 1813 2.
565 1779 710 1813 Grotef.
748 1780 776 1822 §.
795 1779 873 1814 324.
902 1780 1012 1813 Auni.
1033 1800 1075 1804 —
1123 1784 1309 1824 expertus,
1344 1792 1408 1815 aus
1433 1782 1506 1815 Ei·-

19 1827 213 1869 lahrung.
247 1825 285 1860 S.
313 1825 464 1859 Ramsh.
501 1826 529 1868 ἕ.
548 1827 634 1869 171,
660 1825 738 1866 111,
762 1826 807 1869 2,
828 1827 862 1861 3.
882 1845 924 1850 —
961 1826 1021 1860 iz'S.
1053 1826 1131 1861 Md.
1159 1828 1259 1861 Crat.
1287 1827 1391 1864 Vict.
1414 1829 1446 1862 1.
1468 1829 1502 1864 2.

18 1874 20 1925 '¹
42 1872 111 1907 his.
137 1891 181 1897 -
211 1882 404 1916 memores,
431 1871 678 1906 erkenntlich.
730 1872 865 1916 Vergl.
893 1872 957 1906 das
981 1873 1089 1906 Ende
1114 1874 1179 1907 des
1205 1873 1326 1918 vorig.
1352 1874 1418 1908 ΒΥ.

19 1960 20 1965 ,
133 1929 339 1963 CATONI.
388 1928 427 1963 S.
456 1939 500 1962 zu
527 1940 584 1974 ep.
611 1928 753 1963 CCXII
784 1928 833 1962 im
855 1929 938 1964 Ans.
985 1929 1126 1964 Dieser
1160 1930 1271 1964 Brief
1300 1931 1349 1964 ist
1384 1931 1430 1965 A.
1458 1931 1504 1967 U.

13 1972 109 2011 111704
139 1982 250 2009 unter
283 1975 365 2008 dem
397 1976 597 2009 Consulate
628 1975 694 2009 des
720 1974 764 2008 L.
790 1975 975 2009 Aemilius
1000 1976 1157 2010 Paullus
1188 1987 1224 2010 u.
1252 1977 1293 2011 C.
1324 1977 1505 2014 Claudius

14 2015 21 2058 ὲ]
43 2022 245 2058 Marcellus
270 2021 527 2065 geschrieben.
570 2022 662 2064 Vgl.
691 2020 805 2055 damit
829 2032 887 2066 ep.
903 2022 982 2056 228.
1001 2022 1068 2055 222
1094 2034 1127 2056 u.
1147 2023 1227 2057 226.

14 2071 21 2085 ¹¹
134 2069 166 2102 l.
192 2069 249 2101 Iis
272 2068 378 2101 enim.
409 2067 472 2101 Sic
488 2067 566 2102 Md.
592 2068 692 2103 vict.
706 2068 739 2101 2.
768 2067 824 2100 his
839 2069 934 2102 Cett.
956 2068 1087 2101 OR.-
1120 2069 1176 2102 Its
1195 2095 1204 2102 .
1221 2094 1228 2102 .
1245 2095 1254 2103 .
1273 2080 1295 2102 a
1319 2072 1352 2102 te
1374 2069 1506 2112 cogni-

44 2114 105 2156 tis,
130 2125 238 2148 wenn
263 2115 325 2148 Du
351 2114 555 2148 Kenntniss
580 2113 702 2147 davon
728 2114 916 2157 erhalten3
949 2114 1053 2148 diese
1072 2115 1276 2149 Kenntniss
1301 2127 1505 2160 vorausge-

21 2184 24 2190 ·
45 2166 151 2195 setzt.
202 2160 240 2194 S.
266 2160 416 2194 Ramsh.
444 2161 472 2204 §.
494 2162 572 2202 171,
597 2160 643 2203 B,
664 2160 736 2203 III,
752 2160 785 2202 2,
805 2160 840 2193 b.
868 2171 904 2195 u.
922 2161 1056 2195 172.-
1076 2162 1319 2205 probaturum
1338 2162 1361 2196 i.
1385 2173 1415 2196 e.
1436 2163 1505 2195 im-

73 2212 273 2240 etraturum
303 2217 325 2239 a
356 2212 413 2249 te,
450 2212 489 2240 ut
519 2205 779 2250 suffragareris
811 2206 945 2241 honori
978 2218 1083 2251 meo,
1124 2208 1185 2242 die
1217 2208 1505 2252 Genehmigung

43 2218 213 2295 gessen,
243 2262 321 2285 was
347 2252 406 2284 ich
429 2253 563 2296 suche,
594 2264 667 2287 von
692 2253 766 2286 Dir
791 2262 836 2285 zu
863 2253 1043 2286 erhalten.

0 2324 2 2331 .
135 2298 168 2331 2.
199 2298 301 2341 prid.
326 2298 416 2332 Kal.
442 2299 561 2343 Sext„
593 2310 649 2333 am
672 2301 717 2335 31
743 2298 803 2333 od.
829 2299 968 2332 letzten
994 2298 1126 2333 Iulius.
1177 2298 1217 2334 S.
1245 2311 1303 2345 ep.
1324 2301 1402 2335 207.
1423 2301 1502 2334 208.

0 2347 24 2377 τὲ
46 2362 92 2370 -
118 2347 240 2388 propt.
267 2345 354 2376 anni
378 2348 480 2389 temp.
497 2371 507 2388 ,
536 2345 624 2388 quia
647 2346 746 2378 bona
769 2355 856 2390 pars
882 2345 1033 2379 aestatis
1059 2351 1139 2379 erat
1164 2345 1234 2379 iarn
1261 2347 1401 2393 elapsa,
1427 2358 1506 2380 we-

0 2393 119 2437 ·{:gen
144 2391 258 2423 sehon
292 2400 333 2423 so
359 2391 450 2424 weit
480 2392 751 2435 vorgeriickter
776 2391 971 2425 Iahrszeit.
993 2410 1035 2416 —-
1070 2392 1218 2425 biduum
1242 2393 1322 2426 scil.
1351 2399 1503 2434 tantum,

0 2444 128 2482 quur.
151 2455 193 2460 —
225 2440 416 2469 conventus
445 2437 607 2471 iuridici.
658 2438 711 2472 Er
744 2437 838 2471 hielt
868 2437 950 2470 hier
981 2437 1046 2471 das
1072 2438 1321 2481 Obergericht
1356 2439 1412 2471 ab.
1464 2438 1502 2473 S.

24 2483 251 2525 lCCVII,l.
278 2482 451 2525 CCVIII,
466 2483 498 2516 2.
527 2485 718 2527 CCXXII,
734 2485 768 2517 5.
797 2484 1007 2526 CCXXVI,
1025 2484 1057 2517 2.
1072 2486 1105 2520 3.
1134 2484 1384 2520 CCXXVIII.
1412 2484 1507 2517 iiber

0 2541 7 2563 1
49 2529 110 2562 die
135 2529 238 2573 Tage
263 2528 385 2562 seines
410 2529 645 2563 Aufenthalts
669 2530 706 2563 in
733 2530 862 2563 diesen
885 2529 1051 2564 Stadten.
1068 2550 1106 2555 —
1134 2530 1295 2573 tributis,
1320 2529 1504 2572 Auflagen

2 2575 125 2619 ,fbes.
153 2586 211 2608 um
239 2574 299 2608 die
324 2575 464 2608 Kosten
491 2575 558 2608 dei·
582 2575 802 2610 Statthalter
826 2586 872 2610 zu
908 2576 1126 2610 bestreiten.
1149 2595 1191 2600 —
1234 2576 1378 2618 usuris,
1411 2577 1506 2609 VVu-

0 2633 7 2655 ’.
26 2649 27 2654 ,
50 2621 282 2663 cherzinsen,
307 2621 450 2654 welche
476 2620 537 2654 die
552 2622 816 2666 Negotiatores
841 2621 1061 2656 eintrieben.
1089 2622 1127 2656 S.
1149 2622 1343 2666 ep.CCLI.
1359 2622 1504 2658 CCLV:

0 2676 28 2702 r:
51 2673 312 2711 quaternarum
337 2667 619 2701 centesimarum
650 2679 730 2702 cum
762 2668 999 2701 anatocismo.
1032 2668 1127 2712 Nep.
1150 2669 1283 2712 XXV,
1301 2669 1335 2702 2.
1355 2687 1402 2694 —-
1432 2669 1508 2711 fal-

0 2714 31 2753 [ιζ
51 2723 128 2747 sum
152 2723 212 2747 aes
236 2713 413 2756 alienum,
445 2713 642 2748 salschlich
666 2714 935 2758 ausgebiirdete
959 2713 1148 2749 Schulden
1174 2714 1210 2748 d.
1229 2725 1258 2749 s.
1285 2715 1347 2749 die
1372 2725 1508 2750 usurae

99 2772 165 2801 Cic.
187 2774 298 2801 Briefe
319 2783 352 2802 v.
374 2773 515 2801 Billerb.
539 2775 582 2803 11.
1142 2777 1199 2816 10

14 2243 16 2253 l

14 2267 16 2274 v

22 2276 24 2286 l
