1795 3043
547 56 862 108 EPISTOLA
903 56 1102 108 CCLVI.
1455 68 1556 119 217

97 185 172 228 pos
202 171 345 215 evadit
375 171 586 226 Scaptius.
623 173 794 220 Volunt,
822 172 978 224 inquis,
1011 173 1241 228 principes.
1287 173 1400 216 Scio.
1446 175 1554 217 Nam

98 232 148 272 ad
177 244 242 271 me
271 232 483 284 Ephesum
511 243 642 282 usque
683 233 890 270 venerunt
918 230 1148 283 flentesque
1179 232 1365 283 equitum
1395 234 1556 274 scelera

97 290 138 328 ct
166 288 357 329 miserias
387 300 481 328 suas
509 287 766 328 detulerunt.
823 287 971 337 Itaque
1000 288 1143 328 statim
1173 289 1267 328 dedi
1296 291 1466 342 literas,
1508 293 1555 331 ut

97 356 147 385 ex
168 343 306 398 Cypro
336 345 499 397 equites
529 346 628 384 antc
659 346 817 384 certam
847 343 957 383 diem
987 344 1262 395 decederent3
1294 346 1347 386 ob
1378 359 1554 399 eamque

38 403 42 407 ⁴
97 413 289 450 causam,
329 404 416 443 tum
445 401 498 441 ob
529 402 692 441 ceteras
723 400 945 441 Salaminii
974 413 1050 441 nos
1087 403 1131 441 in
1174 404 1338 444 caelum
1368 404 1555 445 decretis

97 460 184 498 suis
224 460 497 499 sustulerunt.
557 458 639 498 Sed
679 458 764 498 iam
804 457 905 508 quid
945 469 1048 509 opus
1091 459 1307 510 equitatu?
1375 462 1555 502 Solvunt

93 517 207 555 enim
238 516 470 557 Salaminii.
529 514 620 555 Nisi
648 515 757 554 forte
797 514 841 554 id
870 515 1061 554 volumus
1100 517 1228 556 armis
1269 516 1464 567 efficere,
1505 521 1553 560 ut

95 572 215 612 senus
244 572 459 625 quaternis
489 572 727 612 centesimis
766 571 934 611 ducant.
1007 572 1061 612 Et
1098 584 1173 625 ego
1213 574 1374 614 audebo
1412 576 1553 630 legere

97 641 279 681 unquam
309 631 381 670 aut
410 629 617 681 attingere
647 640 718 668 eos
746 628 900 680 libros,
939 639 1042 680 quos
1072 631 1118 669 tu
1148 630 1359 679 dilaudas,
1401 633 1436 672 si
1465 635 1553 674 tale

96 687 195 737 quid
223 686 395 727 fecero?
436 686 585 734 Nimis,
616 686 754 737 nimis,
781 686 967 736 inquam,
999 686 1043 725 in
1071 687 1155 727 isto
1181 688 1357 728 Brutum
1387 691 1552 739 amasti,

97 743 332 784 dulcissime
361 742 525 792 Attice3
574 754 676 791 nos,
720 755 890 791 vereor,
938 754 993 782 nc
1031 756 1192 796 parum.
1266 743 1405 797 Atque
1442 747 1552 788 haec

96 800 242 852 scripsi
271 813 347 853 ego
378 800 430 840 ad
446 801 625 840 Brutum
655 800 873 851 scripsisse
903 801 944 840 te
974 800 1028 840 ad
1056 813 1134 840 me.
1194 801 1408 854 Cognosce
1436 816 1551 845 nunc
1576 815 1633 855 10

94 859 246 899 cetera.
304 857 388 897 Pro
417 857 557 908 Appio
587 869 663 896 nos
693 857 763 896 hic
794 857 932 897 omnia
958 858 1134 897 facimus
1145 872 1157 908 3
1188 859 1363 899 honeste
1392 861 1547 909 tamen,

93 913 164 953 sed
190 915 316 966 plane
344 914 549 955 libenter:
578 926 659 954 nec
689 914 798 954 enim
826 915 964 966 ipsum
993 914 1155 955 odimus
1179 917 1221 955 et
1240 917 1417 957 Brutum
1440 931 1551 958 ama·

92 982 202 1011 mus:
234 973 275 1010 et
295 971 518 1024 Pompeius
547 970 726 1012 mirifice
756 985 780 1011 a
809 984 875 1011 me
899 971 1137 1021 contendit3
1162 985 1286 1023 quem
1307 975 1549 1015 mehercule

93 1028 186 1079 plis
225 1030 405 1080 plusque
440 1030 484 1068 in
524 1029 614 1068 dies
652 1028 792 1081 diligo.
855 1027 897 1067 C.
929 1028 1118 1068 Caelium
1158 1031 1423 1080 quaestorem
1462 1033 1550 1073 huc

93 1085 233 1124 venire
269 1086 432 1125 audisti.
489 1085 672 1132 Nescio,
711 1083 811 1136 quid
841 1085 917 1124 sit:
957 1085 1028 1125 sed
1189 1086 1435 1128 Pammenia
1470 1089 1548 1129 illa

93 1141 193 1182 mihi
223 1155 307 1182 non
338 1144 522 1194 placent.
580 1143 669 1194 Ego
702 1153 767 1181 me
797 1153 920 1193 spero
948 1142 1127 1182 Athenis
1157 1144 1246 1183 fore
1275 1156 1418 1185 mense
1445 1146 1548 1199 Sep-

91 1198 251 1239 tembri.
281 1200 466 1240 Tuorum
485 1201 687 1240 itinerum
707 1201 896 1250 tempora
917 1200 1026 1239 scire
1046 1212 1145 1239 sane
1165 1201 1302 1241 velim.
1333 1198 1547 1250 Εὐήθειαν

93 1254 328 1307 Sempronii
358 1256 451 1296 Rufi
491 1257 666 1309 cognovi
711 1268 762 1295 ex
801 1255 978 1306 epistola
1015 1258 1089 1296 tua
1127 1256 1374 1310 Corcyraea.
1435 1260 1546 1308 Quid

94 1310 285 1362 qnaeris?
343 1313 516 1353 Invideo
545 1312 759 1365 potentiae
776 1312 970 1351 Vestorii.
1014 1313 1244 1365 Cupiebam
1272 1315 1401 1355 etiam
1429 1329 1545 1358 nunc

92 1435 187 1470 alere
212 1437 291 1470 vult
317 1436 507 1481 Scaptius,
534 1436 571 1469 id
597 1446 640 1470 eo
667 1435 727 1479 fit,
754 1435 854 1478 quod
879 1435 951 1469 iam
975 1441 1129 1480 repente
1153 1436 1334 1480 prodigus
1360 1443 1396 1470 et
1420 1448 1544 1484 sump-

91 1488 213 1516 tuosus
238 1483 353 1516 factus
379 1490 445 1517 est.
466 1482 571 1516 SCH.
606 1481 777 1525 Scaptius
803 1483 903 1515 hatte
929 1482 1007 1515 sich
1032 1483 1111 1515 also
1137 1483 1306 1525 erboten‚
1333 1483 1394 1517 die
1411 1484 1545 1519 Reiter

91 1528 159 1563 aus
172 1529 274 1563 scine
300 1530 442 1563 Kosten
468 1539 513 1561 zu
541 1528 785 1561 unterhalten.
804 1546 848 1553 -—-
876 1528 1082 1571 principes,
1109 1528 1170 1560 die
1194 1529 1360 1573 Haupter
1384 1529 1452 1564 der
1475 1530 1544 1565 Sa·-

92 1574 267 1609 lamnier.
291 1575 408 1619 inquit
422 1573 687 1618 scil.Scaptius
698 1574 774 1608 Md.
787 1574 959 1607 Oxon.2.
986 1574 1141 1608 Helmst.
1159 1574 1254 1608 lens.
1272 1577 1415 1619 Asel„
1442 1577 1541 1612 Crat.

92 1620 190 1665 prob
230 1620 402 1656 Graevio.
439 1621 511 1654 ΟΒ.
538 1640 582 1646 -
625 1620 667 1653 ob
693 1623 831 1653 ceteras
855 1630 995 1654 causas.
1031 1620 1153 1653 Oxon.
1179 1621 1212 1654 2.
1250 1622 1406 1657 Helmst.
1432 1623 1538 1659 Rom.

92 1667 210 1701 Lamh
236 1671 354 1701 cetera
389 1667 498 1712 prob.
526 1666 615 1700 Ern.
641 1685 685 1692 -—
718 1667 860 1700 solvunt
883 1677 930 1699 Ξ
953 1666 1102 1700 solvere
1134 1668 1273 1702 volunt.
1318 1667 1357 1703 S.
1389 1669 1541 1705 Ramsh.

92 1713 351 1756 §.163,3‚b.—
376 1718 415 1746 ut
438 1715 541 1756 fenus
566 1719 657 1755 cet.‚
685 1712 767 1747 dass
793 1712 846 1746 sie
871 1713 990 1746 4vom
1017 1715 1083 1747 100
1108 1714 1307 1746 ΖειΙιΙρη.-
1332 1725 1392 1747 eos
1411 1715 1541 1759 libros,

91 1769 192 1793 meos
210 1759 248 1793 ‹le
265 1771 305 1794 re
323 1759 484 1804 publica.
499 1760 587 1803 Vgl.
601 1759 724 1801 252,8.
751 1759 921 1792 dilaudas
945 1760 1041 1799 ἅπαξ
1067 1758 1188 1804 λεγόμ.
1216 1760 1346 1793 laudas
1360 1762 1466 1795 Amb.
1485 1764 1540 1797 16.

91 1815 178 1849 quos
199 1808 351 1840 ,studiose
376 1807 506 1840 laudas
537 1807 644 1840 Amb.
664 1808 716 1839 17.
751 1805 965 1839 6105581-
1004 1806 1042 1839 in
1068 1806 1156 1849 isto,
1190 1805 1250 1839 bei
1275 1805 1414 1841 diesem
1440 1808 1541 1844 Vor-

90 1851 189 1887 ialie.
219 1863 283 1886 nos
310 1879 342 1886 ..
360 1878 368 1886 .
396 1864 439 1885 ne
459 1863 593 1896 parum
618 1851 698 1885 scil.
725 1851 917 1886 amaveris.
936 1870 981 1876 --
1018 1853 1137 1895 Atque
1162 1850 1247 1886 haec
1350 1853 1542 1897 scripsisse

93 1900 129 1930 te
154 1899 193 1931 zd
214 1910 288 1941 me,
322 1899 404 1933 dass
420 1899 483 1932 Du
508 1898 578 1932 mir
603 1909 667 1931 aus
690 1897 809 1931 Liebe
833 1908 879 1931 zu
905 1897 978 1931 ihm
1003 1897 1102 1931 diess
1127 1909 1362 1942 ange-sennen
1389 1901 1540 1943 habest3

93 1950 135 1976 ut
158 1945 292 1988 equites
319 1944 470 1990 Scaptio
503 1945 548 1979 ad
574 1944 776 1988 cogendam
807 1943 1000 1989 pecuniam
1033 1944 1170 1979 darem.
1196 1945 1327 1980 MAN.
1367 1946 1450 1980 Hoc
1475 1947 1540 1981 ad-

92 1989 167 2031 dit2
188 2002 233 2024 ne
259 1992 426 2025 videatur
450 1991 546 2036 apud
570 1991 723 2024 Brutum
751 1991 1021 2033 dissimulasse,
1058 1991 1157 2034 quod
1181 1991 1253 2025 sibi
1279 1998 1378 2025 esset
1402 1993 1447 2027 ab
1471 1994 1539 2029 At-

92 2034 168 2070 tico
183 2037 220 2070 in
244 2037 322 2071 eins
348 2038 501 2082 gratiam
527 2037 717 2081 scriptum.
741 2036 846 2071 SCH.

173 2085 229 2118 10.
254 2084 328 2117 Pro
344 2085 478 2129 Appio.
506 2082 543 2117 S.
562 2095 620 2128 ep.
636 2084 886 2126 CCXLIVQ.
913 2082 1117 2118 CCXLIX.
1137 2082 1327 2127 CCL11‚2.
1353 2095 1407 2119 am
1417 2086 1537 2121 Ende.

93 2146 138 2153 —--
164 2127 293 2163 loneste
318 2135 448 2173 tamen,
474 2141 552 2164 was
578 2130 656 2163 sich
681 2129 816 2163 iedoch
842 2130 907 2163 mit
920 2129 1045 2164 Ehren
1071 2129 1158 2161 thun
1178 2130 1278 2164 lasst.
1298 2150 1341 2156 --
1366 2133 1538 2176 Brutum,

94 2175 199 2218 Appi
223 2188 409 2219 generum.
448 2177 573 2211 Ueber
599 2187 661 2208 uec
688 2201 718 2209 ..
734 2202 742 2209 .
771 2180 803 2209 ct
827 2176 976 2210 Ramsh.
1003 2175 1030 2217 §.
1054 2176 1132 2216 179,
1147 2176 1193 2217 Β,
1216 2176 1253 2219 b,
1278 2178 1364 2211 Not.
1379 2180 1412 2212 1.
1440 2179 1536 2212 Gro-

97 2220 159 2253 tef·
183 2223 206 2263 §-
225 2224 364 2258 359.—
405 2235 427 2256 α
451 2234 506 2256 me
538 2223 738 2262 contendit,
764 2222 891 2255 nimmt
916 2221 994 2256 sich
1019 2221 1143 2255 seiner
1167 2221 1227 2255 bei
1250 2223 1321 2257 mir
1345 2234 1401 2258 an.
1439 2225 1536 2258 Dem

96 2266 230 2309 App‘nr.
264 2280 343 2301 war
373 2280 412 2302 es
445 2270 530 2302 sehr
565 2280 623 2302 um
658 2276 744 2312 gnte
778 2268 981 2311 Zeugnisse
1013 2279 1085 2301 von
1119 2267 1186 2301 der
1208 2269 1374 2304 Provinz
1399 2271 1467 2304 her
1491 2281 1538 2306 zu

97 2311 198 2343 ssiun-
236 2314 267 2347 ἢ.
295 2315 364 2348 den
389 2316 477 2359 folg.
493 2315 603 2348 Briel'
624 2316 652 2358 §.
670 2316 689 2348 2
716 2326 770 2348 am
783 2315 889 2348 Ende
916 2326 948 2349 u.
974 2325 1033 2359 ep.
1049 2314 1353 2357 CCLX1‚4ff.—
1385 2316 1425 2351 G.
1446 2317 1537 2351 Cae-

97 2357 186 2389 lium
212 2356 364 2394 Cadum,
398 2360 434 2395 S.
460 2363 505 2394 ad
530 2361 643 2395 Attic.
663 2362 733 2399 vl,
750 2363 784 2396 6.
812 2361 857 2394 ad
881 2360 1008 2395 Famil.
1025 2360 1082 2403 11,
1104 2362 1158 2395 15.
1178 2363 1232 2395 19.
1260 2362 1356 2405 (256,
1374 2364 1416 2397 10
1441 2362 1534 2397 dies.

97 2403 242 2445 Ausg.).
263 2420 294 2430 -
328 2411 561 2449 quaestorem,
589 2408 642 2442 als
670 2408 841 2442 Quastor.
860 2426 904 2431 —
943 2407 1028 2451 quid
1051 2408 1112 2449 sit,
1145 2408 1237 2441 Was
1263 2419 1301 2441 es
1327 2419 1371 2441 zu
1399 2409 1536 2443 bedeu-

97 2456 158 2482 ten
186 2450 257 2481 hat.
290 2452 331 2483 vit
357 2452 510 2485 hominis
535 2454 785 2488 C1·at.'Lamb.
812 2453 1056 2497 Interpolatio
1083 2465 1129 2486 ex
1156 2454 1236 2487 Lz'h.
1256 2456 1288 2488 7.
1314 2455 1378 2498 Ep.
1393 2456 1423 2489 3.
1450 2455 1537 2498 quid

98 2494 255 2528 hominis
279 2501 324 2530 81.
359 2499 552 2532 ORELLI.
575 2518 617 2524 —
657 2501 718 2534 sed
862 2500 978 2542 „aber
1011 2500 1071 2533 ich
1101 2500 1196 2533 habe
1228 2501 1292 2533 auf
1324 2500 1422 2534 allen
1453 2501 1535 2535 Fau

97 2541 218 2576 meine
250 2541 366 2577 Paitei
401 2547 650 2587 genommen.'’
711 2547 843 2580 Cicero
877 2551 994 2579 setzte
1029 2545 1090 2579 ihn
1131 2557 1240 2588 sogar
1274 2546 1436 2579 nachher
1468 2547 1536 2581 der

97 2587 264 2622 Provinz
296 2598 362 2623 vir.
386 2609 429 2615 —-
477 2591 613 2625 Pamm.
648 2591 672 2625 i.
700 2603 730 2625 e.
759 2603 852 2636 quae
877 2598 957 2625 acta
981 2599 1065 2626 sunt
1091 2592 1137 2625 de
1161 2592 1269 2624 domo
1295 2592 1401 2635 pueri
1427 2593 1534 2627 Pam-

97 2633 226 2667 menis.
262 2632 334 2669 Vin
364 2647 421 2681 ep.
443 2636 699 2680 CCXXVIH,
718 2640 771 2672 10.
799 2638 964 2672 SCH.—-
1001 2637 1253 2680 Εὐήθειαν,
1286 2638 1421 2672 fatuam
1448 2639 1534 2673 sim-

95 2679 299 2723 plicitatem
317 2705 324 2719 ,
344 2681 406 2715 die
431 2683 664 2727 treuherzigc
689 2684 902 2717 Dummheit
927 2684 992 2717 des
1008 2683 1250 2728 Sempronius
1275 2683 1403 2717 Rufus.
1430 2683 1470 2720 S.
1488 2696 1531 2720 zu

97 2736 153 2771 ep.
176 2725 393 2768 CLXXJsv,
410 2728 442 2762 2.
460 2748 504 2754 —
537 2731 716 2774 polentiae
746 2729 926 2770 Vestorii,
953 2729 1012 2764 cui
1037 2728 1292 2764 controversia
1317 2729 1429 2766 suerit
1453 2742 1532 2765 cum
