1795 3043
229 89 330 139 484
494 81 559 129 Μ.
595 80 650 125 Τ.
687 75 1027 125 CICERONIS
1060 72 1433 122 EP'ISTOLAE.
1748 79 1763 147 l}

233 199 322 240 lum
349 194 471 238 video
499 192 626 234 finem
649 190 764 233 mali.
822 189 944 232 Nunc
967 189 1083 229 certe
1112 182 1341 240 promenda
1369 184 1564 227 tibisunt
1591 198 1689 228 con·

186 257 214 298 3
236 255 344 296 silia.
403 251 497 292 Hoc
526 251 666 290 fuerat
695 250 939 289 extremum.
997 246 1080 286 llla
1095 247 1233 285 tamen
1262 244 1472 284 κατακλείς
1489 243 1606 284 illius
1625 244 1690 284 est

236 311 406 360 odiosa,
433 319 559 359 quam
587 317 721 358 paene
751 303 973 357 praeterii:
1021 302 1086 354 „si
1116 301 1197 342 sibi
1226 300 1417 342 consiliis
1445 299 1599 353 nostris
1626 300 1690 340 uti

236 379 320 408 non
357 365 530 412 liceret,
578 375 771 414 usurum,
819 373 997 413 quorum
1034 360 1197 411 posset,
1249 358 1303 399 ad
1342 357 1567 409 omniaque
1601 368 1691 397 esso

236 419 573 464 descensurum.'’
629 419 780 459 Vidisti
816 419 945 472 igitur
980 417 1140 463 virum,
1176 416 1224 455 ut
1251 415 1516 467 scripseras?
1574 413 1690 467 inge·
1749 431 1750 437 =

235 477 410 521 muisti?
469 478 607 519 Certe.
680 475 790 515 Cedo
830 475 1006 526 reliqua.
1075 472 1218 520 Quid?
1278 472 1486 512 Continuo
1516 472 1606 523 ipse
1645 470 1690 511 in

235 537 474 584 pedanum,
505 547 582 588 ego
600 531 818 584 Arpinum.
878 531 981 572 Inde
1002 532 1198 582 exspecto
1219 528 1412 581 equidem
1439 527 1693 576 λαλαγεῦσαν

236 595 357 635 illam
386 596 511 634 tuam.
569 591 633 631 Tu
662 589 836 629 malum!
892 587 1084 638 inquies,
1125 589 1267 627 actum
1298 598 1350 626 ue
1380 598 1490 638 agas.
1549 585 1692 626 Etiam

188 658 216 699 4
238 652 361 692 illum
390 651 553 702 ipsum,
602 658 726 697 quem
756 644 992 696 sequimur,
1032 645 1166 683 multa
1192 644 1449 684 fefellerunt.
1508 642 1591 683 Sed
1618 653 1695 694 ego

237 709 331 748 tuas
361 708 507 747 literas
537 705 747 755 exspecto.
801 701 923 742 Nihil
951 701 1014 740 est
1043 700 1154 739 enim
1184 701 1291 750 iam,
1336 701 1383 739 ut
1413 700 1557 739 autea:
1607 698 1697 751 „vi-

237 765 433 812 deamus,
480 763 562 803 hoc
602 771 801 813 quorsum
840 756 1025 798 evadat?
1109 757 1354 797 Extremum
1391 756 1475 797 fuit
1510 756 1563 796 de
1599 767 1696 796 con-

235 835 381 876 gressu
409 822 571 860 nostro:
622 829 706 868 quo
738 815 912 867 quidem
938 826 1023 854 non
1050 812 1196 853 dubito
1227 814 1328 865 quin
1356 814 1485 854 istum
1514 810 1696 853 offende-

235 880 328 920 rim.
388 878 452 917 Εο
481 876 686 917 maturius
714 872 921 926 agendum
951 872 1029 911 est.
1087 869 1248 911 Amabo
1277 875 1343 923 te,
1381 870 1621 923 epistolam,
1651 870 1694 909 et
1739 919 1742 922 ἦ
1793 867 1795 873 “

233 934 459 982 πολιτικὴν.
516 932 648 972 Valde
678 933 770 970 tuas
799 930 946 969 literas
973 939 1087 968 nunc
1117 928 1330 980 exspecto.
1454 924 1460 926 ’

235 1009 1680 1028 --,-..-,-,.---.----------

235 1056 430 1092 menkunst
461 1054 528 1088 mit
557 1053 671 1086 Cesar
701 1061 781 1084 war
810 1050 847 1083 ia
877 1049 942 1083 das
973 1048 1126 1091 Lente,
1166 1057 1245 1082 was
1273 1047 1345 1082 wir
1374 1048 1480 1083 noch-
1503 1048 1694 1082 abwarten

233 1104 403 1137 wollten.
469 1100 507 1134 S.
542 1110 601 1143 ep.
629 1096 835 1139 CCCLIV,
866 1096 888 1129 2
920 1095 995 1129 und
1030 1095 1052 1129 5
1083 1104 1139 1128 am
1172 1093 1298 1129 Ende:
1352 1104 1460 1139 quum
1489 1094 1693 1128 scierimus.

233 1147 438 1190 CCCLVI,
469 1147 508 1182 3,

323 1196 356 1230 3.
395 1193 642 1230 κατακλεὶς
673 1188 797 1229 illius,
846 1186 1035 1229 clausula,
1070 1196 1142 1229 qua
1165 1186 1302 1222 Caesar
1337 1186 1459 1221 suerat
1483 1195 1591 1230 usus,
1626 1196 1693 1220 ex-

233 1247 366 1275 trema.
396 1238 504 1272 SGH.
555 1235 660 1280 „Die
698 1233 886 1268 hassliche
918 1235 1184 1276 Aeusserung‚
1228 1232 1290 1266 die
1329 1232 1413 1266 dem
1447 1233 1562 1267 Cesar
1593 1232 1693 1266 beim

233 1287 388 1322 Schluss
413 1281 582 1325 entfu'nr,
608 1280 768 1314 niimlicb
795 1289 867 1313 von
891 1279 926 1312 si
951 1302 960 1312 .
980 1304 989 1312 .
1010 1303 1019 1311 .
1046 1279 1309 1311 descensurum.
1349 1279 1414 1312 cfr.
1432 1278 1557 1312 Lib.2.
1581 1278 1692 1323 Ep.3.

235 1333 309 1367 ΟΒ,
346 1350 389 1356 -
436 1339 588 1362 usurum
618 1325 789 1360 consiliis
821 1335 968 1367 eorum,
1013 1334 1165 1367 quorum
1198 1322 1369 1358 consiliis
1393 1324 1446 1358 uti
1468 1327 1600 1367 posset.
1651 1323 1693 1359 S.

231 1378 381 1414 Ramsh.
416 1376 445 1419 §.
469 1375 554 1416 159,
585 1374 628 1417 2,
664 1372 689 1407 f.
745 1371 889 1406 Grotef.
924 1369 1101 1404 aussuhrl.
1137 1370 1337 1404 Grammat.
1369 1372 1398 1415 §.
1424 1371 1504 1405 518.
1542 1389 1588 1396 —
1642 1369 1693 1404 ad

232 1425 356 1459 omnia
383 1450 390 1458 .
411 1449 418 1457 .
446 1423 538 1455 desc.
554 1445 563 1463 ‚
602 1418 677 1453 und
712 1429 753 1452 er
789 1417 916 1452 werde
941 1416 1022 1451 sich
1047 1416 1199 1450 endlich
1222 1425 1307 1450 zum
1331 1417 1581 1450 Aeussersten
1606 1427 1693 1450 ver-

230 1472 385 1513 stehen‚
424 1465 693 1502 entschliessen
730 1465 889 1498 miissen.
932 1482 977 1488 —
1035 1462 1176 1497 Vidisti
1210 1463 1333 1505 igitur
1369 1463 1509 1506 virum,
1550 1462 1691 1506 Attice,

230 1517 391 1562 inquies.
426 1533 471 1540 —
519 1514 647 1555 Certe,
688 1510 724 1544 ia
755 1511 849 1545 wol!
892 1508 1056 1544 Cicero’s
1089 1510 1278 1544 Antwort.
1310 1527 1356 1534 ——-
1404 1509 1499 1543 Cedo
1534 1509 1690 1553 reliqua,

230 1564 335 1609 „und
366 1560 441 1597 wie
473 1558 593 1604 ging's
624 1557 808 1590 weiter'2”
847 1556 1002 1597 Worte‚
1040 1554 1103 1589 die
1128 1566 1170 1590 er
1193 1555 1338 1590 wieder
1361 1554 1444 1589 dem
1469 1554 1620 1589 Attikus
1653 1555 1692 1589 in

230 1611 303 1644 den
335 1606 454 1643 Mund
489 1606 579 1649 legt.
628 1602 758 1636 Ueber
791 1603 876 1636 cedo
911 1611 940 1635 s.
975 1601 1123 1636 Ramsh.
1158 1602 1187 1644 ξ.
1215 1604 1268 1637 71.
1317 1601 1462 1635 Grotef.
1494 1602 1523 1645 §.
1547 1602 1604 1636 42.
1646 1619 1690 1626 —

229 1657 435 1695 Ρεάαηιιηι,
477 1652 612 1686 C'asars
636 1647 836 1683 Landsitze
862 1646 1002 1681 unweit
1025 1647 1188 1691 Pedum,
1221 1648 1342 1682 einem
1369 1647 1571 1682 Stadtchen
1596 1647 1690 1682 zwi-

227 1703 342 1738 schen
366 1701 574 1735 Praeneste
597 1696 672 1729 und
697 1694 828 1728 Tibur.
863 1693 902 1728 S.
921 1692 1003 1727 Liv.
1020 1693 1073 1736 ΙΙ,
1098 1694 1155 1728 39.
1191 1694 1305 1735 Vm,
1330 1694 1375 1727 12
1401 1705 1436 1727 u.
1464 1696 1518 1728 13.
1555 1694 1687 1728 Horat.

227 1749 301 1794 Ep.
323 1750 363 1792 1,
394 1747 438 1789 4,
473 1745 507 1779 2.
558 1742 660 1778 Plin.
688 1742 734 1775 H.
760 1740 805 1775 N.
832 1739 911 1782 111,
944 1739 976 1774 5.
1010 1758 1055 1765 —
1102 1741 1424 1785 λαλαγεῦσαν,
1462 1739 1689 1783 garrientem

226 1806 354 1838 avem,
388 1793 412 1826 i.
440 1801 474 1825 e.
500 1795 540 1823 ut
564 1795 668 1824 recte
690 1787 828 1821 Rosius
852 1783 1052 1829 divinavit,
1077 1785 1158 1819 sive
1183 1785 1439 1827 hirundinem,
1469 1786 1570 1820 veris
1595 1796 1689 1820 nun-

227 1842 335 1883 tiam3
378 1848 454 1883 quo
489 1836 577 1870 anui
610 1840 777 1879 tempore
807 1832 845 1866 in
871 1831 1066 1866 Graeciam
1091 1831 1282 1876 proficisci
1307 1837 1387 1865 erat
1411 1830 1564 1866 animus.
1608 1833 1686 1868 Csr.

227 1899 287 1933 ep.
304 1885 383 1922 362.
410 1883 679 1927 λαλαγεῢσα
702 1880 777 1913 iam
802 1879 914 1912 adest.
938 1877 1047 1913 SCH.
1073 1896 1118 1903 —
1155 1878 1312 1911 malum!
1348 1888 1431 1912 zum
1449 1877 1619 1912 Henker!
1643 1896 1688 1903 —

226 1938 298 1968 act.
334 1942 377 1965 ne
408 1939 523 1972 aga-9,
567 1927 710 1961 stimme
741 1925 837 1958 doch
869 1924 973 1958 nicht
996 1924 1098 1958 Dein
1123 1924 1217 1959 altes
1240 1923 1338 1958 Lied
1362 1934 1435 1957 von
1459 1924 1602 1958 Neuem
1628 1934 1686 1960 an.

225 1981 312 2017 Man
335 1978 433 2012 kann
459 1974 540 2008 sich
566 1972 602 2007 ia
625 1972 822 2014 t'auschen,
859 1970 972 2004 irren.
1006 1989 1051 1995 -
1097 1970 1206 2004 illum
1228 1971 1367 2015 ipsum,
1405 1970 1639 2015 Pompeium.

316 2026 349 2060 4.
376 2022 610 2068 ,‚videamus‚
637 2018 702 2052 hoc
718 2029 751 2062 q.
772 2018 935 2053 evadat?
966 2016 1019 2050 Es
1044 2016 1093 2051 ist
1116 2016 1219 2050 nicht
1234 2017 1339 2051 mehr
1357 2027 1422 2058 so,
1449 2017 1524 2051 wie
1542 2017 1686 2060 friiber,

225 2082 284 2106 wo
309 2071 372 2105 Du
404 2069 474 2103 mir
506 2067 545 2101 in
569 2065 721 2100 Deinen
744 2063 896 2098 Briefen
927 2062 1057 2097 immet
1086 2063 1282 2098 zuriesest:
1316 2062 1418 2105 „wir
1445 2063 1584 2097 wollen
1609 2070 1687 2096 erst

225 2117 388 2151 einmahl
413 2115 548 2157 seben,
588 2122 650 2146 wo
675 2111 755 2144 Das
785 2109 1044 2144 hinauswill.''
1090 2109 1143 2144 Es
1174 2110 1238 2143 hat
1269 2108 1348 2143 sich
1372 2108 1465 2142 ietzt
1488 2109 1595 2143 Alles
1619 2119 1687 2152 ge-

223 2163 367 2198 andert.
417 2162 537 2197 Drmn
560 2159 630 2193 her
652 2156 718 2191 mit
741 2156 901 2191 Deinem
926 2155 1064 2190 Rathe!
1094 2174 1139 2181 -
1184 2156 1417 2197 Eur-eruum,
1449 2155 1513 2189 das
1536 2155 1683 2197 Letzte,

223 2221 303 2245 was
335 2208 409 2243 wir
442 2206 539 2242 noch
578 2205 769 2239 abwarten
800 2203 976 2245 wollten,
1016 2212 1097 2236 war
1134 2201 1170 2236 ia
1204 2201 1325 2235 meine
1358 2200 1684 2235 Zusammenkunft

221 2255 290 2290 mit
315 2255 442 2290 Gasar.
478 2252 517 2287 S.
542 2251 609 2296 §.2
634 2262 691 2285 am
715 2249 834 2284 Ende.
862 2268 904 2275 —
946 2248 1148 2291 maturius,
1179 2247 1294 2281 reiser
1318 2247 1393 2281 und
1418 2247 1620 2281 schneller.
1638 2266 1681 2272 —

223 2302 405 2346 agendum
430 2299 540 2336 nobis
564 2301 628 2332 est.
656 2316 698 2323 -
737 2296 865 2342 epist„
897 2299 930 2329 et
953 2295 1105 2341 quidem
1128 2292 1362 2340 πολιτικὴν
1389 2293 1435 2329 ad
1459 2304 1518 2330 me
1542 2294 1677 2329 mittas.
