1795 3043
220 60 320 108 356
527 54 592 101 Μ.
628 54 683 100 r.
720 38 1061 101 elcnnonls
1096 53 1468 102 EPISTOLAE.

225 167 280 210 ad
313 166 564 209 manendum
592 177 685 206 esse
713 165 1054 219 propensiorem,
1104 166 1215 217 quod
1245 167 1371 219 plura
1399 167 1443 208 in
1475 179 1568 209 eam
1598 179 1694 220 par-

228 227 313 266 tem
343 225 471 266 verba
499 223 694 264 fecerim:
725 226 865 276 potest
895 223 1002 277 fieri,
1032 224 1144 275 quod
1165 223 1211 264 fit
1233 224 1279 264 in
1309 225 1455 265 multis
1484 225 1695 276 quaestio·

231 282 377 329 nibus,
424 282 472 328 ut
506 293 576 321 res
614 280 833 322 verbosior
870 281 976 322 haec
1015 281 1168 332 suerit,
1213 280 1290 321 illa
1331 281 1487 322 verior.
1544 281 1697 329 Quam-

236 340 406 390 obrem,
435 340 484 378 ut
514 338 697 379 maxima
726 339 777 378 de
807 350 855 378 re
884 349 1018 390 aequo
1048 337 1188 378 animo
1218 338 1486 392 deliberanti,
1513 337 1577 379 ita
1589 338 1697 379 mihi

235 397 309 437 des
328 395 552 436 consilium
570 396 709 437 velim.
769 395 900 436 Navis
929 398 971 435 et
998 396 1041 435 in
1067 394 1214 436 Caieta
1243 397 1306 436 est
1325 397 1476 447 parata
1503 395 1625 436 nobis
1655 397 1698 435 et

184 465 213 505 7
235 452 466 494 Brundisii.
524 452 608 494 Sed
639 465 745 494 ecce.
770 453 931 505 nuntii,
972 452 1184 493 scribente
1214 464 1281 492 me
1310 453 1417 493 haec
1446 452 1539 505 ipsa
1568 453 1698 493 noctu

235 510 280 551 in
301 509 479 558 Caleno,
520 522 622 551 ecce
648 511 824 562 literae,
861 510 1081 550 Caesarem
1111 509 1163 550 ad
1184 509 1437 562 Corfinium,
1464 509 1698 551 Domitium

237 566 415 607 Corfinii
440 579 535 608 cum
556 566 679 608 firmo
707 567 898 607 exercitu
928 570 970 606 et
998 579 1187 621 pugnare
1211 568 1422 620 cupiente.
1480 566 1574 608 Non
1593 568 1698 619 puto

235 625 362 664 etiam
402 624 484 665 hoc
524 624 707 664 Gnaeum
745 625 932 664 nostrum
971 624 1312 672 commissurum,
1373 625 1420 664 ut
1465 623 1698 667 Domitium

236 682 469 733 relinquat:
501 681 579 721 etsi
599 681 870 721 Brundisium
888 680 1128 732 Scipionem
1153 693 1250 721 cum
1271 681 1517 721 cohortibus
1537 680 1700 721 duabus

237 738 535 790 praemiserat,
583 739 792 791 legionem
821 739 977 778 Fausto
1007 739 1293 790 conscriptam
1321 739 1365 778 in
1397 737 1589 779 Siciliam
1617 737 1699 778 sibi

237 797 409 848 placere
451 810 476 836 a
504 797 677 836 consule
717 795 816 835 duci
853 795 1083 847 scripserat
1112 795 1163 835 ad
1194 796 1399 835 consules.
1459 794 1542 835 Sed
1572 797 1700 846 turpe

237 853 471 894 Domitium
514 852 708 893 deserere
753 852 835 891 erit
873 852 1167 904 implorantem
1214 853 1303 892 eius
1338 852 1557 893 auxilium.
1622 852 1701 892 Est

238 910 445 961 quaedam
485 922 601 962 spes,
644 909 749 950 mihi
786 909 955 961 quidem
993 920 1077 949 non
1106 921 1279 962 magna,
1320 909 1393 949 sed
1423 910 1468 949 in
1497 910 1564 950 his
1593 908 1700 949 locis

237 967 373 1015 firma,
403 967 625 1008 Afranium
646 967 689 1007 in
704 967 920 1018 Pyrenaeo
939 979 1034 1006 cum
1047 965 1261 1006 Trebonio
1282 978 1503 1018 pugnasse,
1535 967 1701 1018 pulsum

239 1025 523 1072 Trebonium,
562 1025 688 1065 etiam
718 1024 896 1064 Fabium
930 1026 1047 1063 tuum
1076 1024 1278 1063 transisse
1308 1036 1402 1063 cum
1433 1023 1700 1063 cohortibusz

239 1094 400 1122 summa
428 1083 592 1129 autem,
621 1081 844 1122 Afranium
876 1093 974 1121 cum
1002 1081 1165 1133 magnis
1190 1081 1323 1131 copiis
1352 1080 1594 1122 adventare.
1652 1079 1702 1119 Id

240 1139 277 1178 si
313 1141 400 1190 est,
451 1139 495 1178 in
536 1139 662 1178 Italia
700 1139 878 1179 fortasse
915 1138 1167 1178 manebitur.
1235 1138 1323 1189 Ego
1362 1140 1524 1185 autem,
1571 1148 1701 1188 quum

241 1197 350 1236 esset
390 1196 603 1235 incertum
632 1195 716 1235 iter
746 1195 961 1246 Caesaris,
1014 1194 1124 1245 quod
1156 1195 1223 1234 vel
1253 1194 1305 1234 ad
1337 1193 1523 1246 Capuam
1553 1195 1617 1234 vel
1650 1193 1703 1233 ad

240 1252 463 1292 Luceriam
497 1252 635 1291 iturus
673 1250 924 1304 putabatur,
975 1251 1149 1302 Leptam
1180 1250 1231 1290 ad
1261 1251 1508 1302 Pompeium
1537 1251 1632 1291 misi
1661 1251 1703 1289 et

239 1310 407 1358 literas,
446 1309 558 1360 ipse,
600 1320 655 1348 ne
695 1320 778 1359 quo
819 1308 1075 1360 inciderem,
1124 1307 1281 1347 reverti
1321 1308 1526 1349 Formias.
1585 1308 1703 1347 Haec
1768 1334 1769 1337 η

240 1453 313 1488 und
340 1452 437 1487 doch
461 1453 535 1487 wie
560 1453 610 1487 ist
636 1463 675 1487 es
700 1452 885 1497 mfiglichl
919 1457 1037 1498 potest
1057 1454 1170 1488 aliter
1192 1453 1277 1488 Sch.
1303 1463 1404 1498 susp.
1429 1471 1474 1477 —
1516 1454 1575 1486 Ac
1597 1463 1641 1486 ne
1668 1478 1699 1487 ..

240 1501 368 1542 exist„
401 1499 551 1543 indess,
585 1499 720 1533 iedoch
746 1501 881 1543 glaube
907 1500 943 1534 ia
969 1501 1081 1534 nicht.
1107 1521 1151 1526 -
1200 1501 1239 1533 in
1263 1511 1342 1533 eam
1361 1503 1526 1544 partem,
1560 1500 1620 1532 fiir
1643 1498 1705 1532 die

239 1546 471 1590 Ergreifung
495 1546 620 1580 dieser
644 1546 785 1580 Partei.
812 1564 855 1570 —-
909 1547 1118 1589 verbosior,
1159 1547 1263 1580 einer
1288 1546 1582 1580 wortreicheren
1609 1545 1706 1579 Aus-

239 1593 579 1637 einandersetzung
616 1592 802 1635 bediirftig
836 1592 892 1626 im
925 1593 1119 1636 Gegens.
1154 1604 1224 1627 von
1257 1593 1402 1635 verior,
1442 1592 1609 1627 insosern
1643 1591 1704 1625 die

237 1638 686 1682 Entscheidungsgriinde
722 1638 782 1672 fiir
813 1638 875 1672 die
906 1638 1046 1672 andere
1075 1640 1197 1683 Frage
1230 1639 1418 1672 schneller
1450 1639 1522 1671 und
1558 1637 1705 1672 starker

239 1685 360 1719 soson
382 1685 671 1718 einleuchteten.
693 1703 738 1709 ——
778 1689 817 1717 ut
833 1711 861 1719 ..
879 1712 887 1719 .
904 1685 1136 1727 deliberanti,
1163 1685 1235 1719 wie
1254 1685 1387 1728 einem,
1414 1684 1481 1717 der
1505 1684 1571 1718 mit
1595 1684 1705 1718 allem

239 1731 503 1766 Gleichmuthe
529 1731 590 1764 bei
615 1731 968 1776 seinerBerathung
991 1733 1086 1765 iiber
1110 1731 1214 1765 diese
1239 1732 1372 1765 hochst
1395 1730 1706 1774 wichtigeSache

238 1778 342 1811 nicht
374 1777 442 1811 in’s
466 1776 793 1814 Reinekommen
829 1778 939 1812 kann.
975 1798 1019 1804 -—
1075 1782 1231 1822 parata,
1268 1777 1508 1821 segelserssg,
1549 1788 1607 1810 um
1634 1786 1704 1810 von

237 1824 369 1859 Caieta
392 1824 486 1857 nach
510 1824 751 1858 Brundisium
779 1825 852 1857 und
879 1835 948 1858 von
975 1825 1022 1858 da
1046 1824 1181 1858 weiter
1204 1835 1250 1858 zu
1275 1823 1456 1857 kommen.
1479 1841 1522 1848 —

332 1894 362 1926 7.
396 1903 476 1925 ecce
500 1903 530 1926 c.
557 1892 697 1927 nomin.
724 1891 765 1927 S.
780 1893 929 1927 Ramsh.
956 1893 984 1935 §.
1001 1894 1077 1928 138.
1105 1893 1192 1926 Not.
1227 1891 1371 1926 Grotef.
1389 1891 1417 1934 §.
1436 1891 1515 1926 227.
1539 1893 1705 1925 Anm.—

241 1938 296 1973 Zu
322 1940 370 1972 ad
390 1939 492 1981 Corf.
520 1939 593 1972 und
610 1940 765 1982 Corfinii
790 1939 914 1984 suppl.
941 1951 1034 1973 esse.
1052 1959 1092 1964 —
1122 1949 1238 1983 pugn.
1265 1950 1365 1982 cup.‚
1391 1937 1704 1982 kampflustig.—

239 1985 449 2028 Scipionem
473 1995 642 2019 socerum
668 1996 781 2020 suum.
814 2005 857 2010 —
907 1985 1133 2026 cohortibus,
1175 1986 1329 2029 Malasp.
1357 1995 1458 2027 susp.
1484 1984 1703 2026 legionibus.

239 2049 285 2057 -
310 2032 467 2073 Fausto,
493 2032 601 2066 Lucii
627 2032 795 2066 Cornelii
821 2031 948 2070 Sullae
974 2032 1068 2066 filio.
1102 2031 1191 2067 Vid.
1217 2043 1277 2076 ep.
1298 2030 1481 2067 CXVIII.
1508 2029 1703 2065 CCCXLI.

241 2077 338 2112 Suu.
374 2089 406 2111 c.
435 2079 487 2112 19.
526 2079 673 2113 Cluent.
708 2090 738 2112 c.
762 2079 819 2113 34.
863 2080 949 2114 Van.
984 2090 1014 2112 c.
1044 2079 1098 2112 14.
1143 2081 1233 2121 Agr.
1268 2079 1309 2120 1,
1342 2079 1371 2111 6.
1417 2077 1543 2110 Ueber
1575 2076 1704 2110 diesen

239 2123 368 2157 Dativ.
395 2123 528 2158 Graec.
556 2131 644 2158 statt
669 2136 690 2158 α
715 2126 850 2159 Fausto
877 2126 976 2158 Man.
1003 2125 1129 2159 Lamb.
1156 2136 1184 2158 5.
1203 2123 1349 2157 Ramsh.
1370 2123 1487 2165 §.‚124
1511 2133 1544 2156 a.
1583 2121 1704 2156 Sollte

240 2170 344 2203 nicht
368 2171 510 2204 Fannio
544 2172 605 2213 (z
637 2171 712 2205 fiir
743 2171 827 2205 den
854 2171 1031 2214 Iannius)
1068 2171 1159 2204 nach
1186 2181 1244 2214 ep.
1264 2169 1434 2211 CCCIX,
1459 2168 1480 2202 2
1513 2179 1568 2201 am
1596 2168 1704 2202 Ende

242 2226 288 2249 zu
317 2216 536 2250 verbessein
571 2216 672 2251 sein?
719 2218 796 2252 Fur
822 2218 959 2252 Fausto
992 2216 1134 2262 spricht
1167 2216 1300 2249 iedoch
1334 2226 1394 2259 ep.
1411 2214 1703 2257 CCCXXXVI,

239 2264 279 2297 3:
312 2273 399 2306 quos
423 2263 580 2296 Faustus
603 2264 705 2305 legit.
733 2283 775 2288 —
825 2275 847 2297 a
872 2265 1026 2298 consule.
1061 2264 1119 2297 Ita
1142 2260 1350 2295 emendavit
1376 2262 1516 2295 Manut.
1544 2271 1593 2294 ex
1618 2260 1704 2294 lite-

242 2308 292 2343 ris
318 2308 492 2353 Pompeii
518 2308 563 2341 ad
590 2309 695 2343 Coss.
723 2310 819 2344 infra
842 2311 909 2355 Ep.
929 2311 982 2344 12.
1012 2311 1058 2344 Α.
1093 2320 1114 2342 α
1139 2309 1345 2342 consulibus
1368 2308 1443 2342 Md.
1472 2308 1597 2341 Oxon.
1609 2308 1640 2341 1.
1667 2307 1701 2342 2.

240 2356 327 2389 Asc.
351 2357 381 2389 1.
415 2355 516 2388 Crat.
543 2354 643 2390 Vici.
671 2358 702 2390 l.
733 2357 805 2390 OR.
831 2376 875 2382 ·—
921 2358 958 2390 in
986 2356 1041 2389 Ius
1065 2355 1176 2395 loczs,
1211 2355 1246 2388 in
1274 2355 1403 2388 diesen
1429 2353 1703 2397 Gegenden.-—

241 2413 321 2435 cum
347 2401 811 2443 C.T1ebonio‚Caesaiis
837 2403 972 2445 legato.
1000 2421 1043 2426 ——
1082 2402 1122 2435 C.
1150 2401 1324 2443 fabium,
1348 2399 1519 2435 Caesaris
1544 2400 1701 2433 alterum

241 2447 416 2490 legatum.
445 2447 532 2482 Vid.
561 2458 618 2490 ep.
636 2448 838 2487 CCXCIV
862 2451 894 2483 3.
922 2467 965 2473 —
1013 2448 1186 2480 ἰφαηςιεεε
1217 2447 1262 2480 ad
1294 2458 1373 2481 nos.
1400 2466 1445 2471 —
1493 2446 1701 2479 adventare.
1753 2446 1757 2447 ⁷

241 2487 1003 2538 Vg1.ep.CGCXX111‚1.Allediese
1023 2494 1271 2527 Nachrichten
1296 2494 1442 2536 zeigten
1466 2492 1547 2526 sich
1573 2492 1609 2525 in
1634 2492 1703 2524 der
1767 2481 1769 2500 ¹

239 2540 360 2582 Folge
385 2540 439 2574 als
465 2541 636 2582 unwalir3
684 2540 731 2573 im
757 2540 1000 2583 Gegentheil‚
1043 2540 1180 2573 Fabius
1214 2540 1313 2573 hatte
1339 2539 1410 2573 den
1435 2537 1610 2572 Afranius
1634 2547 1700 2571 aus
1764 2502 1771 2578 l

237 2587 307 2619 den
334 2586 614 2631 Ρ)ι8ηὲιί58118η
640 2586 780 2621 Passen
807 2586 1020 2619 vertrieben
1046 2586 1118 2619 und
1145 2596 1223 2619 war
1247 2586 1311 2620 mit
1337 2584 1418 2619 diei
1440 2584 1634 2628 Legioneu
1662 2583 1698 2616 in
1766 2585 1771 2596 '

237 2631 289 2676 Sp
293 2632 400 2666 anien
436 2632 667 2675 eingeriickt.
707 2652 751 2657 —-
805 2632 954 2676 Leptam
988 2637 1021 2665 et
1057 2633 1185 2666 lateras
1216 2633 1238 2667 Γ.
1278 2643 1360 2666 cum
1386 2630 1520 2665 literis.
1573 2630 1699 2663 Ueber
1754 2642 1773 2663 w

234 2677 349 2721 Lepta
374 2689 401 2712 s.
428 2690 486 2723 ep.
507 2679 752 2722 CCLXXXI,
776 2679 811 2712 2.
843 2679 992 2715 CCClI
1018 2679 1039 2712 4
1065 2689 1099 2712 u.
1126 2690 1154 2712 5.
1183 2679 1205 2712 s.
1232 2697 1276 2703 —
1316 2688 1360 2711 ne
1384 2687 1521 2721 quo..
1475 2687 1522 2695 -
1546 2675 1698 2719 irgend-
1767 2671 1774 2715 -3

234 2734 294 2757 wo
329 2724 466 2759 hinein.
518 2724 557 2760 S.
596 2726 744 2760 Ramsh.
783 2726 811 2768 §-
846 2726 932 2767 160,
967 2725 1009 2768 2,
1050 2726 1136 2760 Not.
1165 2726 1200 2760 3.
1241 2735 1327 2767 „um
1360 2725 1462 2758 nicht
1497 2722 1695 2767 irgendwo
1765 2717 1773 2775 l
