1795 3043
213 95 313 144 336
466 92 532 139 Μ.
569 91 627 137 T.
666 87 1010 137 CICERONIS
1044 88 1417 140 EPISTOLAE.

212 204 277 246 ita
305 205 468 252 actum,
500 205 572 255 ut,
607 203 782 243 auctore
811 201 887 245 Cn.
916 202 1143 255 Pompei0,
1180 201 1263 244 ista
1291 201 1472 256 pecunia
1501 203 1546 244 in
1575 204 1676 246 fano

213 263 466 314 poneretur:
496 259 541 300 id
570 272 645 312 ego
675 259 826 312 agnovi
853 272 945 301 meo
974 260 1092 300 iussu
1121 271 1211 300 esse
1238 261 1423 301 factum:
1453 272 1537 312 qua
1550 274 1677 313 pecu-

215 319 289 358 nia
309 316 535 369 Pompeius
564 319 627 357 est
654 329 768 363 usus,
799 317 846 356 ut
865 329 929 365 ea,
963 329 1088 368 quam
1118 318 1164 356 tu
1194 316 1469 369 deposueras,
1501 318 1676 362 Sestius.

216 374 300 416 Sed
338 375 445 415 haec
483 373 536 414 ad
573 375 615 414 te
650 373 761 414 nihil
797 373 990 427 intelligo
1037 373 1268 426 pertinere.
1342 374 1457 415 Illud
1491 384 1557 414 me
1591 387 1676 416 non

216 431 562 472 animadvertisse
602 432 780 471 moleste
813 431 992 483 ferrem,
1033 431 1081 470 ut
1119 430 1402 472 adscriberem
1431 433 1473 471 te
1502 432 1545 470 in
1575 432 1676 472 fano

213 489 439 541 pecuniam
466 488 582 528 iussu
611 499 704 528 meo
733 487 994 540 deposuisse,
1037 486 1118 527 nisi
1156 487 1236 528 ista
1273 487 1457 540 pecunia
1484 488 1679 540 gravissi-

214 544 294 586 mis
323 547 432 586 esset
460 544 790 596 certissimisque
818 544 1095 585 monumentis
1122 545 1297 594 testata,
1337 545 1409 585 cui
1439 544 1562 592 data,
1592 557 1678 595 quo

215 604 385 644 senatus
411 603 628 650 consulto,
660 600 817 652 quibus
843 603 941 652 tuis,
972 601 1126 652 quibus
1154 602 1258 641 meis
1287 601 1421 642 literis
1459 602 1508 642 P.
1540 601 1677 642 Sestio

215 658 376 700 tradita
411 661 535 700 esset.
594 659 711 706 Quae
746 670 876 709 quum
913 658 1098 699 viderem
1132 660 1197 699 tot
1230 659 1418 712 vestigiis
1458 658 1677 709 impressa,

217 717 266 756 ut
294 716 340 756 in
369 716 423 756 iis
451 716 586 756 errari
615 727 699 754 non
730 716 889 767 posset:
920 726 1003 754 non
1035 714 1240 768 adscripsi
1268 715 1334 763 id,
1376 714 1488 768 quod
1515 716 1590 755 tua
1615 714 1680 755 ni·

217 773 284 813 hil
310 772 534 813 referebat.
591 772 682 824 Ego
712 773 851 812 tamen
882 770 1154 823 adscripsisse
1189 773 1374 819 mallem,
1405 771 1606 823 quoniam
1633 770 1679 812 id

165 828 196 867 6
218 830 261 870 te
289 829 411 870 video
442 828 692 870 desiderare.
750 828 871 868 Sicut
905 827 1056 869 scribis
1097 827 1177 870 tibi
1205 829 1248 870 id
1278 841 1367 870 esse
1396 828 1677 877 referendum,

214 886 330 927 idem
358 887 449 939 ipse
479 886 635 926 sentio:
680 896 819 936 neque
848 884 894 924 in
924 896 973 924 eo
1003 884 1231 939 quidquam
1258 899 1284 926 a
1312 886 1413 926 meis
1441 885 1678 926 rationibus

216 942 517 996 discrepabunt
545 944 658 984 tuae.
715 941 855 983 Addes
891 941 1006 982 enim
1042 943 1113 994 tu,
1152 954 1245 982 meo
1273 943 1412 992 iussu3
1457 943 1571 994 quod
1600 954 1677 996 ego

216 1001 385 1051 quidem
404 1013 488 1040 non
510 999 673 1040 addidi:
701 1011 781 1039 ncc
812 1011 939 1040 causa
959 1000 1036 1050 est,
1065 1011 1143 1040 cur
1171 1011 1321 1052 negem
1331 1012 1344 1049 3
1374 1011 1467 1051 nec,
1497 999 1533 1039 si
1551 1012 1678 1040 causa

212 1059 327 1120 esset
364 1059 408 1097 et
446 1059 491 1097 tu
529 1057 687 1108 nolles,
725 1068 939 1108 negarem.
1006 1055 1113 1096 Nam
1142 1055 1195 1096 de
1224 1056 1296 1097 HS
1334 1056 1555 1109 nongentis
1587 1056 1681 1097 mil-

214 1135 441 1180 Besorgniss
464 1136 678 1179 geaussert:
712 1144 751 1167 es
776 1133 921 1168 mochte
945 1134 1020 1167 ihm
1057 1134 1141 1167 eine
1165 1134 1335 1168 schwere
1360 1135 1682 1178 Verantwortung

214 1183 346 1217 daraus
371 1181 604 1216 zuwachsen.
651 1179 768 1214 Diese
791 1179 1042 1224 Besorgnisse
1065 1180 1149 1213 sind
1175 1190 1214 1213 es
1238 1190 1327 1222 nun,
1353 1180 1416 1213 die
1440 1180 1515 1214 ihm
1544 1180 1678 1215 Cicero

213 1229 256 1263 in
280 1229 405 1263 dieser
422 1227 540 1262 Stelle
555 1236 602 1260 zu
628 1226 784 1259 nehmen
801 1225 918 1259 sucht.
953 1226 977 1268 †
994 1226 1037 1259 de
1054 1225 1225 1260 Lucceio.
1275 1224 1340 1260 Sic
1362 1225 1442 1260 Md.
1466 1226 1564 1261 Crat.
1576 1226 1675 1262 Vict.

214 1277 249 1309 1.
276 1276 310 1309 2.
337 1275 472 1308 GraeV.
499 1273 588 1307 Ern.
612 1271 754 1306 Bened.
782 1271 867 1306 Sch.
893 1272 986 1305 Liin.
1011 1271 1110 1306 Sane
1142 1278 1335 1315 corrupte:
1368 1282 1450 1305 nam
1474 1271 1572 1306 idem
1597 1283 1677 1306 om-

213 1320 304 1355 nino
329 1320 443 1354 debet
467 1329 548 1352 esse
574 1318 724 1360 vocab.,
758 1316 805 1350 de
830 1328 904 1359 quo
929 1317 1026 1351 infra
1057 1318 1085 1359 §.
1105 1319 1139 1352 6.
1171 1327 1299 1350 rursus
1329 1316 1541 1361 ambigitur.
1568 1319 1676 1361 logeo

216 1370 279 1411 (=
299 1367 400 1408 sano)
426 1365 553 1399 Lamb.
588 1364 718 1397 locello
743 1363 789 1397 de
806 1362 986 1407 Scaliger.
1012 1362 1111 1397 coni.
1130 1363 1272 1407 Mart·
1287 1363 1450 1407 Laguna.
1480 1364 1677 1398 ORELLI.

213 1412 425 1450 Vielleicht
443 1410 550 1445 stand
567 1410 613 1444 da
629 1411 671 1444 de
691 1410 832 1443 locario
850 1410 942 1443 oder
955 1409 1113 1452 lucarie,
1139 1409 1295 1452 Mieth-,
1319 1409 1679 1454 Wald-Triftgeld3

215 1459 272 1503 (S.
288 1460 412 1496 Varro
431 1458 477 1491 de
489 1457 532 1491 L.
549 1457 592 1491 L.
609 1456 713 1499 1V‚2
729 1456 800 1490 und
818 1456 935 1498 Fest.)
958 1455 1050 1489 oder
1062 1456 1106 1489 de
1125 1456 1279 1500 reliquo.
1312 1455 1426 1489 Diess
1441 1456 1584 1500 bezoge
1595 1456 1676 1490 sich

213 1506 280 1540 auf
301 1505 371 1539 den
396 1505 425 1547 §.
446 1506 478 1539 3.
506 1514 563 1536 am
587 1502 696 1536 Ende
714 1503 930 1536 erwiihnten
949 1502 1044 1536 Rest
1069 1502 1143 1535 und
1159 1501 1391 1545 begriindete
1409 1501 1492 1536 hier
1513 1502 1678 1538 Verbin-

212 1553 315 1596 dung
334 1550 400 1585 mit
414 1550 496 1584 dem
512 1548 764 1592 Vorherigen.
779 1567 824 1573 -—
856 1553 1014 1582 auctore.
1045 1548 1123 1582 Md.
1140 1552 1262 1582 actore
1276 1547 1299 1582 i.
1314 1559 1345 1582 e.
1360 1547 1424 1591 qui
1440 1559 1516 1582 rem
1533 1554 1677 1583 transe-

213 1598 271 1642 git
294 1608 376 1632 cum
410 1595 576 1630 antistite
608 1594 695 1628 fani.
744 1595 850 1630 Vera
882 1595 1039 1628 fortasse
1071 1593 1196 1629 lectio.
1231 1613 1275 1619 —
1321 1593 1362 1629 P.
1391 1594 1530 1628 Sestius
1562 1595 1606 1630 L.
1631 1595 1673 1629 F.

213 1647 259 1688 (s.
283 1653 333 1678 zu
355 1654 413 1687 ep.
433 1643 540 1684 XV.)
565 1651 646 1676 war
670 1640 736 1675 704
760 1641 916 1682 prator,
952 1641 1018 1674 705
1042 1641 1252 1684 Propriitor
1276 1650 1348 1674 von
1372 1640 1531 1674 Cilicien
1556 1643 1601 1684 (s.
1627 1641 1674 1675 ad

212 1689 328 1726 Attio.
346 1689 465 1731 VIII,
490 1689 563 1729 15.)
601 1687 676 1721 und
700 1686 791 1730 ging
815 1686 978 1720 nachher
1002 1685 1067 1719 mit
1097 1686 1301 1730 Pompeius
1327 1686 1381 1719 als
1406 1685 1523 1720 Einer
1548 1686 1675 1721 seiner

213 1736 401 1772 Generale
425 1735 520 1769 nach
545 1732 834 1768 Griechenland.
882 1731 921 1767 S.
947 1732 994 1766 ad
1019 1731 1133 1767 Attic.
1152 1733 1222 1775 XI,
1250 1735 1280 1767 7.
1308 1732 1442 1766 Graev.
1470 1742 1516 1766 zu
1542 1744 1601 1777 ep.
1628 1732 1677 1767 ad

212 1782 325 1818 Attic.
344 1782 464 1824 VIII,
489 1783 520 1816 7.
547 1799 592 1805 —
648 1779 789 1813 nihil..
809 1779 1023 1822 ‚pertinere.
1078 1779 1163 1812 Non
1199 1784 1276 1822 est,
1310 1779 1409 1821 quod
1441 1779 1590 1812 labores
1626 1778 1675 1812 de

212 1831 282 1864 hac
315 1827 492 1874 pecunia,
535 1837 642 1870 quam
674 1836 695 1859 a
727 1831 763 1859 te
793 1824 894 1858 iussu
923 1836 1001 1858 meo
1034 1824 1240 1869 depositam
1272 1823 1476 1869 Pompeius
1512 1824 1669 1869 accepit.

212 1875 312 1912 Quid
337 1874 435 1908 enim
468 1879 530 1907 tua
562 1872 699 1906 refert?
732 1882 843 1914 quum
875 1877 997 1905 exstet
1030 1877 1179 1905 senatus
1214 1870 1442 1913 consultum,
1477 1881 1572 1913 quo,
1611 1870 1672 1905 cui

211 1922 297 1956 data
321 1920 391 1963 sit,
416 1924 581 1961 constat,
606 1924 643 1952 et
667 1924 816 1951 exstent
840 1923 924 1951 tuae
947 1928 1125 1961 meaeque
1149 1917 1302 1959 literae,
1329 1917 1477 1960 quibus,
1503 1916 1563 1950 cui
1588 1916 1674 1951 data

209 1969 281 2011 sit,
306 1971 461 2001 constat.
506 1964 714 1999 MANUT.
740 1983 785 1990 -
830 1964 932 1998 Illud
954 1964 1057 2007 zeigt
1080 1964 1145 1997 auf
1165 1964 1237 1997 den
1254 1961 1341 1997 Satz
1366 1966 1406 1996 ut
1427 1963 1670 1996 adscriberent

208 2020 282 2048 cet.
315 2012 454 2057 „Aber
483 2011 570 2044 dass
595 2011 656 2044 ich
682 2020 746 2044 aus
771 2009 838 2043 der
862 2010 959 2043 Acht
993 2010 1163 2054 gelassen
1189 2008 1439 2053 eigenhandig
1463 2018 1508 2042 zu
1534 2009 1671 2043 bezeu-

206 2071 301 2105 gen,
333 2059 417 2092 dass
441 2058 505 2093 Du
530 2057 595 2091 das
620 2057 774 2100 besagte
799 2056 895 2090 Geld
933 2057 1012 2090 auf
1040 2056 1218 2090 meinen
1245 2055 1379 2088 Befehl
1424 2055 1473 2088 im
1511 2055 1670 2099 Tempel

209 2105 470 2149 niedergelegt
494 2103 642 2146 habest‚
667 2103 732 2136 das
756 2102 886 2136 wiirde
911 2102 1010 2136 mich
1034 2102 1122 2136 sehr
1146 2100 1399 2143 verdriessen,
1432 2111 1541 2134 wenn
1567 2100 1671 2136 nicht

208 2164 244 2187 u.
273 2163 302 2186 s.
328 2152 402 2185 w.’'
425 2169 470 2175 —
516 2160 695 2192 monum„
722 2149 938 2182 Urkunden.
966 2168 1009 2175 —
1055 2152 1119 2183 tot.
1146 2147 1275 2189 vestig.
1302 2147 1500 2191 impressa,
1533 2146 1600 2180 mit
1623 2157 1666 2181 so

206 2199 331 2232 vielen
364 2196 510 2242 Spuren
542 2196 765 2229 bezeichnet
796 2195 871 2229 und
902 2194 1117 2238 bekriistigt.
1143 2212 1187 2219 —
1234 2193 1272 2226 in
1306 2192 1369 2227 iis.
1418 2191 1482 2228 Sic
1517 2192 1665 2237 scripsi.

206 2245 267 2280 Itis
290 2244 384 2279 Cett.
413 2254 444 2277 e.
479 2242 555 2277 Md.
596 2241 668 2275 ΟΒ.
699 2260 744 2266 -
798 2252 870 2275 non
900 2241 1082 2285 adscripsi
1117 2238 1156 2274 id
1192 2240 1226 2273 h.
1250 2249 1281 2273 e.
1317 2238 1419 2272 illam
1453 2239 1666 2272 Formulam

203 2302 283 2325 meo
318 2289 440 2332 iussu,
483 2298 578 2331 quae
617 2292 680 2321 tua
710 2286 806 2321 nihil
835 2288 1034 2331 referebat,
1066 2296 1197 2322 woran
1229 2284 1303 2319 Dir
1332 2284 1465 2320 Nichts
1505 2285 1666 2329 gelegen

205 2337 287 2373 sein
312 2336 465 2370 konnte.
487 2353 533 2359 -
579 2333 758 2378 quoniam.
808 2333 848 2368 S.
875 2334 904 2376 §.
923 2334 955 2368 2.

295 2383 327 2418 6.
359 2381 429 2415 tibi
451 2380 492 2413 id
514 2390 590 2413 esse
612 2381 740 2422 refer.‚
764 2379 848 2414 dass
873 2380 935 2414 Du
961 2378 1087 2413 diesen
1104 2378 1243 2412 Posten
1268 2376 1305 2410 in
1322 2377 1444 2411 Deine
1459 2377 1666 2420 Rechnung

203 2429 398 2472 eintragen
422 2428 589 2461 miissest.
614 2444 658 2450 —
705 2426 860 2470 discrep.
886 2430 979 2459 tuae.
1003 2425 1065 2458 Ex
1099 2424 1134 2458 h.
1154 2424 1180 2457 l.
1213 2423 1408 2467 colligitur
1431 2429 1581 2468 praeter
1604 2433 1664 2456 ra-

204 2475 325 2509 tiones
342 2471 585 2509 Proconsulis
610 2471 758 2505 nomine
782 2472 971 2506 confectas
994 2482 1016 2504 a
1041 2470 1301 2513 quaestoribus
1328 2469 1439 2504 etiam
1464 2468 1664 2514 separatim

201 2521 367 2557 rationes
391 2518 524 2553 confici
549 2518 747 2560 debuisse,
784 2528 876 2561 quas
901 2528 982 2551 cum
1005 2516 1089 2550 istis
1113 2516 1314 2551 convenire
1346 2521 1539 2561 oporteret
1564 2514 1665 2558 (eine

203 2567 427 2608 Controlle).
483 2564 588 2600 Idem
622 2563 792 2598 Manutio
823 2563 953 2598 visum.
1002 2562 1111 2597 SOH.
1148 2581 1190 2587 —
1237 2563 1362 2597 Addes
1394 2562 1461 2596 illa
1495 2561 1610 2595 verba
1641 2570 1664 2594 a

201 2625 261 2648 me
278 2613 425 2655 omissa,
453 2621 585 2655 nempe
607 2621 684 2643 meo
715 2610 828 2644 iussu.
845 2628 889 2634 —
928 2619 992 2643 nec
1015 2609 1049 2642 si
1073 2620 1196 2643 causa.
1245 2608 1310 2643 Sic
1340 2608 1417 2643 Md.
1438 2608 1538 2642 Crat.
1557 2606 1660 2642 Vict.

203 2661 234 2693 1.
259 2660 293 2694 2.
319 2658 461 2693 Bened.
489 2657 563 2692 del.
590 2667 700 2690 causa
724 2655 804 2689 sine
828 2665 937 2690 causa
957 2655 1051 2689 Cett.
1077 2655 1175 2689 coni.
1217 2655 1291 2689 ΟΒ.
1318 2673 1362 2681 ·-
1407 2653 1506 2689 Nam
1520 2652 1664 2688 wieder

201 2705 258 2739 als
290 2702 699 2749 Uebergangspartikel
736 2711 782 2736 zu
815 2702 936 2737 einem
973 2701 1118 2736 Puncte
1159 2701 1225 2736 des
1249 2700 1397 2735 Briefes
1427 2710 1500 2735 von
1529 2699 1663 2750 Rufus,

201 2752 351 2788 worauf
372 2752 506 2787 Cicero
538 2753 749 2786 antwortet.
782 2764 825 2774 -
883 2748 928 2782 de
959 2747 1024 2783 HS
1054 2757 1166 2791 nong.
1197 2747 1328 2782 millib.
1362 2752 1454 2791 cet.,
1486 2754 1563 2781 was
1597 2744 1660 2780 die
