1795 3043
533 55 843 106 EPISTOLA
890 53 1217 102 CCLXXXIV.
1505 60 1607 111 287

147 179 231 219 hoc
260 175 391 216 scire:
420 172 560 214 omnia
589 171 665 212 illa
692 169 841 224 prima,
872 180 981 220 quae
1011 169 1138 210 etiam
1165 168 1248 209 tuis
1276 167 1413 209 literis
1442 168 1488 209 in
1513 181 1606 211 cae-

147 235 236 275 lum
266 232 456 283 ferebas,
491 230 686 277 ε’πίτηκτοι
723 228 908 268 fuerunt.
969 226 1102 273 Quam
1132 239 1215 267 non
1253 231 1314 267 est
1349 227 1488 268 facilis
1523 227 1657 270 vir-6

146 291 236 331 tus!
283 302 407 341 quam
445 293 546 328 vero
586 285 776 326 difficilis
817 284 906 323 eius
946 283 1144 324 diuturna
1179 285 1411 325 simulatio!
1468 285 1608 333 Quum

143 348 262 388 enim
291 348 371 387 hoc
399 347 561 386 rectum
591 346 633 383 et
662 343 889 396 gloriosum
925 343 1140 393 putarem,
1171 354 1223 382 ex
1253 354 1391 382 annuo
1422 345 1606 396 sumptu,

147 405 222 456 qui
252 405 356 444 milii
385 403 574 443 decretus
605 403 737 451 esset,
773 410 840 439 me
871 398 916 439 C.
948 398 1093 438 Caelio
1124 400 1336 449 quaestori
1366 401 1608 452 relinquere

145 473 356 513 annuum,
395 461 553 500 referre
582 458 626 497 in
667 457 877 497 aerarium
907 455 958 496 ad
989 455 1095 495 H·S
1127 468 1190 507 x.3
1231 457 1435 508 ingemuit
1462 459 1609 498 nostra.

147 519 325 565 cohors,
366 528 485 557 omne
513 514 620 555 illu'd
650 516 801 566 putans
831 511 1027 553 distribui
1063 512 1144 553 sibi
1181 516 1400 565 oportere,
1443 517 1492 554 ut
1530 526 1608 568 ego

147 576 325 615 amicior
344 573 559 614 invenirer
579 573 791 624 Phrygum
815 572 856 611 et
876 571 1057 611 Cilicum
1085 571 1261 611 aerariis
1292 583 1418 622 quam
1448 574 1607 614 nostro.

147 633 231 673 Sed
261 644 327 671 me
355 643 438 670 non
468 632 699 670 moverunt.
756 628 863 669 Nam
901 629 942 668 et
978 640 1070 668 mea
1108 630 1204 668 laus
1240 628 1350 680 apud
1380 641 1447 668 me
1476 629 1610 681 pluri-

145 701 259 730 mum
288 688 432 729 valuit.
489 686 577 727 Nec
595 688 732 726 tamen
761 687 989 737 quicquam
1016 685 1252 726 honorifice
1279 687 1323 725 iu
1353 699 1609 737 quemquam

146 745 241 786 fieri
271 744 430 797 potuit,
460 744 570 795 quod
600 744 966 795 praetermiserim.
1027 743 1109 783 Sed
1139 744 1244 783 haec
1272 743 1428 792 fuerit,
1473 746 1519 783 ut
1548 744 1608 784 ait

146 801 433 854 Thucydides,
464 800 609 852 ἐκβολή
630 799 751 848 λόγου
772 814 865 841 rnon
894 800 1071 842 inutilis,
1130 801 1193 840 Tu
1224 803 1364 841 autem
1390 801 1441 840 de
1465 802 1606 840 nostro
1629 803 1659 845 ’7

146 860 256 899 statu
288 856 514 910 cogitabis:
561 860 764 910 primum,
805 871 887 910 quo
925 857 1107 898 artificio
1137 859 1331 897 tueamur
1360 858 1611 898 benevolen-

146 917 248 956 tiam
280 915 489 954 Caesaris:
529 915 680 955 deinde
709 917 760 956 de
790 917 881 967 ipso
912 916 1153 966 triumpho,
1199 928 1320 966 quem
1350 915 1495 968 video,
1524 914 1611 955 nisi

144 973 210 1014 rei
238 972 436 1024 publicae
466 974 655 1024 tempora
692 974 943 1025 impedient,
987 969 1237 1019 εὐπόρεστον.
1296 973 1442 1012 Iudico
1472 974 1612 1013 autem

144 1042 272 1081 quum
301 1041 352 1067 ex
381 1028 515 1068 literis
544 1030 787 1077 amicorum,
819 1032 907 1069 tum
937 1041 988 1068 ex
1019 1029 1351 1081 supplicatione,
1382 1042 1508 1080 quam
1536 1028 1611 1080 qui

144 1099 229 1126 non
259 1085 465 1137 decrevit,
495 1086 592 1137 plus
621 1086 821 1138 decrevit,
851 1099 977 1137 quam
1008 1087 1043 1126 si
1073 1099 1216 1126 omnes
1238 1086 1446 1126 decresset
1464 1087 1612 1125 trium-

144 1144 265 1196 phos.
316 1142 369 1182 Ei
386 1154 513 1193 porro
543 1155 735 1182 assensus
755 1145 817 1182 est
845 1156 953 1184 uuus
983 1144 1204 1183 familiaris
1231 1156 1364 1190 meuS‚
1384 1144 1611 1195 Favonius,

145 1201 255 1240 alter
283 1198 429 1250 iratus,
460 1199 628 1240 Hirrus.
689 1199 791 1239 Cato
834 1204 973 1240 autem
1003 1202 1043 1240 et
1073 1201 1295 1241 scribendo
1326 1200 1458 1241 adfuit
1488 1202 1529 1241 et
1559 1200 1612 1241 ad

145 1268 211 1297 me
241 1256 292 1295 do
323 1257 528 1295 sententia
556 1269 630 1295 sua
661 1255 984 1297 iucundissimas
1011 1258 1155 1298 literas
1173 1259 1297 1299 misit.
1359 1257 1441 1298 Sed
1469 1261 1613 1299 tamen

145 1313 362 1366 gratulans
390 1312 496 1352 mihi
527 1312 680 1352 Caesar
712 1313 763 1352 de
801 1315 1133 1365 supplicatione,
1172 1315 1406 1367 triumphat
1443 1315 1494 1354 de
1523 1327 1613 1355 sen-

144 1369 280 1409 tentia
300 1369 490 1409 Catonis:
530 1381 610 1408 nec
642 1369 804 1417 scribit,
839 1371 940 1421 quid
970 1371 1045 1411 ille
1076 1373 1310 1412 sententiae
1339 1372 1508 1420 dixerit,
1539 1371 1630 1447 sedx

145 1477 268 1511 obiter
293 1477 486 1511 dicam.—
528 1477 611 1520 hoc,
645 1479 860 1521 folgendes3
894 1480 1055 1513 niimlic'n
1080 1483 1203 1515 omnia
1237 1489 1307 1516 etc.
1344 1494 1438 1526 quae
1471 1482 1540 1517 tibi
1564 1482 1613 1517 de

144 1523 368 1557 abstinentia
393 1523 564 1565 omnium,
591 1524 654 1566 qui
680 1524 830 1557 suerunt
855 1525 893 1558 in
919 1527 1074 1561 cohorte
1098 1539 1196 1570 mea,
1222 1529 1446 1574 scripseram
1473 1532 1528 1573 (ut
1552 1540 1612 1575 ep.

145 1571 223 1604 196.
244 1571 319 1603 193.
339 1570 432 1611 209).
459 1569 566 1604 SCH.
586 1589 628 1594 —
675 1571 748 1602 tuis
778 1571 910 1605 literis.
945 1573 1073 1607 Lamb.
1107 1575 1217 1607 etiam
1249 1580 1287 1608 tu
1318 1577 1343 1610 l.
1389 1576 1487 1609 Hinc
1511 1575 1613 1610 Ben-

144 1617 209 1650 tiv.
237 1616 371 1660 suspic.
399 1616 509 1648 etiam
534 1620 571 1648 ta
597 1616 680 1649 tuis.
710 1617 841 1650 ΘΗ-
879 1620 1009 1662 ἐπίτη
1023 1634 1104 1655 κτα
1128 1622 1275 1663 fuerunt
1299 1621 1325 1656 i.
1343 1634 1376 1656 e.
1404 1622 1525 1666 fluxa,
1564 1622 1614 1657 ist

143 1662 225 1696 rein
251 1672 295 1695 zu
322 1663 475 1694 Wasser
499 1662 716 1704 geworden.

233 1709 265 1741 6.
298 1708 434 1749 virtute,
475 1708 861 1751 Rechtschaffenheit‚
899 1710 1115 1756 integritas,
1154 1714 1391 1749 abstinentia.
1415 1735 1460 1740 —
1496 1715 1612 1749 simu.-

140 1754 245 1794 latio,
272 1753 574 1797 Erlieucheluug.
607 1754 802 1798 Significat
827 1767 867 1789 se
883 1756 953 1790 hoc
976 1759 1137 1792 sensisse
1154 1762 1328 1806 exemplo
1346 1772 1511 1805 suorum,
1531 1761 1612 1805 qui,

142 1811 253 1843 quum
281 1799 538 1832 abstinentiam
567 1800 704 1835 tamdiu
739 1801 997 1846 simulassent,
1032 1811 1152 1839 tamen
1183 1808 1251 1840 sub
1283 1808 1474 1842 decessum
1505 1818 1609 1842 suum

141 1856 164 1879 e
188 1844 382 1896 provincia
407 1845 684 1890 prodidissent,
719 1858 759 1881 se
784 1847 887 1882 illam
917 1850 1091 1884 virtutem
1119 1853 1313 1887 simulasse
1346 1861 1503 1898 tantum,
1535 1863 1610 1888 non

140 1901 232 1925 vere
258 1891 443 1924 habuisse.
469 1891 576 1925 SCH.
597 1911 641 1916 —
681 1905 820 1933 annuo,
853 1906 926 1928 von
958 1896 1026 1931 der
1052 1897 1221 1943 Summe,
1255 1900 1317 1934 die
1348 1900 1417 1934 mir
1450 1899 1610 1935 iahrlich

142 1947 188 1970 zu
215 1937 370 1970 meincm
386 1938 568 1971 Aut'wand
594 1939 832 1982 angewiesen
856 1952 1003 1976 War.—
1037 1955 1207 1985 annuum,
1235 1947 1334 1989 quod
1361 1946 1410 1990 ei,
1437 1953 1475 1981 ut
1495 1957 1611 1990 quae-⁶

142 1983 258 2025 stori,
296 1983 331 2015 in
358 1993 488 2016 annum
515 1984 735 2029 deberetur,
769 1998 818 2020 ex
850 1998 970 2022 annuo
1003 1999 1171 2036 sumptu,
1211 1993 1276 2035 qui
1311 1994 1401 2027 mihi
1435 1994 1609 2027 decretus

142 2036 217 2072 est,
243 2029 460 2072 relinquere
486 2030 655 2074 adeoque
680 2032 726 2065 de
750 2044 833 2066 meo
857 2034 947 2068 dare
971 2037 1151 2072 volebam.
1168 2038 1276 2073 SCH.
1309 2040 1435 2074 Ueber
1462 2040 1611 2074 Caelius

141 2086 170 2109 s.
196 2086 255 2119 ep.
270 2075 347 2109 262.
367 2095 411 2100 —
448 2078 587 2118 referre
612 2079 649 2111 z'n
676 2090 769 2123 aer„
803 2080 840 2113 iii
867 2081 929 2114 die
957 2081 1416 2121 Staats-Schatzkammer
1442 2086 1609 2120 abzulie-

139 2122 236 2173 fern3
255 2139 298 2145 -
345 2122 394 2155 ad
417 2123 512 2156 H-S
540 2137 577 2157 X.
619 2136 740 2169 gegen
777 2126 859 2160 eine
892 2128 1040 2163 lllillion
1075 2130 1280 2165 Sestertien
1304 2144 1350 2166 =
1376 2130 1525 2175 100‚000
1550 2132 1607 2167 Fl.

139 2167 274 2201 Rhein.
293 2188 338 2194 —-
377 2174 503 2201 nostra
529 2169 674 2214 cohors,
699 2172 797 2206 mein
824 2174 995 2217 Gefolge.
1015 2195 1056 2200 —
1098 2188 1153 2210 me
1178 2189 1249 2211 non
1273 2190 1385 2218 mov„
1420 2179 1478 2213 ihi·
1503 2180 1608 2214 Mur-

138 2223 207 2246 ren
241 2213 343 2247 socht
371 2214 468 2265 mich
506 2216 608 2249 nicht
640 2228 696 2251 au.
720 2238 761 2242 —
808 2219 908 2264 laus,
947 2221 1102 2265 Beifall,
1136 2224 1202 2258 des
1229 2225 1455 2260 Gewissens.
1482 2246 1523 2251 —
1567 2225 1627 2258 in*

141 2269 351 2302 quemquam
383 2261 552 2304 illorum,
593 2264 656 2305 qui
693 2264 731 2297 in
758 2266 915 2300 cohorte
940 2278 1020 2302 mea
1044 2270 1204 2305 suerunt.
1231 2271 1338 2305 SCH.
1360 2291 1402 2296 —
1440 2269 1608 2316 ἐκβολὴ

140 2304 302 2354 λόγου,
329 2305 543 2350 degressiO,
570 2309 654 2343 eine
679 2311 994 2357 Abschweifung,
1021 2317 1274 2360 gelegentlich
1300 2318 1515 2362 beigesiigte
1528 2317 1608 2352 No-

139 2355 203 2383 tiz.
238 2348 277 2383 S.
304 2350 474 2397 Thucyd.
502 2356 545 2395 l,
571 2356 626 2390 97.
987 2371 990 2373 ’

234 2398 265 2429 7.
301 2397 594 2444 εὐπόριστον,
630 2402 830 2446 impetratu
863 2406 1017 2440 facilem.
1041 2427 1082 2432 -
1122 2419 1165 2442 esc
1196 2410 1478 2454 supplicatione,
1511 2418 1608 2452 quae

138 2446 197 2474 est
220 2442 441 2493 plerumque
466 2449 726 2490 praerogativa
759 2451 1062 2495 (Vorlauseriun)
1097 2455 1284 2500 triumphi.
1310 2457 1417 2490 SCH.
1441 2474 1487 2481 —-
1535 2465 1607 2488 non

138 2487 298 2539 decreuit
323 2499 347 2520 i.
377 2500 406 2522 e.
435 2490 544 2541 Cato,
578 2494 641 2543 qui
679 2496 763 2539 plus
789 2497 954 2532 decrevit
987 2511 1093 2542 quain
1126 2502 1264 2544 ceteri,
1300 2502 1388 2544 quia
1421 2501 1607 2535 sententia

138 2543 204 2566 sua
228 2533 375 2567 dixerat
399 2537 709 2579 supplicationem
734 2553 816 2576 esse
841 2543 1057 2579 inferiorem
1084 2547 1264 2591 dignitate
1280 2547 1473 2582 Ciceronis
1501 2547 1602 2590 (Vid.

139 2589 197 2622 ep.
217 2579 559 2633 CCLXVI).·SCH.
578 2602 622 2609 —
655 2588 850 2623 Favonius.
878 2601 905 2625 s.
923 2593 1240 2636 ep.CCLXV111,
1253 2595 1285 2628 2.
1315 2593 1602 2629 CCLXXVIII.

137 2641 182 2648 —
215 2630 334 2677 cratus
364 2628 471 2670 mihi,
513 2639 578 2662 aus
613 2631 712 2666 Zorn
745 2646 866 2679 gegen
899 2638 1008 2672 mich.
1050 2639 1089 2673 S.
1125 2640 1229 2673 deus,
1263 2640 1378 2675 Brief.
1406 2659 1450 2665 -
1491 2639 1601 2674 scrib.

137 2671 269 2712 adfuit.
306 2671 344 2706 S.
373 2674 541 2725 (ἢκ-278,
563 2675 594 2710 2.
617 2695 659 2728 .-
705 2679 850 2715 iucund.
885 2683 983 2717 liter.
1018 2696 1075 2729 ep.
1095 2686 1298 2722 CCLXVI.
1322 2706 1366 2711 —
1402 2685 1604 2730 triumphat

138 2715 181 2749 αθ
202 2727 231 2751 ³·
259 2717 364 2762 Cat„
394 2720 474 2756 scii.
506 2728 546 2756 ut
578 2724 669 2760 mihi
694 2728 917 2770 persuadeat
943 2731 1121 2765 Catonem
1147 2732 1287 2766 invidia
1311 2739 1348 2766 et
1372 2732 1602 2768 malevolen-
