1795 3043
531 16 844 65 EPISTOLA
880 15 1081 64 CCXIX.
1465 22 1535 72 87

78 130 213 170 fratre
242 141 332 177 suo,
368 130 410 170 et
438 141 534 171 cum
571 129 758 181 paternis
799 129 945 169 amicis
975 128 1206 170 maioribus
1246 131 1350 170 natu
1379 129 1434 171 ad
1461 142 1531 171 me

77 188 122 227 iu
154 188 292 228 castra
320 188 456 227 venit:
484 187 837 238 perturbatusque
868 188 910 225 et
939 185 1058 233 ssens,
1088 199 1216 237 quum
1234 187 1345 227 idem
1375 189 1417 227 et
1445 189 1528 227 sra-

78 246 145 283 ter
173 244 335 284 faceret
364 248 406 283 ot
423 244 562 292 amici,
592 256 726 283 meam
745 242 885 290 sidem,
916 246 1099 283 vestram
1117 245 1522 285 commendationem
1544 290 1545 293 Ἴ

76 301 308 352 implorare
337 301 488 353 coepit.
550 302 685 349 Quum
713 299 967 351 admirarer,
1003 300 1105 351 quid
1142 301 1363 341 accidisset
1402 303 1520 342 novi:

78 358 206 407 dixit,
251 357 305 397 ad
333 370 376 397 se
416 356 574 397 indicia
613 358 933 396 manifestarum
970 357 1217 397 insidiarum
1246 370 1335 398 esse
1365 359 1519 406 delata,

75 427 183 466 quac
224 416 361 453 esseut
397 416 494 453 ante
530 413 755 453 adventum
793 426 931 453 meum
960 415 1187 461 occultata,
1220 415 1330 465 quod
1355 416 1412 462 ii,
1445 416 1520 467 qui

75 484 126 511 ea
154 472 396 522 patefacere
423 473 616 523 possent,
657 471 831 522 propter
859 472 1017 511 metum
1046 471 1335 513 reticuissent:
1368 485 1418 512 eo
1447 485 1519 512 au-

72 532 155 567 tem
185 530 372 579 tempore
401 540 474 579 spe
501 528 583 567 mei
612 528 815 579 praesidii
844 530 1084 579 complures
1115 541 1176 577 ea,
1206 540 1315 580 quae
1343 531 1514 577 scirent,

73 585 274 624 audacter
303 584 355 623 ad
383 597 427 624 se
456 584 674 624 detulisse:
712 585 759 624 in
787 584 841 624 iis
870 586 1198 625 amantissimum
1226 586 1315 637 sui,
1357 598 1520 626 summa

71 642 229 693 pietate
268 640 503 692 praeditum
540 643 715 681 fratrem
755 641 897 681 dicere
934 654 1012 694 ea,
1051 655 1160 693 quae
1189 643 1321 682 meis
1350 655 1517 695 quoque

72 698 270 738 audiente
299 697 479 745 dicebat,
513 711 556 737 se
585 698 860 738 sollicitatum
890 711 993 750 esse,
1022 702 1069 738 ut
1091 711 1269 751 regnare
1287 701 1438 740 vellet:
1470 700 1516 739 id

70 756 167 795 vivo
197 755 329 794 fratre
358 767 433 793 suo
463 756 660 806 accipere
689 767 774 794 non
802 755 1009 808 potuisse:
1039 768 1082 794 se
1112 758 1252 796 tamen
1283 758 1381 797 ante
1404 757 1514 797 illud

70 813 234 862 tempus
265 822 357 850 eam
386 824 475 851 rem
504 824 717 862 nunquam
745 812 789 851 iu
808 813 990 853 medium
1017 815 1191 864 propter
1219 814 1402 865 periculi
1430 826 1515 853 me-

68 870 157 908 tum
185 868 426 919 protulisse.
497 869 613 915 Quae
652 881 780 919 quum
810 871 918 909 esset
954 870 1144 918 locutus,
1185 871 1330 910 monui
1358 883 1512 923 regem,

67 927 113 964 ut
142 937 306 964 omnem
337 924 596 978 diligentiam
628 926 679 965 ad
700 938 744 965 se
774 926 1105 966 conservandum
1135 927 1356 968 adhiberet
1367 941 1380 976 3
1411 928 1512 967 ami-

67 994 222 1033 cosque
250 982 383 1033 patris
413 983 500 1021 eius
529 984 654 1033 atque
684 983 753 1024 avi
781 982 940 1022 iudicio
970 982 1171 1033 probatos
1200 985 1392 1025 hortatus
1419 997 1512 1023 sum

65 1039 176 1091 regis
213 1039 279 1078 sui
314 1039 446 1079 vitam
483 1039 596 1078 docti
636 1052 737 1080 casu
777 1040 1047 1080 acerbissimo
1086 1041 1218 1093 patris
1267 1042 1358 1081 eius
1396 1041 1511 1080 omni

65 1108 166 1135 cura
195 1095 466 1148 custodiaque
497 1095 781 1137 defenderent,
841 1096 978 1143 Quum
1007 1110 1083 1138 rex
1112 1111 1140 1144 a*
1176 1111 1244 1138 me
1275 1098 1508 1150 equitatum
1531 1101 1560 1140 7

63 1207 241 1250 giinstigt‚
266 1207 314 1241 im
339 1208 369 1240 Ι.
396 1209 440 1242 63
464 1218 533 1241 vor
558 1208 658 1250 Chr.,
693 1207 761 1241 der
784 1208 830 1242 43
854 1218 926 1241 von
959 1207 1028 1241 der
1052 1209 1187 1242 Armee
1218 1210 1285 1244 des
1308 1210 1448 1244 Brutus
1473 1221 1508 1243 u.

63 1254 211 1288 Cassius
235 1253 402 1297 getodtet
426 1254 541 1287 ward.
589 1253 679 1287 Sein
703 1254 851 1287 Bruder
875 1254 1091 1288 Ariarathes·
1117 1257 1161 1298 (s,
1190 1255 1235 1289 ad
1260 1256 1372 1290 Attic.
1400 1256 1510 1299 XIII,

62 1300 117 1342 2),
142 1310 213 1331 von
239 1299 321 1332 dem
347 1298 430 1332 hier
454 1299 514 1331 die
539 1299 645 1332 Rede
670 1299 728 1342 ist,
753 1300 883 1334 wurde
909 1300 1025 1333 durch
1050 1300 1233 1334 Antonius
1257 1313 1340 1335 vom
1357 1302 1509 1335 Thi-one

57 1345 263 1388 *verdriingt
288 1345 362 1378 und
386 1344 555 1388 getodtet
579 1346 624 1380 34
647 1356 716 1378 vor
741 1345 842 1388 Chr„
866 1346 1031 1379 wclcher
1055 1347 1314 1390 Cappadocien
1339 1348 1421 1381 dem
1437 1349 1508 1381 Ar-

62 1392 214 1425 chelaus
247 1391 318 1434 gab
356 1393 400 1433 (s.
426 1391 502 1423 Dio
528 1392 629 1424 Cass.
654 1392 709 1432 49,
734 1392 807 1433 32.)
840 1391 908 1425 der
937 1392 1030 1425 nach
1065 1392 1170 1426 einer
1192 1393 1507 1437 funfzigiahrigen

61 1438 258 1481 Regirung
300 1447 372 1470 von
406 1436 583 1470 Tiberius
619 1438 711 1469 nach
752 1437 850 1472 Rom
889 1438 1044 1471 berusen
1079 1439 1154 1471 und
1183 1440 1353 1482 getbdtet
1388 1440 1507 1473 ward.

63 1483 148 1518 Seit
179 1484 302 1517 dieser
336 1482 420 1515 Zeit
453 1484 511 1524 (17
536 1483 629 1514 nach
653 1483 756 1523 Chr.)
792 1484 1053 1526 Cappadocien
1087 1484 1170 1517 eine
1193 1485 1301 1519 Rem.
1326 1486 1504 1520 Provinz.

61 1530 100 1565 S.
126 1529 249 1564 Tacit.
279 1529 411 1562 AnnaL
439 1528 498 1571 ΙΙ,
523 1528 579 1561 42.
615 1528 692 1561 Dio
719 1528 819 1561 Cass.
846 1530 902 1571 57,
928 1531 982 1563 17.
1010 1548 1054 1553 --
1075 1532 1249 1573 perturb„
1280 1532 1319 1565 in
1343 1532 1507 1575 heftiger

63 1576 466 1618 Gemiithsbewcguug.
492 1592 537 1598 —-
560 1578 667 1608 vestr.
694 1575 888 1608 commend.
909 1575 1027 1618 impl„
1053 1576 1149 1609 mich
1164 1578 1396 1621 amutiehen,
1422 1579 1506 1613 dass

60 1623 123 1655 ich
153 1623 253 1655 Eure
283 1621 535 1665 Empt'ehlung
567 1621 642 1653 und
674 1620 771 1654 mein
803 1621 1067 1665 Versprcchen
1099 1622 1136 1656 in
1162 1623 1351 1667 VVirkung
1384 1631 1505 1658 treten

60 1668 190 1711 liesse,
227 1667 267 1701 in
300 1667 501 1709 Eri‘iillung
534 1666 691 1710 bringeri
717 1667 874 1700 miichte.
903 1685 945 1691 ——
971 1668 1076 1708 novi,
1107 1670 1267 1702 namlich
1298 1671 1437 1703 binnen
1462 1682 1504 1703 so

59 1714 199 1748 kurzer
224 1713 318 1747 Zeit.
352 1713 466 1746 indic.
492 1713 617 1756 insiti„
649 1712 842 1756 Anzeigen
868 1723 939 1745 von
974 1713 1245 1758 hinterlistiger
1277 1716 1504 1750 Verschwii-

61 1771 157 1804 rung
181 1771 301 1804 gegen
325 1759 429 1792 seine
452 1759 609 1793 Person.
634 1777 679 1783 —
708 1768 768 1802 spe
791 1770 837 1792 m.
858 1770 932 1802 pr„
963 1758 1012 1791 im
1037 1759 1248 1794 Vestrauen
1273 1763 1339 1795 auf
1358 1762 1504 1796 meiuen

60 1806 211 1842 Schutz.
240 1825 284 1830 —
314 1806 355 1838 in
377 1805 427 1839 z'e's
459 1803 537 1848 (Sic
562 1804 639 1839 Md.
665 1805 764 1840 Vict.
792 1805 825 1837 2.
850 1805 889 1838 ‘in
920 1804 977 1838 lais
1002 1805 1126 1849 Cett.)‚
1159 1813 1269 1840 uhter
1292 1808 1432 1842 diesen.
1459 1829 1503 1833 —

59 1863 116 1885 me
148 1853 183 1886 is
214 1862 360 1895 quoque.
410 1850 475 1886 Sic
506 1850 583 1886 Md.
618 1851 715 1884 Crat.
743 1849 843 1886 Vict.
872 1853 903 1884 l.
930 1851 963 1885 2.
988 1851 1023 1883 is
1052 1862 1109 1884 me
1132 1853 1269 1887 Ceteri.
1299 1854 1372 1887 ΟΒ.
1399 1872 1443 1879 -
1467 1866 1504 1888 se

60 1899 178 1932 sollz'c.
212 1909 305 1939 esse,
339 1907 381 1930 er
412 1897 467 1930 sei
499 1897 627 1929 darum
662 1905 923 1941 angegangem
958 1907 1039 1930 man
1064 1897 1159 1930 habe
1190 1899 1253 1932 ihu
1289 1901 1504 1933 aul'inacheu

61 1945 212 1986 wollen,
237 1943 316 1978 sich
341 1942 401 1976 die
425 1943 554 1977 Krone
580 1943 823 1985 zuzueignen.
850 1962 886 1966 —
916 1942 997 1975 vivo
1022 1943 1139 1984 fratre
1164 1955 1209 1978 ε.-
1233 1946 1404 1987 quamdiu
1430 1948 1504 1981 fra-

61 1997 118 2024 ter
143 2000 229 2023 suus
261 1989 299 2023 in
329 1989 425 2023 vivis
451 1995 559 2022 esset.
608 1988 645 2022 S.
672 1988 821 2021 Ramsh.
847 1989 874 2030 §.
903 1989 982 2031 172,
1008 1990 1038 2022 1.
1064 1989 1096 2022 2.
1132 1990 1276 2024 Grotet'.
1300 1993 1328 2033 ᾗ.
1355 1993 1434 2026 329.
1461 2011 1507 2018 —-

61 2036 222 2079 accipere
247 2036 293 2068 de
317 2036 406 2069 Eril.
438 2033 622 2068 sementia
646 2033 731 2067 Sch.
762 2035 927 2067 accidere
960 2035 1056 2067 Cett.
1084 2046 1164 2069 cum
1190 2038 1266 2070 Md.
1305 2038 1457 2072 Literae
1479 2051 1505 2082 p

62 2089 99 2116 et
123 2084 145 2115 d
179 2081 378 2124 aliquoties
411 2081 585 2114 confusae
619 2079 656 2113 in
692 2079 769 2113 Md.
801 2091 834 2113 v,
871 2091 899 2113 e.
927 2080 1008 2113 Lz'b.
1043 2083 1099 2122 M,
1131 2083 1165 2122 5,
1193 2085 1223 2117 1.
1253 2095 1411 2127 propeas
1434 2096 1504 2128 pro

56 2129 225 2172 prodest&
255 2127 448 2161 ORELLI.
476 2146 515 2151 —
541 2137 617 2159 rem
642 2127 680 2159 in
703 2126 796 2158 med.
824 2127 1009 2169 proferre,
1045 2127 1125 2160 sich
1149 2128 1278 2162 Etwas
1302 2141 1374 2162 von
1401 2130 1507 2163 einer

63 2174 181 2207 Sache
211 2174 401 2207 verlauten
429 2173 561 2206 lassen.
589 2191 633 2196 —
659 2176 811 2216 propter
834 2176 985 2211 metum,
1018 2182 1065 2205 ne
1090 2174 1200 2207 vitam
1233 2175 1434 2209 amitteret.
1461 2195 1505 2201 —

61 2220 200 2253 iudicio
234 2220 427 2262 probatos,
471 2218 573 2251 seiue
612 2217 730 2250 durch
761 2218 826 2250 das
856 2218 1066 2253 Vertrauen
1108 2220 1228 2253 seines
1260 2222 1396 2257 Vaters
1431 2222 1505 2255 und

61 2265 320 2299 miitterlicheu
347 2266 587 2299 Grossvaters
611 2264 827 2297 bewahrteu
852 2264 1035 2299 Freunde.
1083 2265 1148 2301 Sic
1180 2266 1270 2300 ΕΠ).
1295 2268 1381 2302 Seli.
1407 2268 1502 2301 Lim.

63 2323 83 2345 e
108 2311 205 2345 coni.
233 2311 312 2344 'I'iti
335 2311 515 2354 Popmaei
547 2310 645 2354 apud
668 2310 819 2351 Lamb.,
851 2310 914 2352 qui
939 2311 1084 2354 probat.
1134 2312 1311 2356 Corrupti
1334 2313 1396 2347 hic
1420 2320 1506 2347 sunt

63 2358 156 2392 Cdd.
175 2367 299 2389 omnes
316 2362 470 2401 propter
484 2356 560 2390 Md.
573 2356 761 2391 mendum:
787 2357 990 2400 [cuneosque
1013 2358 1054 2390 in
1075 2359 1196 2401 patris
1220 2359 1297 2392 eius
1320 2364 1425 2402 atque
1448 2360 1506 2392 ia-

62 2404 160 2437 (Ic'cz'o
180 2403 346 2445 probato.
396 2402 526 2445 Itaque
550 2403 635 2435 Bas.
664 2408 699 2436 et
724 2401 824 2438 Vict.
841 2404 872 2436 1.
889 2403 921 2444 2,
940 2403 1002 2435 sed
1022 2404 1278 2446 probatoss—
1302 2407 1506 2447 (cernensque

63 2451 102 2484 in
130 2450 252 2494 patris
286 2449 362 2481 eius
384 2449 452 2490 fide
476 2452 580 2492 atque
603 2449 664 2481 avi
687 2449 826 2482 iudicio
853 2448 951 2482 Crat.
979 2453 1084 2493 atque
1108 2450 1169 2482 avi
1193 2450 1330 2484 iudicio
1356 2451 1506 2494 antiqua

63 2507 150 2530 sane
182 2501 239 2528 est
271 2494 474 2536 correctio,
507 2505 616 2536 quum
655 2494 710 2528 sic
747 2494 881 2527 habeat
910 2494 988 2528 Erf.
1034 2496 1229 2529 ORELLI.
1260 2515 1305 2521 —
1336 2497 1434 2529 docti
1462 2509 1507 2529 z

65 2541 188 2575 edocti
213 2551 299 2574 casu
323 2551 377 2574 ccc.
404 2551 440 2585 p.
456 2540 544 2579 eius,
571 2539 692 2573 indem
718 2540 773 2574 sie
797 2540 877 2574 sich
901 2540 1112 2576 dashochst
1128 2542 1291 2586 traurige
1311 2542 1504 2578 Schicksal

65 2588 186 2622 seines
216 2587 353 2623 Vaters
379 2597 445 2620 zur
469 2586 662 2629 Warnung
686 2586 821 2620 dienen
845 2586 995 2620 liessen.

154 2635 187 2668 7.
236 2633 379 2675 debere,
404 2632 565 2666 sondern
591 2632 675 2666 dass
699 2632 759 2666 ich
783 2642 894 2677 sogar
919 2633 1013 2667 dazu
1038 2633 1253 2667 verbunden
1279 2633 1345 2668 sei.
1372 2653 1416 2659 --
1448 2645 1507 2668 res

63 2679 228 2724 publica,
259 2679 324 2716 das
350 2680 536 2715 Interesse
560 2689 713 2715 anseres
739 2678 873 2716 staats.
901 2699 943 2705 —-
965 2681 1080 2725 pates.
1101 2691 1148 2716 Ξ
1179 2680 1279 2725 quod
1301 2681 1506 2727 patefactae
