1795 3043
228 67 329 115 206
534 61 600 108 M.
635 61 689 107 Τ.
726 58 1068 110 CICERONIS
1101 61 1476 111 EPISTOLAE.
1773 0 1782 118 i

229 176 349 216 nulla
377 184 457 214 nec
496 185 647 226 magna
683 186 757 226 spe
794 186 951 216 sumuS.
1008 173 1249 224 Pinarium,
1288 187 1412 227 quem
1449 176 1553 218 mihi
1581 188 1692 219 com-

229 232 415 279 mendas,
447 231 767 284 diligentissime
786 231 1010 272 Deiotarus
1031 234 1152 272 curat
1181 233 1364 285 graviter
1392 245 1576 286 aegrum.
1615 234 1695 274 Re-

153 289 209 330 24
233 289 384 341 spondi
414 288 541 328 etiam
570 289 739 329 minori.
805 289 893 340 Tu,
933 287 1082 338 velim,
1124 288 1221 328 dum
1251 302 1323 329 ero
1352 290 1607 338 Laodiceae,
1650 290 1696 330 id

233 348 318 393 est,
354 344 406 385 ad
435 345 534 384 Idus
552 344 678 396 Mai„
709 357 834 396 quam
864 346 1106 397 saepissime
1135 359 1300 386 mecum
1328 359 1405 398 per
1434 348 1580 388 literas
1610 348 1696 387 col·
1775 247 1780 436 ι

230 404 426 454 loquare:
470 403 513 442 et
550 414 677 453 quum
705 402 890 442 Athenas
925 403 1116 450 veneris,
1154 403 1325 442 —iam
1363 405 1476 444 enim
1516 405 1696 446 sciemus
1743 408 1779 445 ·“,

234 461 286 500 de
314 459 441 499 rebus
479 458 672 506 urbanis,
713 459 765 499 de
804 459 1058 510 provinciis,
1101 471 1210 510 quae
1249 460 1390 501 omnia
1429 461 1473 501 in
1512 472 1696 501 mensem

232 516 435 557 Martium
472 517 569 556 suut
609 516 787 562 collata,
817 537 877 544 -—-
909 517 1057 566 utique
1088 516 1139 556 ad
1169 529 1235 557 me
1264 517 1510 558 tabellarios
1539 518 1697 559 mittas.

153 575 211 617 25
237 573 319 614 Sed
348 574 452 613 heus
481 575 550 620 tu,
589 572 728 612 iamne
754 584 828 612 vos
857 586 882 612 a
912 573 1113 621 Caesare,
1155 586 1232 625 per
1261 573 1498 626 Herodem,
1537 575 1699 614 talenta.

232 630 378 672 Attica
408 644 448 672 L.
487 627 748 669 extorsistis?
790 629 835 668 in
885 641 991 681 quo,
1035 631 1082 670 ut
1123 631 1274 681 audio,
1320 643 1518 684 magnum
1555 630 1699 670 odium

233 688 427 739 Pompeii
458 686 715 737 suscepistis.
772 685 899 725 Putat
938 686 1051 725 enim
1087 700 1182 726 suos
1221 700 1414 728 nummos
1454 700 1528 729 vos
1562 700 1700 728 come-

234 744 369 793 disse3
395 744 615 783 Caesarem
633 742 676 781 in
695 741 943 782 Nemorensi
965 742 1225 784 aedificando
1249 735 1562 797 diligentiorem
1591 746 1697 785 fore.

233 802 328 842 Hoc
360 812 436 852 ego
468 812 520 840 ex
549 800 598 840 P.
618 799 762 845 Vedio,
793 810 943 852 magno
972 800 1201 847 nebulone,
1234 801 1306 841 sed
1336 802 1528 854 Pompeii
1557 802 1700 842 tamen

232 857 456 908 familiari,
486 856 643 897 audivi.
702 856 786 896 Hic
817 856 972 896 Vedius
1000 858 1116 898 venit
1144 859 1248 897 mihi
1276 858 1442 899 obviam
1473 871 1570 899 cum
1599 859 1702 899 duo-

234 915 313 954 bus
343 913 497 954 essedis
528 915 569 953 et
589 912 721 952 rheda
746 914 864 964 equis
886 914 1033 953 iuncta
1052 916 1093 954 et
1115 915 1271 954 lectica
1287 917 1329 954 et
1346 915 1509 955 familia
1528 927 1699 968 magna:

232 983 312 1024 pro
352 984 459 1022 qua,
498 971 534 1010 si
566 970 692 1009 Curio
740 970 874 1022 legem
912 971 1161 1022 pertulerit,
1205 972 1290 1012 HS.
1329 975 1509 1012 centena
1546 973 1702 1025 pendat

233 1105 432 1139 sonischen
466 1115 513 1138 zu
537 1103 609 1137 den
636 1102 743 1137 Oscis
773 1103 969 1147 gez'ahlten
995 1103 1264 1138 Volkerschaft
1296 1103 1333 1137 in
1360 1104 1603 1149 Campanien‚
1637 1115 1704 1148 ge-

233 1152 362 1195 biirtig
386 1162 478 1185 war.
527 1151 581 1184 Er
605 1150 701 1184 wird
726 1159 767 1183 so
798 1161 882 1182 vom
907 1150 1119 1183 Wucherer
1143 1150 1187 1184 L.
1206 1150 1387 1195 Egnatius
1411 1152 1531 1185 Rufus
1558 1151 1618 1194 (ad
1634 1153 1703 1186 At-

235 1199 299 1232 tic.
318 1198 387 1240 IV,
411 1198 467 1230 12.
493 1197 611 1239 VIII,
631 1198 691 1234 18.
727 1196 786 1237 X,
804 1196 859 1229 15.
896 1195 941 1228 ad
966 1196 1120 1229 Divers.
1147 1197 1265 1239 XIII,
1285 1198 1330 1232 43
1355 1208 1391 1231 υ.
1417 1198 1602 1231 Maximus
1636 1208 1703 1230 un-

235 1244 483 1279 terschieden.
506 1261 550 1268 —
586 1243 629 1277 T.
654 1242 860 1276 Pinarium.
901 1241 938 1275 S.
965 1242 1011 1274 ad
1036 1241 1165 1275 Famil.
1186 1243 1302 1283 VIII,
1325 1244 1368 1277 15
1394 1244 1702 1285 (CCCXXXV.).

235 1291 327 1330 XII,
348 1290 392 1323 24
419 1289 647 1331 (DCCXC.).
696 1287 809 1320 Nicht
843 1297 889 1320 zu
920 1288 1176 1320 verwechseln
1201 1289 1267 1321 mit
1292 1290 1344 1322 M.
1369 1289 1544 1323 Pinarius
1569 1289 1706 1332 Rusca,

236 1337 305 1371 der
330 1336 397 1370 623
423 1335 483 1368 die
510 1335 573 1368 lex
598 1333 740 1367 annalis
765 1334 819 1366 als
845 1333 1016 1366 tribunus
1040 1334 1090 1376 pl.
1119 1334 1367 1369 durchsetzte.
1403 1335 1441 1369 S.
1468 1335 1514 1369 de
1531 1336 1636 1370 Orat.
1650 1336 1703 1379 ΙΙ,

236 1384 294 1420 65.
312 1402 355 1407 —
390 1381 546 1421 minori,
572 1380 744 1424 pusillae.
783 1378 821 1413 S.
848 1380 995 1423 Ansang
1020 1379 1143 1413 dieses
1169 1380 1197 1422 ἓ.

327 1429 384 1464 24.
412 1429 459 1461 ad
474 1428 522 1461 id.
541 1428 658 1469 Mai..
680 1426 738 1459 bis
755 1436 876 1470 gegen
894 1425 963 1459 den
985 1426 1191 1460 15.Mai.-
1214 1426 1304 1470 iam,
1324 1437 1382 1460 um
1398 1426 1459 1460 die
1473 1427 1556 1461 Zeit
1573 1428 1701 1462 sehon.

236 1495 282 1501 —
318 1476 357 1509 in
387 1486 435 1508 m.
467 1474 588 1508 Mart.
620 1473 776 1513 collata,
815 1472 879 1505 auf
910 1472 983 1505 den
1013 1473 1271 1507 Marzmonath
1303 1474 1555 1518 verschoben‚
1592 1475 1705 1508 anbe-

237 1527 358 1556 raumt
384 1521 444 1555 ist.
483 1520 522 1554 S.
550 1531 609 1563 ep.
629 1517 852 1560 CCXXnI,
868 1519 901 1552 5.
921 1519 956 1552 9.

328 1568 386 1602 25.
421 1566 614 1600 Herodem.
641 1566 726 1598 Asc.
742 1565 772 1597 l.
800 1564 901 1597 Crat.
934 1564 1034 1600 Vict.
1055 1566 1087 1597 1.
1127 1563 1293 1598 Orodem.
1327 1564 1418 1599 Cld.
1450 1565 1578 1599 Lamb.
1610 1565 1706 1599 Ero-

237 1618 318 1648 tem.
336 1614 478 1648 Placet.
498 1611 694 1645 ORELLI.
734 1610 875 1643 Dieser
889 1621 968 1643 war
994 1610 1052 1643 ein
1070 1610 1375 1653 Freigelassener
1401 1612 1474 1645 und
1492 1612 1707 1645 Geschafts-

236 1661 420 1703 besorger
445 1658 699 1703 (procurator)
726 1655 793 1689 des
818 1656 962 1690 casars.
986 1674 1031 1680 —
1067 1656 1110 1689 L.
1137 1657 1272 1690 talenta
1297 1659 1375 1690 Att.
1400 1667 1448 1691 =
1470 1658 1707 1701 120‚000F1.,

238 1707 386 1742 welche
411 1707 525 1740 Casar
550 1704 632 1737 dem
657 1702 808 1737 Attikus
834 1701 1005 1746 schuldig
1030 1713 1122 1737 war.
1138 1721 1181 1727 —
1222 1714 1382 1746 suscep„
1408 1704 1474 1737 Ihr
1503 1704 1610 1737 Euch
1643 1713 1708 1738 zu·
1792 1739 1793 1743 ,

236 1763 409 1799 gezogen
435 1752 535 1785 habt.
552 1769 596 1775 —-
636 1761 720 1783 suos
745 1759 928 1791 mcm7n08‚
968 1749 1124 1782 fortasse
1150 1749 1251 1791 quod
1277 1749 1413 1783 Caesar
1444 1749 1517 1793 ipsi
1544 1761 1592 1783 ex
1616 1761 1708 1794 pen-

237 1801 345 1835 sione
386 1798 484 1832 dotis
523 1796 694 1830 debebat.
719 1815 764 1820 —
811 1795 1005 1829 Caesarem
1123 1796 1224 1838 fore,
1274 1796 1416 1837 „Casar
1452 1796 1582 1829 werde
1616 1807 1704 1840 nun,
1789 1815 1792 1826 .

236 1846 353 1881 meint
378 1856 441 1885 er,
479 1843 578 1878 heim
603 1843 683 1876 Bau
717 1841 841 1876 seiner
866 1841 968 1875 Villa
1003 1840 1049 1873 im
1077 1841 1213 1874 Walde
1247 1852 1320 1874 von
1345 1840 1474 1875 Aricia
1503 1842 1707 1876 rathlicher
1783 1839 1795 1890 j}

237 1903 286 1927 zu
318 1891 462 1926 werke
495 1890 615 1932 gehen
652 1889 832 1922 mussen.''
869 1887 1133 1921 WIELAND.
1195 1888 1283 1921 Man
1323 1887 1441 1930 sieht‚
1477 1887 1561 1922 dass
1593 1889 1708 1922 casai-

237 1937 352 1973 keine
377 1938 471 1970 Lust
496 1936 596 1969 hatte
621 1935 703 1968 dem
730 1933 954 1978 Pompeius,
984 1933 1122 1966 seinem
1147 1932 1498 1977 Schwiegersohne,
1524 1933 1585 1967 die
1610 1935 1707 1969 noch

237 1983 473 2019 restirenden
499 1992 655 2026 grossen
674 1981 848 2016 Summen
876 1980 943 2013 der
961 1979 1104 2023 Milgift
1124 1979 1248 2014 seiner
1275 1979 1413 2013 bere-its
1438 1981 1706 2014 verstorbenen

238 2030 407 2065 Tochter
433 2029 530 2063 Iulia
554 2028 822 2069 auszuzahlen,
860 2026 1036 2069 obgleich
1063 2037 1104 2059 er
1129 2026 1361 2069 ungeheures
1389 2025 1486 2059 Geld
1510 2037 1622 2069 sogar
1646 2027 1710 2060 auf

237 2075 445 2118 unnothige
469 2073 780 2118 Prachtgebaude
804 2072 1121 2106 verschleuderte.
1179 2071 1336 2105 Romani
1368 2071 1506 2104 Nemus
1539 2073 1707 2116 appella-

237 2125 328 2158 bant
354 2123 391 2155 in
416 2121 571 2155 Aricino
609 2131 699 2164 agro
733 2120 855 2153 lucum
887 2119 1034 2152 Dianae
1068 2128 1229 2160 sacrum3
1263 2123 1300 2151 et
1333 2117 1528 2151 Caesarem
1562 2124 1706 2152 constat

237 2169 322 2204 illic
347 2167 669 2211 sumptuosissime
705 2166 830 2200 villam
861 2165 1098 2207 aedificasse,
1131 2174 1237 2206 quam
1264 2162 1394 2205 etiam,
1429 2163 1516 2206 quia
1547 2164 1590 2197 ad
1626 2165 1706 2198 ani-

237 2226 337 2251 mum
361 2224 435 2247 non
462 2213 733 2256 respondebat,
766 2218 878 2245 totam
903 2210 1104 2244 demolitus
1130 2209 1189 2244 sit.
1232 2209 1321 2244 Vid.
1348 2208 1504 2243 Sueton.
1533 2210 1570 2242 in
1597 2211 1705 2245 Caes.

239 2262 313 2296 vit.
325 2272 360 2294 c.
371 2261 427 2294 46.
450 2258 738 2292 TURNEBUS.
751 2278 795 2283 —
819 2257 1094 2299 diligentiorem
1108 2254 1299 2299 explicant
1311 2256 1533 2298 parciorem.
1549 2256 1705 2290 Rectius

239 2307 406 2343 arbitror
431 2305 485 2338 sic
509 2304 693 2347 intelligi:
726 2304 930 2349 Pompeius
964 2308 1067 2347 putat
1091 2312 1178 2335 suos
1203 2311 1368 2334 nummos
1394 2312 1460 2335 vos
1485 2302 1705 2345 comedisse,

238 2364 333 2399 quos
358 2363 379 2386 a
403 2352 563 2386 Caesare
589 2350 820 2393 extorsisti53
853 2349 971 2383 nihilo
996 2348 1118 2382 secius
1144 2358 1225 2380 eum
1251 2347 1287 2380 in
1314 2347 1545 2381 aedificando
1570 2349 1708 2382 Nemo-

238 2398 343 2435 rensi
368 2397 648 2441 diligentiorem
675 2397 757 2430 fore
781 2396 816 2430 h.
834 2407 867 2429 e.
895 2402 1119 2436 curaturum,
1147 2399 1185 2426 ut
1208 2393 1369 2426 celerius
1394 2393 1488 2427 illud
1509 2405 1602 2438 opus
1620 2405 1708 2438 per-

238 2446 401 2487 ficiatur,
428 2455 501 2486 quo
526 2443 646 2476 minus
672 2453 713 2475 se
740 2441 933 2486 pecuniam
958 2451 980 2474 a
1000 2441 1157 2474 Caesare
1182 2445 1419 2483 accepturum
1444 2446 1580 2484 sperat.
1598 2439 1705 2474 SCH.

241 2512 285 2519 -—
317 2491 466 2535 familia
490 2499 646 2531 magna,
674 2499 708 2522 u.
734 2488 801 2521 mit
825 2487 945 2521 einem
970 2496 1114 2529 ganzen
1140 2486 1264 2518 Heere
1289 2496 1362 2518 von
1387 2485 1569 2527 Dienern‚
1597 2485 1706 2520 Skla-

240 2549 324 2573 ven.
342 2557 384 2561 —
417 2546 488 2581 pro
514 2546 603 2579 qua,
634 2534 694 2567 fiir
718 2534 888 2567 welchen
905 2532 1053 2576 Aufzug
1078 2542 1119 2565 er
1143 2531 1371 2575 wenigstens
1395 2533 1542 2573 100,000
1559 2530 1707 2565 Sester-

240 2585 319 2620 tien
345 2582 550 2627 Wegge1d‚
576 2578 911 2623 Strassenbaugeld
937 2589 982 2612 zu
1009 2577 1189 2611 bezahlen
1216 2577 1335 2611 haben
1369 2577 1477 2611 wird.
1524 2577 1559 2610 si
1592 2577 1707 2611 Curio

240 2632 360 2674 legem
379 2627 575 2673 pertulerit
598 2626 679 2661 scil.
695 2626 877 2667 viariam,
904 2635 1025 2668 quam,
1050 2630 1090 2657 ut
1105 2623 1256 2658 Caelius
1282 2622 1434 2668 scripsit
1451 2623 1706 2666 ep.CCXLII‚

241 2678 299 2720 5.,
333 2687 405 2710 una
440 2685 522 2708 cum
557 2672 793 2707 alimentaria
823 2671 871 2704 ad
903 2671 1081 2716 populum
1115 2670 1261 2703 tulerat.
1308 2670 1359 2703 Et
1387 2668 1511 2702 viaria
1540 2669 1707 2712 quidem,

241 2722 346 2768 quod
370 2720 464 2758 vidit
478 2719 689 2765 Ernestius,
714 2719 808 2754 hanc
831 2716 907 2753 vim
930 2716 1105 2753 habuisse
1130 2715 1293 2760 videtur,
1319 2720 1359 2750 ut
1376 2714 1459 2750 viae
1481 2725 1551 2761 per
1564 2715 1710 2750 Italiam
