1795 3043
148 38 250 85 264
454 33 518 81 M.
555 34 611 80 Τ.
647 31 990 83 CICERONIS
1024 36 1398 84 EPISTOLAE.

153 157 250 186 cum
282 144 331 194 Q.
353 146 560 188 Servilius
590 149 720 199 esset,
757 149 908 190 literae
943 163 969 191 a
995 150 1099 191 meis
1129 151 1226 191 sunt
1254 149 1458 191 redditae.
1517 150 1619 193 Dixi

155 204 298 243 statim
327 204 529 257 Servilio,
565 227 623 235 -—
652 206 807 247 etenim
845 207 1068 248 videbatur
1099 209 1451 256 essecommotus
1479 229 1536 237 -—-
1573 211 1620 249 ut

157 261 298 300 omnia
329 274 353 300 a
381 273 448 301 me
486 261 647 303 maiora
687 266 961 317 exspectaret.
1021 265 1130 313 Quid
1165 265 1327 305 multa?
1370 264 1621 306 benevolen-

157 318 243 357 tior
272 317 365 364 tibi,
397 331 522 370 quam
551 319 627 367 fui,
659 321 798 373 nihilo
821 334 913 362 sum
936 323 1096 364 factus:
1125 322 1371 375 diligentior
1399 321 1452 363 ad
1481 322 1620 363 decla-

157 375 332 415 randam
362 375 700 418 benevolentiam
728 380 873 421 multo.
929 378 1051 432 Nam,
1079 381 1127 420 ut
1155 381 1288 422 vetus
1305 380 1449 420 nostra
1479 380 1622 419 simul-

159 433 223 471 tas
253 434 376 472 autea
405 433 650 475 stimulabat
679 448 764 488 me,
809 437 858 477 ut
897 449 1112 486 caverem,
1151 449 1206 477 ne
1244 436 1315 477 cui
1343 435 1622 489 suspicionem

159 487 259 528 ficte
288 491 590 532 reconciliatae
629 494 790 546 gratiae
831 494 996 536 darem:
1038 495 1099 535 sic
1130 493 1314 535 affinitas
1343 505 1453 535 nova
1480 505 1625 535 curam

160 547 267 587 mihi
297 545 419 588 affert
448 550 646 602 cavendi,
676 562 730 589 ne
759 551 861 602 quid
889 552 942 592 de
970 564 1132 593 summo
1160 564 1253 593 meo
1283 563 1383 605 erga
1412 551 1455 591 te
1483 559 1625 592 amore

161 603 399 646 detractum
428 617 519 647 esse
547 606 755 649 videatur.

333 776 650 824 EPISTOLA
686 778 969 827 CCLXXVI.
1017 781 1100 841 (ad
1134 781 1225 827 Att.
1260 780 1342 827 VI.
1380 780 1449 839 6.)

339 865 421 900 Ser.
447 864 562 901 Sidae
592 877 721 901 mense
746 866 899 904 Sextili.
925 869 970 904 A.
994 868 1040 904 U.
1066 868 1107 904 C.
1133 869 1210 905 704.
1236 870 1283 912 (a.
1309 868 1350 903 C.
1375 868 1448 909 50.)

163 934 224 970 De
248 934 474 969 Dolabellae
506 935 698 970 affinitate.
732 937 764 971 1.
819 936 867 970 de
899 936 1017 972 Attici
1057 937 1258 981 largitione
1297 936 1334 970 in
1367 934 1628 970 Athenienses,

163 980 211 1015 de
235 981 430 1016 Hortensii
453 988 585 1016 morte.
611 982 645 1017 2.
696 981 742 1016 de
755 983 884 1018 Caelio
910 989 1109 1027 quaestore
1134 983 1354 1029 provinciae
1377 981 1629 1027 praesecto.3.

685 1028 732 1062 de
764 1040 832 1075 spe
857 1030 1050 1075 triumphi.
1074 1031 1109 1064 4.

658 1097 844 1133 CICERO
870 1098 1062 1134 ATTICO
1096 1097 1136 1134 S.

275 1166 392 1220 Ego,
431 1165 529 1208 dum
556 1167 602 1208 in
640 1168 863 1219 provincia
898 1168 1093 1210 omuibus
1129 1167 1255 1210 rebus
1284 1165 1471 1220 Appium
1511 1177 1631 1218 orno,

164 1223 305 1264 subito
335 1236 427 1264 sum
456 1225 593 1265 factus
623 1226 883 1265 accusatoris
913 1225 1003 1265 eius
1041 1238 1178 1266 socer.
1249 1225 1299 1265 Id
1338 1224 1532 1275 quidem,
1570 1224 1633 1263 in·

165 1281 283 1332 quis,
332 1280 393 1320 dii
434 1280 685 1333 approbent.
754 1282 819 1322 Ita
860 1282 1008 1323 velim:
1057 1285 1183 1334 teque
1218 1282 1281 1322 ita
1319 1293 1475 1333 cupere
1514 1282 1632 1320 certo

164 1338 267 1378 scio.
329 1337 412 1378 Sed
453 1337 578 1378 crede
615 1338 744 1386 mihi,
786 1339 898 1379 nihil
935 1340 1075 1380 minus
1111 1341 1306 1392 putaram
1336 1349 1435 1392 ego:
1477 1336 1551 1388 qui
1581 1336 1635 1377 de

165 1396 230 1436 Ti.
273 1393 454 1443 Nerone,
487 1396 562 1446 qui
587 1407 752 1436 mecum
776 1397 933 1449 egerat,
965 1399 1102 1437 certos
1131 1397 1323 1437 homines
1354 1395 1407 1436 ad
1436 1394 1635 1435 mulieres

165 1453 380 1501 miseram3
411 1452 485 1503 qui
504 1452 678 1493 Romam
707 1455 930 1506 venerunt,
960 1455 1087 1495 factis
1106 1453 1380 1506 sponsalibus.
1441 1451 1524 1492 Sed
1552 1450 1636 1492 hoc

166 1521 289 1562 spero
319 1510 484 1549 melius.
533 1510 736 1550 Mulieres
766 1510 937 1561 quidem
960 1511 1085 1552 valde
1112 1511 1306 1564 intelligo
1337 1508 1543 1550 delectari
1565 1507 1637 1548 ob-

167 1566 313 1619 sequio
353 1568 395 1606 et
433 1567 631 1607 comitate
672 1566 961 1608 adolescentis.
1021 1567 1172 1608 Cetera
1208 1569 1299 1608 noli
1338 1564 1634 1610 ὲξακανθίζειν·
1683 1616 1688 1619 ,

167 1686 275 1723 stadt
300 1700 337 1723 u.
364 1688 549 1723 Seehafen
574 1700 619 1723 an
644 1688 712 1723 der
736 1688 855 1724 Kiiste
880 1699 954 1722 von
977 1689 1226 1734 Pamphilien.
1246 1708 1290 1714 -
1326 1688 1530 1733 Servilius,
1569 1687 1638 1722 der

166 1735 317 1769 Freund
345 1746 380 1769 u.
409 1735 734 1781 Geschaftstrager
759 1736 825 1770 des
849 1736 1009 1780 Appius.
1048 1736 1085 1771 S.
1112 1747 1169 1780 ep.
1189 1736 1378 1779 CCLXV,
1397 1737 1431 1771 1.
1449 1753 1492 1760 —
1539 1745 1637 1769 com-

166 1784 304 1823 motus,
340 1788 454 1816 etwas
480 1782 660 1817 betreten.
687 1802 732 1808 —-
765 1786 806 1816 ut
829 1783 952 1816 omnia
981 1809 988 1817 .
1004 1807 1035 1817 ..
1062 1786 1305 1826 exspectaret,
1341 1792 1383 1815 er
1406 1781 1531 1815 konne
1556 1781 1637 1815 sich

168 1827 303 1861 darauf
330 1828 540 1871 verlassen,
586 1829 669 1863 dass
703 1828 764 1863 ich
796 1838 867 1862 nur
908 1829 1015 1862 desto
1051 1829 1206 1872 eifriger
1241 1829 1302 1862 fiir
1332 1827 1433 1862 Dich
1466 1827 1637 1861 arbeiten

168 1874 313 1909 wiirde.
364 1875 425 1908 Da
449 1874 486 1908 in
512 1875 593 1908 dixi
616 1887 661 1909 τ’.
686 1875 860 1909 admonui
876 1874 1092 1919 Servilium,
1119 1875 1154 1908 ei
1180 1874 1407 1919 persuadere
1425 1873 1542 1917 volui,
1570 1873 1639 1907 der

166 1920 320 1964 Begriff
338 1920 486 1954 starker
511 1921 732 1966 Forderung
758 1921 868 1964 liegt,
902 1933 943 1955 so
970 1921 1066 1965 solgt
1090 1926 1142 1955 ut.
1177 1920 1215 1956 S.
1230 1921 1381 1955 Ramsh.
1406 1922 1436 1965 §.
1451 1921 1532 1964 193,
1553 1921 1587 1962 1,
1604 1921 1637 1954 1.

170 1966 318 2001 Grotet.
349 1967 378 2010 §.
402 1969 489 2010 397,
508 1968 542 2002 1).
569 1987 614 1993 ——
657 1968 845 2010 simultas,
881 1967 1008 2002 Zwist.
1030 1987 1073 1992 -—
1116 1978 1159 2001 ne
1191 1968 1251 2001 cui
1277 1994 1284 2001 .
1302 1993 1310 2001 .
1327 1993 1336 2001 .
1363 1967 1511 2009 darem,
1547 1964 1634 2000 dass

169 2012 231 2047 ich
255 2013 485 2047 Niemanden
513 2024 558 2047 zu
585 2014 666 2047 dem
688 2016 904 2057 Argwohne
922 2014 1207 2057 Veranlassung
1231 2014 1338 2057 gabe,
1364 2013 1418 2047 als
1444 2013 1492 2046 ob
1518 2012 1641 2045 meine

169 2059 423 2103 Aussohnung
449 2060 514 2094 mit
538 2060 612 2093 Dir
636 2060 739 2094 nicht
764 2060 965 2104 aut'richtig
991 2071 1165 2104 gewesen
1191 2060 1257 2094 sei.
1281 2079 1323 2084 -
1369 2070 1496 2093 curam
1521 2059 1641 2101 affert,

169 2106 276 2141 fios-st
301 2106 371 2139 mir
398 2107 458 2140 ‹iie
476 2106 596 2150 sorge
623 2107 752 2141 ein.—-
778 2107 978 2140 detractum
1004 2117 1079 2140 esse
1103 2106 1184 2140 scil.
1211 2117 1280 2150 per
1298 2106 1391 2139 hanc
1407 2104 1638 2143 affinitatem.

262 2153 294 2185 1.
330 2163 439 2191 orno,
473 2155 664 2197 ausriiste,
700 2153 859 2187 namlich
886 2152 995 2186 bonis
1022 2152 1244 2186 testimoniis
1270 2158 1400 2186 contra
1423 2151 1507 2186 eius
1532 2160 1641 2184 accu-

168 2197 364 2232 sationem.
408 2199 445 2232 S.
475 2200 626 2233 Ramsh.
659 2201 688 2245 ξ.
710 2201 798 2242 164,
832 2199 1007 2234 Anmerk.
1025 2201 1059 2234 3.
1088 2210 1121 2233 u.
1148 2200 1187 2242 6,
1214 2210 1245 2232 c.
1268 2217 1314 2223 -
1355 2197 1529 2241 appi-ob„
1566 2195 1642 2231 wie

171 2255 231 2288 ep.
258 2245 511 2283 CCLXXIH,
535 2247 567 2280 2.
589 2265 631 2270 -
678 2250 865 2290 putaram.
916 2246 1006 2289 Vgl.
1035 2245 1169 2278 iedoch
1201 2256 1259 2289 ep.
1284 2244 1503 2286 CCXXIX,
1525 2245 1547 2278 3
1584 2253 1642 2277 am

170 2290 292 2326 Ende.
318 2311 363 2317 —-
409 2291 453 2324 de
478 2291 534 2325 Τι’.
565 2291 732 2336 Nerone,
781 2291 951 2335 Tiberii,
991 2290 1236 2335 Imperatoris
1267 2290 1430 2334 Augusti
1460 2287 1643 2334 p1ivigni,

172 2343 292 2381 patre.
318 2337 426 2372 SCH.
445 2356 489 2362 --
525 2338 588 2381 qm·
610 2349 698 2372 mec.
725 2343 855 2381 egerat
880 2338 926 2372 de
951 2337 1101 2371 Tulliae
1126 2337 1318 2381 coniugio,
1345 2336 1414 2370 der
1437 2336 1508 2371 mir
1532 2335 1642 2369 einen

171 2384 318 2427 Antrag
343 2384 479 2427 gethan
504 2384 619 2418 hatte.
669 2384 707 2419 S.
734 2396 794 2429 ep.
821 2384 1056 2425 CCXXXV,
1077 2385 1108 2417 l.
1123 2384 1156 2417 2.
1178 2402 1223 2408 -
1260 2384 1346 2426 fact.
1372 2382 1532 2427 sponsal.
1561 2391 1643 2415 cum

172 2429 394 2474 Dolabella,
425 2431 480 2464 als
506 2430 566 2464 die
593 2430 821 2473 Verlobung
843 2431 909 2464 mit
934 2430 1138 2463 Dolabella
1162 2429 1277 2463 sehon
1303 2440 1372 2463 vor
1396 2429 1476 2464 sich
1503 2438 1642 2472 gegan-

171 2486 244 2518 ἔρῃ
270 2487 358 2511 war.
382 2497 426 2503 —
463 2477 534 2511 Sed
558 2477 623 2510 hoc
647 2488 752 2520 spero
779 2478 859 2510 sore
883 2476 1031 2519 melius,
1069 2477 1185 2519 „aber
1208 2476 1269 2509 ich
1295 2475 1376 2510 will
1402 2486 1476 2508 nun
1502 2474 1641 2516 hofl'en,

173 2533 213 2555 es
241 2522 295 2555 sei
321 2534 362 2556 so
390 2523 554 2557 besser.'’
593 2523 714 2556 Darin
746 2522 889 2557 tauscht
923 2522 1002 2555 sich
1028 2521 1175 2556 Cicero.
1223 2522 1356 2556 Durch
1391 2521 1453 2555 die
1477 2518 1643 2556 Verbin-

173 2568 275 2612 dung
299 2570 425 2602 seinos
448 2570 614 2604 Tochter
640 2568 704 2602 mit
727 2569 830 2603 Nero
857 2568 989 2601 wiirde
1014 2567 1093 2602 sein
1109 2567 1305 2603 Schicksal
1329 2564 1643 2602 wahrscheinlich

173 2614 258 2648 eine
284 2615 540 2657 gliicklichere
566 2615 766 2658 wendung
791 2625 1012 2659 genommen
1038 2615 1169 2649 haben.
1208 2613 1246 2649 S.
1267 2615 1374 2648 Ende
1399 2614 1465 2648 des
1489 2612 1558 2648 235
1573 2611 1639 2645 Br.

172 2678 218 2685 —
250 2661 595 2704 ἐξακανθίζειν,
623 2661 747 2706 spinas
774 2661 917 2694 vellere
944 2667 980 2694 et
998 2661 1180 2705 colligere
1207 2660 1231 2694 i.
1251 2672 1282 2695 e.
1309 2660 1400 2695 vitia
1416 2658 1642 2695 Dolabellae

174 2706 252 2741 noli
278 2708 511 2743 exulcerare.
554 2707 641 2753 Vgl.
669 2719 726 2754 ep.
744 2706 976 2749 CCLXXII,
995 2709 1013 2741 1
1040 2718 1074 2742 u.
1102 2707 1357 2750 CCLXXIII,
1377 2706 1412 2742 2.
