1795 3043
536 69 852 116 EPISTOLA
889 69 1169 116 CCLxxw.
1487 77 1586 125 261

264 207 576 254 EPISTOLA
612 205 894 253 CCLXXIV.
943 204 1024 263 (ad
1058 206 1163 251 Div.
1201 205 1295 252 XV.
1334 208 1438 265 11.)

255 305 335 342 scr.
363 306 399 341 in
425 306 558 342 Cilicia
581 316 707 341 mense
733 304 891 342 ommni
915 305 963 339 A.
989 302 1035 338 U,
1061 305 1104 340 c,
1123 305 1202 340 704.
1229 307 1278 348 (a.
1304 306 1345 341 c,
1370 306 1445 348 50.)

117 387 402 432 supplicatione
428 386 500 422 sibi
525 385 677 419 decreta
701 385 838 429 gratias
871 384 949 428 agit
979 383 1124 417 consuli
1151 390 1188 419 et
1212 386 1435 431 propediem
1460 396 1501 420 se
1531 385 1579 421 ad

542 432 669 465 urbem
695 434 777 466 sore
802 431 1003 476 significat.
1030 430 1050 463 1
1067 449 1109 454 —
1125 431 1160 465 2.

316 514 367 548 M.
395 513 579 548 CICERO
609 512 715 547 IMP.
743 510 780 547 S.
805 512 856 546 D.
881 512 924 547 C.
950 511 1229 547 MARCELLO
1263 511 1370 548 COS.

224 595 415 642 Quantae
445 607 572 634 curae
610 594 689 634 tibi
729 606 846 634 meus
884 594 1017 633 honos
1052 593 1183 633 suerit
1218 596 1260 633 et
1300 597 1426 646 qnam
1463 593 1575 635 idem

111 653 324 693 exstiteris
354 653 501 693 consul
530 652 575 691 in
607 664 671 691 me
700 651 888 691 ornando
917 652 959 690 et
989 649 1300 702 amplificando,
1329 650 1403 702 qui
1432 652 1574 692 fueras

109 721 275 761 semper
314 722 410 749 cum
448 708 698 761 parentibus
736 710 819 749 tuis
862 710 904 748 et
943 720 1041 748 cum
1084 710 1174 753 tota
1203 708 1349 755 domo,
1395 708 1475 748 etsi
1504 721 1573 750 res

109 766 198 817 ipsa
227 766 490 817 loquebatur,
522 767 700 818 cognovi
730 768 871 806 tamen
907 778 958 806 ex
988 776 1177 805 meorum
1206 765 1390 806 omnium
1417 765 1573 808 literis.

107 824 254 873 ltaque
282 823 392 863 nihil
422 826 483 863 est
513 824 701 871 tantum,
735 823 846 875 quod
876 835 951 875 ego
990 835 1074 862 non
1112 824 1186 863 tua
1227 835 1356 863 causa
1393 821 1572 864 debeam

105 881 377 932 facturusque
407 881 486 921 sim
513 893 642 931 quum
682 881 865 921 studiose
896 882 984 919 tum
1025 879 1221 919 libenter.
1280 878 1388 920 Nam
1426 881 1567 933 magni
1589 880 1618 920 2

104 936 300 984 interest,
340 938 411 978 cui
442 938 606 978 debeas,
665 938 830 978 Debere
869 939 1009 978 autem
1046 936 1205 976 nemini
1243 937 1400 984 malui,
1439 949 1567 988 quam

104 993 196 1041 tibi,
228 994 299 1034 cui
327 1007 394 1034 me
424 996 511 1034 tum
541 995 678 1035 studia
701 994 954 1042 communia,
984 992 1192 1034 beneficia
1214 996 1389 1045 paterna
1410 994 1566 1044 tuaque

102 1051 184 1091 iam
215 1054 310 1092 ante
340 1052 667 1092 coniunxerant:
699 1055 787 1092 tum
817 1051 994 1102 accedit,
1022 1063 1115 1090 mea
1143 1050 1314 1101 quidem
1339 1051 1564 1100 sententia,

101 1108 325 1148 maximum
355 1109 585 1158 vinculum,
616 1109 728 1160 quod
756 1110 815 1149 ita
844 1121 934 1149 rem
962 1107 1179 1160 publicam
1197 1108 1309 1160 geris
1330 1108 1458 1159 atque
1475 1119 1565 1161 ges-

101 1165 207 1212 sisti,
240 1178 322 1216 qua
351 1166 454 1206 mihi
485 1167 625 1207 eat-ius
646 1167 753 1206 nihil
772 1167 848 1212 est,
880 1166 943 1216 ut,
971 1166 1177 1221 quantum
1197 1164 1276 1204 tibi
1294 1176 1441 1205 omnes
1460 1164 1563 1206 boni

99 1222 292 1273 debeant,
322 1236 403 1274 quo
434 1223 572 1263 minus
603 1223 849 1264 tantundem
879 1234 955 1274 ego
984 1235 1092 1262 unus
1113 1222 1301 1269 debeam,
1333 1234 1417 1262 non
1442 1234 1563 1263 recu-

99 1292 199 1319 sem.
262 1280 539 1326 Quamobrem
569 1280 646 1320 tibi
676 1281 803 1321 velim
832 1280 866 1319 ii
895 1280 979 1319 sint
1007 1278 1157 1327 exitus,
1189 1291 1295 1330 quos
1317 1279 1564 1320 mereriset

99 1349 204 1388 quos
232 1337 324 1376 sore
354 1336 533 1377 confido.
611 1338 727 1389 Ego,
772 1337 806 1376 si
841 1348 907 1376 me
946 1336 1160 1388 navigatio
1189 1348 1275 1375 non
1315 1336 1562 1389 morabitur,

98 1406 207 1444 quae
238 1393 481 1435 incurrebat
510 1394 556 1434 in
595 1395 708 1448 ipsos
737 1393 924 1442 Etesias,
965 1393 1209 1446 propediem
1240 1395 1306 1441 te,
1348 1394 1394 1433 ut
1421 1406 1560 1446 spero,

95 1449 258 1491 videbo.

467 1604 508 1638 C.
534 1604 831 1639 MARCELLO.
881 1604 920 1639 S.
949 1615 1010 1649 ep.
1037 1604 1192 1640 CCXV.

187 1662 217 1694 1.
250 1660 362 1694 Itonos
384 1661 681 1706 supplicationis.
699 1681 743 1686 —
775 1663 872 1697 idem
897 1662 1100 1704 exstiteris,
1136 1661 1206 1695 mir
1229 1660 1475 1704 denselbigen
1493 1659 1560 1694 Ei-

98 1707 153 1740 ser
184 1707 391 1751 erwiesen,
423 1707 633 1752 beth'atiget
665 1709 764 1752 hast,
797 1710 897 1752 quod
924 1708 1053 1742 consul
1081 1708 1103 1741 i.
1123 1720 1155 1742 e.
1183 1708 1220 1741 in
1247 1708 1439 1741 consulatu
1464 1705 1560 1741 nihil

97 1753 286 1788 remiseris
311 1754 358 1788 de
383 1761 444 1788 tua
469 1766 559 1798 erga
583 1766 639 1788 me
664 1756 944 1799 benevolentia,
971 1765 1044 1798 qua
1069 1754 1139 1787 iam
1164 1759 1273 1788 antea
1297 1765 1356 1787 me
1380 1763 1561 1797 prosecu-

96 1804 155 1833 tus
181 1811 241 1845 ⁰55
272 1801 337 1834 sed
364 1801 518 1835 eundem
545 1801 703 1835 animum
728 1802 916 1836 habueris.
933 1820 977 1826 -—-
1007 1805 1148 1845 parent.
1177 1800 1215 1835 S.
1238 1812 1297 1844 ep.
1316 1799 1512 1835 CCXVII.

185 1857 218 1891 2.
244 1857 304 1890 cui
327 1858 477 1901 debeas,
510 1858 619 1891 W'em
644 1869 727 1892 man
754 1858 1088 1896 Verbindlichkeit
1115 1857 1287 1901 schuldig
1313 1856 1372 1890 ist.
1397 1875 1441 1881 —
1485 1860 1561 1889 tum

98 1903 189 1937 stud.
216 1915 342 1937 comm.
375 1905 436 1938 Ex
459 1905 611 1948 antiqua
635 1906 870 1939 correctione
895 1907 1021 1939 Lamb.
1047 1906 1138 1939 Ern.
1162 1915 1270 1948 quum
1292 1908 1336 1937 st.
1362 1902 1440 1937 Md.
1461 1902 1560 1944 Vict.⁴

101 1949 175 1983 1.2.
193 1961 274 1993 sqq.
301 1951 476 1985 Fortasse
501 1962 608 1996 quum
632 1951 842 1985 delendum.
861 1952 1117 1986 0RELL1.-—
1154 1952 1228 1984 iam
1252 1954 1351 1993 ceute„
1375 1949 1458 1983 scil.
1477 1955 1561 1982 ante

98 1997 337 2031 consulatum.
356 2016 401 2031 -τ-
437 2009 504 2042 quo
529 1998 650 2030 minus
676 2023 683 2031 .
700 2024 708 2032 .
726 2024 734 2031 .
759 1999 921 2041 debeam,
957 1998 1051 2032 eben
1077 2009 1118 2032 so
1139 1997 1219 2037 vviel
1245 1995 1279 2029 d.
1307 1997 1329 2030 i.
1356 1995 1418 2028 die
1442 2004 1561 2039 ganze

98 2040 240 2076 Schuld
271 2054 364 2086 ganz
396 2044 509 2078 allein
540 2044 605 2077 auf
635 2044 757 2078 meine
787 2044 985 2079 Schultern
1021 2055 1066 2078 zu
1099 2044 1271 2078 nehmenr.
1330 2042 1458 2075 Ueber
1491 2051 1560 2085 quo

98 2088 217 2121 miuus
241 2090 308 2123 mit
337 2102 453 2125 recus.
487 2102 517 2126 s.
542 2091 693 2124 Ramsli.
721 2092 747 2134 §.
768 2092 857 2133 193,
884 2091 920 2133 Ι,
946 2092 980 2125 2.
1015 2089 1160 2125 Grotef.
1189 2090 1216 2132 §.
1236 2089 1314 2122 403.
1332 2107 1377 2113 ·—
1414 2087 1445 2121 ii
1473 2088 1558 2120 sint.

99 2132 163 2168 Sic
187 2136 263 2168 Md.
290 2137 391 2172 Vict.
409 2138 442 2171 2.
479 2137 606 2171 Lamb.
632 2136 775 2171 Bened.
808 2137 850 2171 hi
877 2138 976 2172 Crat.
1010 2137 1112 2172 Vict.
1131 2138 1162 2170 l.
1197 2135 1331 2168 Graev.
1357 2134 1446 2168 Ern.
1473 2133 1562 2168 Sch.

99 2180 192 2214 Liin.
221 2182 294 2216 ΟΒ.
331 2184 468 2226 exitam,
498 2183 565 2216 der
589 2183 725 2228 Ert‘olg
749 2195 821 2218 von
847 2183 995 2217 Deinen
1021 2183 1289 2224 Bemiiliungen
1314 2181 1374 2214 fiir
1397 2180 1463 2214 das
1489 2180 1564 2214 Ge-

100 2227 311 2262 meinwohl.
341 2249 375 2255 -
418 2230 563 2264 Etesiae
587 2230 688 2263 venti
719 2242 740 2264 a
766 2230 1022 2275 septentrione
1047 2229 1092 2262 ad
1119 2228 1380 2269 Occidentem,
1413 2225 1501 2260 inde
1527 2226 1564 2259 in

102 2272 295 2308 Orientem
321 2275 473 2320 flantes,
500 2283 540 2309 ut
566 2275 709 2311 libr.11
733 2278 891 2312 Meteor.
920 2276 1032 2310 docet
1056 2275 1303 2315 Aristoteles;
1329 2273 1455 2315 itaque
1481 2283 1566 2305 cur-

103 2329 180 2352 sum
197 2320 389 2355 Ciceronis
414 2322 668 2366 impediebant
692 2323 729 2357 in
754 2324 899 2357 Italiam
927 2334 975 2356 ex
997 2321 1087 2357 Asia
1110 2320 1330 2366 navigantis,
1358 2317 1565 2355 MANUT.

104 2363 142 2399 S.
169 2376 214 2400 zu
241 2378 301 2412 ep.
317 2367 509 2411 CCLXX,
531 2369 567 2404 2.
591 2375 629 2405 et
653 2369 906 2413 CCLXXHI,
926 2370 959 2404 5.
