1795 3043
163 93 265 141 238
424 89 490 135 Μ.
527 90 583 135 Τ.
620 89 960 139 CICERONIS
993 92 1367 142 EPISTOLAE.

114 212 144 251 9
166 203 254 250 ter,
288 214 338 243 ac
369 199 528 242 deceat.
587 202 637 242 Id
666 204 708 243 te
737 204 870 258 igitur
899 207 1009 248 scire
1036 208 1168 248 volui.
1228 208 1292 249 Ne
1320 207 1430 249 illud
1460 207 1632 260 quidem

165 260 521 312 praetermittam:
560 259 815 304 Hortensius
843 262 958 305 filius
987 266 1069 305 fuit
1100 265 1360 318 Laodiceae,
1388 266 1633 319 gladiatori-

167 317 258 368 bus,
288 317 496 370 flagitiose
526 318 567 356 et
595 319 790 370 turpiter.
867 323 994 362 Hunc
1035 335 1110 375 ego
1140 324 1276 376 patris
1315 335 1441 363 causa
1481 324 1632 365 vocavi

166 375 218 414 ad
249 386 445 421 coenam,
483 387 566 425 quo
604 375 673 415 die
710 378 849 428 venit,
891 381 934 419 et
972 380 1155 420 eiusdem
1192 381 1328 432 patris
1358 393 1487 421 causa
1519 381 1633 422 nihil

166 432 360 483 amplius.
419 433 460 472 Is
497 433 604 472 mihi
638 433 744 474 dixit
782 448 825 475 se
860 437 1038 477 Athenis
1076 450 1142 477 me
1182 439 1546 490 exspectaturum,
1584 439 1633 478 ut

165 502 332 529 mecum
360 489 598 531 decederet.
656 492 876 545 ,‚Recte,’'
910 495 1104 546 inquam:
1142 495 1243 545 quid
1274 496 1386 535 enim
1414 493 1631 536 dicerem?

166 547 347 586 Omnino
376 549 479 599 puto
508 548 618 588 nihil
649 561 759 596 esse,
799 551 911 601 quod
940 552 1060 593 dixit.
1119 551 1228 592 Nolo
1258 552 1446 604 quidem;
1487 564 1541 592 ne
1571 552 1633 592 of-

165 604 334 644 fendam
364 607 543 655 patrem,
576 618 699 656 quem
728 607 972 649 mehercule
1001 610 1178 649 multum
1206 609 1349 661 diligo.
1403 609 1480 649 Sin
1500 608 1634 649 fuerit

164 674 282 701 meus
312 674 474 713 comeS,
505 663 755 702 moderabor
783 664 864 712 ita,
904 678 957 705 ne.
987 667 1089 718 quid
1119 679 1214 706 eum
1243 665 1476 719 offendam,
1507 678 1634 719 quem

88 725 143 763 10
166 719 338 758 minime
374 721 484 760 volo.
545 719 663 759 Haec
694 723 812 770 sunt,
852 723 979 763 etiam
1005 723 1126 763 illud.
1194 724 1436 764 Orationem
1474 723 1524 772 Q.
1557 723 1633 763 Ce-

163 777 266 816 leris
295 776 399 816 mihi
428 776 555 815 velim
585 778 727 817 mittas
757 780 904 819 contra
932 780 990 820 M.
1015 781 1257 823 Servilium.
1315 781 1482 822 Literas
1509 781 1633 821 mitte

165 834 499 886 quamprimum:
537 835 573 873 si
610 835 739 875 nihil:
775 836 887 876 nihil
925 836 1042 889 fieri,
1079 839 1147 879 vel
1182 851 1260 890 per
1300 839 1418 879 tuum
1457 838 1634 880 tabella-

162 891 287 934 rium.
345 891 484 931 Piliae
514 893 555 931 et
582 890 696 933 filiae
726 894 916 934 salutem.
978 895 1110 944 Cura,
1149 898 1197 935 ut
1227 897 1382 936 valeas.

351 1086 665 1133 EPISTOLA
702 1089 920 1136 CCLXV.
965 1091 1047 1150 (ad
1080 1092 1186 1137 Div.
1220 1090 1303 1136 III.
1341 1090 1442 1147 11.)

163 1171 246 1207 Ser.
273 1171 310 1206 in
342 1174 472 1208 castris
505 1175 550 1208 ad
575 1176 777 1221 Pyramum
806 1189 932 1212 mense
956 1178 1066 1212 Iunio
1095 1179 1142 1214 A.
1168 1179 1214 1213 U.
1241 1178 1284 1213 C.
1311 1179 1389 1212 704.
1416 1178 1464 1221 (a.
1491 1176 1530 1211 C.
1556 1175 1629 1219 50.)

162 1242 381 1276 Gratulatnr
396 1243 521 1288 Appio
548 1245 594 1277 de
619 1246 855 1280 absolutione
878 1247 1092 1282 maiestatis.
1120 1250 1243 1283 1—3.
1293 1247 1433 1290 gratias
1458 1245 1536 1290 agit
1558 1256 1629 1290 pro

162 1289 342 1333 epistola,
379 1300 451 1332 qua
483 1297 614 1323 statum
648 1292 703 1325 rei
730 1293 906 1336 publicae
932 1294 1192 1338 descripserat.
1215 1295 1247 1327 4.
1298 1293 1487 1335 Tullium,
1520 1303 1630 1335 quem

160 1334 305 1380 Appius
331 1347 412 1369 cum
439 1337 621 1371 mandatis
648 1338 814 1382 miserat,
848 1350 888 1373 se
922 1351 995 1372 non
1022 1340 1242 1374 convenisse
1267 1339 1416 1381 scribit,
1449 1338 1630 1383 epistolas

228 1392 313 1416 suas
337 1382 512 1426 proxime
536 1383 665 1418 missas
690 1395 764 1418 non
789 1387 1040 1420 stomachosas
1065 1387 1133 1420 sed
1157 1385 1215 1420 sui
1238 1385 1426 1431 purgandi
1449 1395 1562 1419 causa

666 1432 826 1477 scriptas
850 1433 967 1467 fuisse
991 1432 1053 1467 ait.
1082 1434 1114 1468 5.

206 1496 395 1532 CICERO
421 1498 581 1533 APPIO
606 1499 866 1545 PULCHRO,
900 1502 970 1535 UT
996 1501 1185 1546 SPERO,
1219 1500 1441 1536 CENSORI
1466 1499 1505 1535 S.
1530 1499 1582 1533 D.

272 1569 409 1616 Quum
438 1581 572 1610 essem
600 1570 647 1611 in
678 1572 827 1612 castris
858 1572 910 1612 ad
940 1572 1114 1613 fluvium
1142 1573 1393 1626 Pyramum,
1437 1570 1629 1612 redditae

249 1691 283 1725 9.
314 1691 588 1733 gladiatoribus
614 1692 635 1726 i.
663 1704 694 1726 e.
721 1692 797 1726 illis
824 1692 973 1736 diebus,
1006 1694 1141 1738 quibus
1166 1693 1376 1727 Laodiceae
1400 1691 1626 1736 gladiatoria

157 1738 370 1781 spectacula
403 1739 618 1772 edebantur.
645 1739 753 1773 SCH.
794 1739 1014 1773 Hortensius
1043 1741 1162 1784 filius,
1196 1740 1322 1782 cuius,
1353 1746 1394 1772 ut
1419 1739 1471 1773 ait
1495 1738 1625 1790 Valer.

157 1784 259 1817 MaX.
281 1784 333 1827 V,
351 1786 389 1825 9,
408 1785 429 1818 2
455 1792 492 1819 et
524 1785 752 1830 impietatem
784 1793 892 1830 pater
923 1795 1133 1831 suspectam
1166 1792 1203 1820 et
1232 1785 1436 1829 nequitiam
1469 1785 1626 1836 inrisam

156 1829 299 1864 habuit.
330 1831 437 1865 SCJI.
463 1851 505 1856 --
547 1834 635 1874 flag.
664 1836 706 1866 et.
733 1836 825 1876 turp
854 1833 876 1866 i.
896 1843 927 1866 e.
954 1833 1107 1877 flagitiis
1134 1832 1358 1878 turpissimis
1384 1832 1465 1866 istis
1492 1831 1625 1883 d.¹‘.³b¹¹⁵

156 1876 366 1910 Laodiceae
391 1889 431 1911 se
456 1878 572 1912 dedit.
590 1898 634 1903 —
666 1878 761 1911 m‘lez'l
785 1880 942 1923 amplius
965 1879 987 1915 i.
1005 1892 1037 1913 e.
1065 1891 1111 1913 ue
1135 1880 1286 1913 videret·
1312 1878 1384 1912 filii
1408 1883 1626 1929 nequ1t1am‚

158 1933 268 1965 quam
305 1929 411 1968 pater
436 1924 588 1966 oderat,
625 1926 806 1968 probare,
848 1926 940 1959 nihil
975 1927 1134 1971 amplius
1166 1932 1317 1971 praeter
1351 1925 1458 1959 istam
1490 1924 1624 1957 invita·

158 1969 296 2002 tionem
324 1970 359 2004 ei
386 1970 514 2004 tribui.
538 1971 644 2005 SCH.
661 1991 706 1996 —
738 1973 877 2015 daed„
904 1984 963 2006 um
988 1973 1054 2006 mit
1078 1972 1147 2006 mir
1172 1973 1266 2006 nach
1289 1972 1385 2005 Rom
1410 1970 1552 2004 zuriick
1577 1980 1624 2003 zu

156 2014 295 2048 reisen.
313 2035 355 2040 —
400 2018 546 2051 omnino
573 2044 603 2052 ..
620 2043 629 2051 .
657 2018 771 2058 dixit,
805 2026 896 2063 puto
923 2019 1024 2062 quod
1050 2018 1167 2062 dixit,
1201 2030 1241 2053 se
1265 2018 1366 2051 velle
1389 2028 1530 2051 mecum
1558 2016 1625 2068 de-

157 2061 306 2104 cedere,
331 2062 369 2096 id
397 2070 535 2097 tantum
561 2064 655 2098 dicis
679 2065 811 2109 glatia,
836 2076 908 2098 non
935 2066 1035 2109 quod
1061 2077 1102 2099 re
1127 2076 1217 2099 vera
1243 2064 1277 2098 ei
1301 2063 1535 2109 propositum
1561 2067 1624 2105 Slt,

157 2107 314 2142 dixisse.
341 2109 507 2143 SCH.—
544 2111 628 2143 nolo
654 2113 796 2155 quidem
822 2123 903 2145 eum
937 2124 995 2145 me
1026 2111 1215 2153 comitari,
1251 2121 1298 2144 ne
1328 2116 1436 2155 pater
1460 2110 1625 2161 Idorten-

156 2154 235 2189 sius
260 2156 357 2189 sorte
382 2167 425 2189 ea
455 2168 515 2200 re,
554 2158 660 2200 quasi
683 2158 819 2192 nimiae
843 2170 946 2192 meae
971 2170 1050 2193 cum
1076 2158 1156 2192 filio
1180 2156 1443 2191 familiaritatis
1468 2155 1622 2198 indicio,

156 2201 378 2235 offendatur.
397 2202 504 2237 SOH.
521 2222 567 2228 —-
600 2206 818 2238 moderabor
841 2206 913 2248 ita,
947 2205 1075 2238 werde
1101 2205 1160 2238 ich
1184 2204 1245 2237 ihn
1273 2214 1314 2237 so
1341 2213 1387 2237 zu
1412 2201 1624 2254 beliandeln

154 2247 233 2280 und
265 2257 311 2281 zu
345 2250 480 2292 zugeln
515 2250 673 2295 wissen,
711 2262 758 2285 ne
783 2251 1007 2286 Hortensius
1039 2257 1147 2296 pater
1179 2249 1364 2295 suspicari
1394 2254 1534 2293 possn,
1564 2258 1624 2282 me

155 2294 259 2335 filio,
293 2305 399 2338 quem
426 2295 506 2329 iure
532 2297 630 2338 odit,
663 2298 814 2332 nimium
840 2299 1017 2332 tribuere.
1043 2297 1152 2331 SGH.

249 2342 304 2375 10.
338 2342 439 2375 Haec
463 2347 564 2386 sunt,
599 2355 693 2387 quae
719 2345 763 2378 ad
797 2351 832 2378 te
857 2344 1055 2378 scribenda
1080 2343 1273 2376 habebam.
1294 2361 1338 2367 —
1378 2341 1489 2375 etiam
1511 2340 1621 2384 illud,

155 2397 227 2420 nur
250 2389 347 2421 noch
370 2389 494 2423 Diess.
512 2408 556 2414 —
597 2391 637 2425 Q.
662 2391 810 2425 Metelli
836 2391 993 2433 Celeris,
1027 2389 1090 2433 qui
1117 2395 1269 2434 praetor
1293 2389 1415 2422 fuerat
1440 2387 1622 2422 Cicerone

155 2434 322 2467 consule.
369 2434 569 2469 Servilium
595 2437 641 2469 de
676 2437 893 2482 repetundis
926 2437 1015 2470 olim
1044 2441 1296 2470 accusaverat.
1316 2453 1360 2458 —
1401 2434 1460 2468 M.
1485 2433 1621 2468 Sei-vil.

157 2480 369 2515 Geminium
396 2482 551 2516 eundem
586 2483 700 2517 fuisse
734 2484 930 2527 probabile
954 2489 1032 2526 est,
1068 2483 1114 2516 de
1148 2493 1221 2525 quo
1254 2482 1298 2515 ab
1333 2479 1418 2514 aliis
1447 2486 1619 2532 accusato

155 2533 282 2560 narrat
319 2528 468 2562 Caelius
501 2540 559 2573 ep.
581 2529 799 2572 CCXXIII,
820 2531 852 2563 2.
890 2529 995 2563 SGH.
1019 2548 1063 2553 —-
1102 2528 1136 2561 si
1169 2528 1264 2562 nihil
1289 2552 1318 2562 ..
1336 2552 1343 2560 .
1371 2527 1616 2578 tabellarium.

158 2572 199 2606 Si
234 2574 327 2607 nihil
362 2575 497 2608 sactum
532 2575 602 2618 sit,
639 2577 739 2619 quod
772 2577 869 2610 scire
901 2586 980 2608 mea
1009 2575 1177 2617 intersit,
1211 2575 1281 2607 hoc
1313 2573 1442 2607 saltem
1474 2572 1616 2624 scribe:

157 2618 252 2652 nihil
274 2621 376 2662 [ἰωὴ
403 2632 444 2654 ac
465 2622 496 2655 si
514 2633 560 2655 ne
584 2622 655 2655 hoc
680 2622 829 2665 quidem
853 2621 1019 2656 scribere
1044 2621 1181 2666 possis,
1205 2621 1266 2654 vel
1290 2630 1360 2665 per
1385 2619 1619 2653 tabellarium

157 2671 259 2699 tuum
284 2668 422 2702 nuntia.
448 2669 556 2702 SCH.

455 2714 610 2749 APPIO
639 2714 681 2750 P.
731 2714 769 2750 S.
804 2726 849 2749 zu
875 2726 933 2759 ep.
955 2714 1136 2749 CLXXX
1161 2713 1209 2747 im
1234 2712 1320 2747 Ans.
1356 2756 1364 2764 .
1493 2757 1500 2763 ·
1522 2755 1530 2763 ·
1560 2755 1568 2762 θ

248 2760 281 2792 1.
318 2760 366 2792 ad
388 2759 585 2805 Pyramum
594 2788 604 2806 ,
631 2762 751 2796 einem
776 2763 930 2803 Flusse,
955 2761 1022 2796 der
1047 2761 1111 2795 das
1135 2770 1254 2805 ganze
1278 2757 1438 2794 &stliche
1458 2756 1617 2792 Cilicien

1762 2511 1770 2598 ›ue-
1758 2490 1769 2506 =‘
1764 2475 1767 2482 -
1764 2438 1773 2468 w*-
