1795 3043
576 91 896 139 EPISTOLA
941 91 1140 139 CCCVI.
1491 95 1592 146 347

299 229 615 278 EPISTOLA
651 228 848 276 CCCVI.
896 228 978 287 (ad
1012 229 1118 274 Div.
1152 228 1271 274 XIV.
1308 228 1413 286 14.)

226 304 308 343 scr.
334 306 536 343 Minturnis
560 306 674 345 v111.
699 306 783 341 Kal.
808 304 918 340 Febr.
944 306 991 339 A.
1017 305 1063 338 U.
1091 305 1132 340 c.
1159 305 1234 340 705.
1270 306 1318 348 (a.
1346 305 1388 340 c,
1414 304 1489 347 49.)

125 373 257 409 Monet
281 386 385 421 suas,
420 381 460 410 ut
484 386 565 410 cum
591 375 719 411 amicis
744 374 973 417 consument,
1014 379 1232 407 maneamne
1268 374 1429 410 Caesare
1453 372 1591 407 adveu-

473 427 594 466 tante,
630 433 676 456 an
708 421 900 457 discedant
925 421 970 454 ab
995 421 1098 454 urbe.
1127 421 1241 454 1—2.

150 487 368 524 TULLIUS
413 490 714 526 TERENTIAE
758 489 826 524 ET
863 488 1037 523 PATER
1076 488 1321 533 TULLIAE,
1362 487 1570 523 DUABUS

180 535 361 572 ANIMIS
387 536 517 572 SUIS:
552 537 621 571 ET
647 537 833 571 CICERO
858 535 1025 571 MATRI
1051 535 1303 579 οΡΤΙΜΑΕ,
1336 534 1543 572 SUAvrs-

550 582 709 618 SIMAE
741 582 933 619 SORORI
966 581 1003 616 S.
1036 581 1081 615 P.
1116 581 1165 615 D.
1255 601 1263 604 -

245 640 291 681 Si
319 654 392 683 vos
420 643 595 696 valetis,
641 655 719 683 nos
756 644 958 684 valemus.
1017 641 1213 681 Vestrum
1258 640 1343 681 iam
1370 639 1596 681 consilium

127 697 214 745 est,
244 709 329 738 non
361 701 496 741 solum
525 713 689 752 meum,
732 700 834 752 quid
864 699 918 740 sit
957 696 1076 740 vobis
1110 697 1364 739 faciendum.
1435 697 1481 737 Si
1521 697 1596 736 ille

128 753 301 795 Romam
328 757 514 798 modeste
543 760 746 798 venturus
776 765 851 805 est,
884 758 1000 797 recte
1024 755 1066 795 in
1098 754 1336 807 praesentia
1366 754 1477 795 domi
1507 765 1598 793 esse

128 812 323 863 potestisz
369 814 432 855 sin
471 815 596 855 homo
639 827 783 855 amens
823 813 1102 866 diripiendam
1142 813 1289 852 urbem
1319 812 1494 852 daturus
1522 812 1598 860 est,

128 879 292 921 vereor,
322 872 370 910 ut
399 871 626 913 Dolabella
653 873 746 925 ipse
765 871 863 912 satis
886 870 1009 911 nobis
1025 869 1225 923 prodesse
1254 869 1397 920 possit.
1456 868 1599 909 Etiam

129 924 238 965 illud
267 929 434 978 metuo,
466 941 520 968 ne
549 929 633 970 iam
662 928 1016 974 intercludamur,
1047 929 1106 974 ut,
1139 939 1270 978 quum
1298 925 1453 977 velitis,
1484 924 1601 965 exire

131 994 216 1022 non
246 983 387 1025 liceat.
448 986 673 1039 Reliquum
709 987 794 1038 est,
833 985 943 1037 quod
983 985 1101 1035 ipsae
1130 985 1289 1036 optime
1319 980 1602 1023 considerabi-

131 1039 203 1087 fis,
235 1042 364 1082 vestri
394 1042 551 1083 similes
580 1043 760 1084 feminae
790 1043 928 1082 sintne
958 1041 1127 1082 Romae.
1187 1041 1232 1081 Si
1253 1040 1365 1080 enim
1383 1051 1468 1079 non
1487 1040 1600 1086 sunt,

133 1095 362 1138 videndum
392 1101 476 1152 est,
512 1101 560 1139 ut
587 1101 765 1140 honeste
792 1112 865 1140 vos
895 1110 984 1139 esse
1013 1096 1193 1150 possitis.
1258 1095 1473 1145 Quomodo
1514 1094 1604 1146 qui·

133 1151 228 1193 dem
258 1167 371 1196 nunc
401 1169 444 1196 se
474 1169 542 1197 res
570 1155 723 1205 habet,
765 1155 887 1198 modo
924 1158 971 1196 ut
1007 1156 1114 1196 haee
1154 1154 1276 1194 nobis
1312 1155 1408 1194 loca
1455 1155 1604 1193 tenere

132 1209 286 1259 liceat,
332 1212 561 1255 bellissime
600 1215 669 1255 vel
707 1226 873 1255 mecum
915 1214 984 1254 vel
1021 1213 1066 1253 in
1105 1212 1260 1251 nostris
1299 1210 1483 1264 praediis
1513 1221 1604 1250 esse

132 1267 340 1320 poteritis.
396 1271 541 1313 Etiam
567 1271 676 1311 illud
705 1270 934 1311 verendum
963 1272 1051 1321 est,
1095 1281 1147 1308 ne
1177 1267 1296 1309 brevi
1326 1270 1517 1320 tempore
1545 1268 1605 1307 fa-

134 1336 222 1364 mes
251 1325 294 1365 in
324 1325 430 1367 urbe
459 1327 527 1369 sit.
584 1328 663 1368 His
692 1328 744 1368 de
772 1327 898 1367 rebus
927 1327 1054 1367 velim
1084 1337 1180 1366 cum
1210 1325 1464 1377 Pomponio,
1510 1335 1605 1364 eum
1629 1321 1657 1359 2

136 1381 337 1430 Camillo,
388 1396 484 1425 cum
521 1384 674 1436 quibus
726 1383 847 1424 vobis
893 1382 1132 1434 videbitur,
1178 1381 1464 1423 consideretis.
1540 1380 1606 1422 Ad

137 1451 362 1488 summam,
394 1440 533 1481 animo
563 1441 663 1482 forti
692 1441 799 1483 sitis.
858 1439 1069 1481 Labienus
1109 1451 1199 1479 rem
1235 1439 1451 1480 meliorem
1487 1438 1606 1478 fecit.

138 1493 323 1537 Adiuvat
353 1497 480 1538 etiam
508 1497 631 1551 Piso,
672 1497 783 1550 quod
813 1497 865 1538 ab
896 1496 1001 1537 urbe
1025 1496 1206 1536 discedit
1234 1497 1278 1535 et
1306 1496 1481 1536 sceleris
1509 1507 1609 1534 con-

232 1618 429 1653 ANIMIS
463 1631 533 1665 pro
564 1619 863 1655 ANIMABUS.
915 1619 953 1654 S.
990 1619 1139 1655 Ramsh.
1170 1620 1198 1662 §.
1219 1620 1283 1661 26,
1308 1621 1343 1654 3.
1369 1618 1494 1652 anima
1520 1618 1606 1652 mia.

142 1660 191 1696 ist
231 1663 314 1698 eine
349 1666 444 1699 noch
479 1666 570 1700 ietzt
601 1667 662 1701 bei
697 1667 769 1701 den
808 1666 1012 1700 Italienern
1049 1665 1198 1700 iibliche
1234 1665 1497 1709 Liebkosung3
1534 1664 1610 1699 wie

141 1710 231 1755 φίλη
259 1711 358 1756 ψυχή
382 1712 443 1746 bei
469 1712 540 1747 den
566 1714 667 1747 alten
692 1713 893 1749 Griechen.

145 1809 153 1816 ·
212 1768 265 1817 .1.
296 1767 466 1803 Vestrum
497 1771 691 1804 consilium
724 1778 768 1805 st.
807 1769 935 1807 Vestri
970 1769 1119 1804 consilii
1155 1774 1282 1802 est:
1305 1778 1422 1812 penes
1455 1776 1522 1802 vos
1556 1772 1612 1801 est

141 1810 342 1857 iudicium,
377 1818 490 1850 miisst
515 1816 575 1850 ihr
600 1819 716 1852 selbst
742 1818 963 1860 iiberlegen:
1001 1815 1040 1851 S.
1066 1816 1216 1849 Ramsh.
1247 1816 1275 1857 ἕ.
1297 1816 1382 1857 108,
1407 1816 1441 1850 3.
1471 1815 1560 1849 Νοῑ.
1576 1814 1611 1847 4.

143 1875 188 1882 -
213 1859 291 1903 ille,
318 1861 466 1896 Caesar.
495 1882 539 1889 -
562 1865 731 1907 modeste,
757 1865 823 1898 mit
847 1862 1096 1908 gemassigten
1123 1861 1403 1904 Gesinnungen.
1419 1879 1464 1886 —
1488 1864 1613 1893 ventu—

145 1914 210 1955 rus
225 1909 288 1939 est.
338 1907 413 1942 Ult.
442 1919 517 1941 vox
536 1920 584 1943 ex
602 1910 726 1955 suppl.
754 1922 822 1946 om.
841 1915 893 1944 est
913 1915 1071 1955 propter
1086 1908 1308 1953 scripturam
1331 1910 1517 1941 venturust
1534 1906 1612 1941 Md.

148 1949 248 1985 Vict.
275 1951 418 1988 Bened.
453 1955 527 1989 ΟΒ.
556 1975 597 1980 -
647 1967 795 2000 vereor,
821 1961 871 1991 ut.
919 1955 960 1990 S.
988 1955 1136 1988 Ramsh.
1172 1955 1199 1997 §.
1216 1954 1303 1996 193,
1329 1954 1370 1997 1,
1394 1954 1428 1987 4.
1467 1953 1612 1988 Grotef.

146 1995 283 2040 §·402‚
316 2001 424 2034 Anm.
451 2020 496 2026 —
542 2002 760 2045 Dolabella,
796 2014 933 2048 gener,
969 2001 1122 2035 maritus
1147 2000 1316 2042 Tulliae,
1348 2010 1429 2033 cum
1455 2000 1616 2034 Caesare

148 2050 229 2077 erat
254 2049 291 2097 et
314 2057 395 2080 cum
420 2047 590 2083 Caesaris
615 2049 660 2082 ad
692 2049 822 2084 urbem
856 2049 1017 2083 adventu
1042 2047 1348 2092 exspectabatur3
1382 2046 1448 2079 sed
1480 2046 1615 2081 Cicero

148 2096 301 2130 metuit,
327 2103 375 2126 ne
400 2105 473 2127 non
499 2094 588 2130 satis
614 2094 751 2129 virium
777 2096 812 2130 ei
838 2096 886 2130 sit
911 2094 956 2129 ad
982 2094 1177 2128 arcendam
1202 2092 1289 2127 vim.
1316 2111 1359 2116 —
1384 2093 1476 2126 satis
1499 2092 1616 2126 nobis.

150 2134 248 2171 Crat.
274 2137 403 2174 Lamb.
432 2141 547 2175 vobis.
570 2160 616 2168 -—
664 2152 707 2175 ne
728 2141 807 2175 iam
830 2141 1138 2181 intercluduntur,
1164 2139 1236 2173 wir
1260 2139 1433 2172 miichten
1457 2139 1549 2173 ietzt
1574 2148 1616 2172 so

150 2191 223 2215 von
261 2183 439 2220 einander
471 2188 755 2231 abgeschnitten
794 2188 961 2222 werden.
1000 2185 1300 2221 intercludamzm‘
1329 2185 1448 2229 Neap.
1479 2187 1566 2219 Asc.
1584 2186 1617 2218 1.

150 2227 250 2279 Crat.
277 2231 404 2266 Lamb.
429 2233 527 2268 Lall.
555 2241 684 2268 contra
707 2233 783 2269 Md.
809 2253 853 2259 —
901 2235 1003 2268 exire
1026 2240 1083 2266 *ex
1107 2232 1211 2266 urbe.
1238 2250 1283 2257 -
1330 2231 1444 2265 vestri
1465 2231 1619 2272 similes,

152 2274 219 2308 nlla
251 2275 453 2322 dignitate,
492 2291 564 2323 qua
597 2284 675 2316 vos?
699 2280 808 2323 estis,
840 2292 950 2315 eures
983 2278 1152 2314 Standes.
1178 2297 1223 2303 -
1268 2278 1362 2321 sint,
1400 2277 1617 2311 manserint.

152 2337 198 2345 ·—
222 2322 377 2368 honeste,
403 2326 469 2359 mit
492 2327 634 2370 Ehren‚
659 2327 909 2362 schicklicher
932 2325 1076 2362 Weise.
1121 2324 1248 2359 Ueber
1271 2325 1346 2358 vid.
1365 2329 1403 2358 ut
1419 2336 1448 2359 s.
1465 2323 1616 2359 Ramsh.

152 2368 184 2411 §-
205 2370 292 2412 193,
317 2371 356 2414 1,
383 2373 414 2407 1.
447 2373 590 2407 Grotef.
617 2375 645 2418 §.
660 2374 745 2417 402,
781 2375 885 2409 Anm.
911 2392 956 2400 —-·
1001 2372 1108 2406 modo
1133 2375 1172 2405 ut
1265 2371 1394 2413 liceat,
1419 2380 1528 2404 wenn
1559 2369 1620 2403 ich

152 2424 224 2448 nur
251 2416 318 2451 od.
344 2426 644 2464 vorausgesetzt,
681 2420 766 2454 dass
800 2420 860 2454 ich
885 2419 982 2454 mich
1007 2420 1045 2453 in
1070 2417 1138 2451 der
1172 2417 1343 2460 hiesigen
1376 2416 1532 2461 Gegend
1566 2415 1619 2458 (in

154 2460 392 2507 campanieu.
424 2464 463 2499 S.
499 2477 558 2511 ep.
577 2467 753 2509 CCCIV‚
778 2467 829 2510 5.)
864 2466 994 2501 werde
1023 2464 1148 2499 halten
1184 2464 1344 2498 kfmnen.
1394 2462 1435 2497 S.
1466 2462 1619 2496 Ramsh.

155 2506 184 2550 §.
202 2509 287 2549 190,
315 2510 419 2544 Anm.
438 2512 472 2545 8.
498 2530 544 2539 —
583 2513 753 2557 praediis
775 2512 813 2548 in
845 2511 1057 2558 Campania.

245 2565 278 2599 2.
318 2565 536 2611 Pomponio,
573 2569 711 2604 Attico.
747 2568 786 2604 S.
820 2581 880 2615 ep.
907 2569 1059 2613 CCCV,
1093 2569 1127 2604 6.
1163 2587 1208 2594 —
1263 2565 1435 2601 camillo.
1485 2563 1524 2599 S.
1559 2575 1618 2609 ep.

155 2611 308 2655 CCCII,
333 2614 365 2648 3.
400 2632 442 2638 -
497 2616 653 2658 consid„
684 2615 925 2660 deliberetis,
969 2616 1029 2650 ihr
1059 2614 1223 2649 mechtet
1253 2612 1319 2646 mit
1337 2638 1344 2646 .
1362 2637 1396 2646 ..
1415 2621 1461 2645 zu
1499 2611 1623 2645 Rathe

157 2659 290 2701 gehen.
317 2677 359 2683 —-
408 2662 470 2694 Ad
492 2672 687 2701 summam,
713 2663 942 2707 iiber-haupt,
978 2661 1044 2695 mit
1069 2661 1189 2695 einem
1222 2660 1368 2693 Worte.
1396 2677 1439 2683 —
1487 2657 1621 2691 Labie-

158 2715 224 2737 nus
240 2731 247 2738 .
264 2730 273 2740 .
289 2730 298 2740 .
322 2707 407 2749 fecit
431 2718 452 2740 a
476 2707 634 2741 Caesare
658 2708 703 2741 ad
727 2708 947 2753 Pompeium
973 2706 1208 2742 transeundo.
1258 2704 1296 2738 S.
1325 2715 1383 2748 ep.
1404 2703 1570 2747 CCCIV‚
1590 2706 1621 2738 1.

159 2750 310 2796 CCCV,
334 2754 366 2788 5.
394 2771 435 2778 --
463 2754 627 2790 Adiuvat
651 2765 728 2789 rem
753 2761 924 2791 nostram.
952 2773 994 2782 —-
1041 2753 1190 2788 sceleris
1213 2751 1425 2786 condemnat
1447 2759 1621 2792 generum
