1795 3043
133 654 165 697 <ss

195 96 299 143 364
465 91 530 139 Μ.
565 91 620 137 Τ.
658 89 995 138 CICERONIS
1029 91 1399 139 EPISTOLAE.

196 203 374 255 cepisse.
433 203 482 243 In
514 215 600 254 quo
627 201 795 255 quidem
824 204 1026 256 manebo,
1056 204 1154 243 dum
1185 212 1278 257 spes
1307 204 1426 257 pacis
1455 204 1554 247 erit:
1590 206 1653 246 sin

196 259 357 300 bellum
384 261 575 312 geretur,
614 272 699 300 non
729 260 856 301 deero
884 261 1026 301 officio
1056 273 1136 301 nec
1161 261 1353 313 dignitati
1384 273 1523 310 meae,
1554 275 1655 314 pue-

195 330 268 357 ros
295 317 571 365 ύπεκθέμενος
598 316 644 357 in
673 317 908 359 Graeciam.
966 319 1114 359 Totam
1154 319 1266 358 enim
1307 319 1477 359 Italiam
1506 318 1653 373 flagra-

193 375 332 413 turam
363 373 475 414 bello
504 374 713 427 intelligo.
780 376 962 416 Tantum
995 377 1096 415 mali
1136 376 1362 416 excitatum
1402 377 1466 416 est
1500 377 1655 427 partim

195 443 249 470 ex
278 430 503 482 improbis,
543 432 698 484 partim
728 443 780 472 ex
808 431 963 473 invidis
993 432 1168 473 civibus.
1239 432 1322 473 Sed
1360 433 1467 474 haec
1505 433 1654 484 paucis

192 486 345 527 diebus
374 500 426 528 ex
462 488 579 529 illius
619 490 671 530 ad
700 489 842 529 nostra
869 501 1070 541 responsa
1108 491 1318 542 responsis
1346 490 1651 543 intelligentur,

192 555 398 595 quorsum
430 558 607 587 evasura
635 547 734 588 sint.
800 546 908 587 Tum
938 546 990 587 ad
1027 550 1071 587 te
1101 547 1285 588 scribam
1314 547 1462 599 plura,
1502 547 1539 587 si
1569 547 1654 588 erit

191 600 373 644 bellum:
413 603 479 643 sin
508 604 648 643 autem
676 604 803 643 etiam
831 603 1049 655 induciae,
1089 605 1133 644 te
1160 604 1318 656 ipsum,
1349 605 1396 643 ut
1424 616 1562 655 spero,
1592 605 1652 645 vi-

193 657 316 698 debo.
374 660 465 712 Ego
495 673 553 700 lv.
584 659 692 700 Non.
725 659 875 708 Febr„
923 673 1005 711 quo
1044 661 1111 701 die
1151 662 1226 701 has
1264 662 1411 701 literas
1448 661 1565 711 dedi,
1605 661 1651 701 in

187 715 444 764 Formiano,
494 729 578 768 quo
618 716 760 769 Capua
805 717 1034 768 redieram,
1088 718 1284 757 mulieres
1332 718 1650 770 exspectabam:

187 772 341 823 quibus
371 773 541 825 quidem
570 774 833 826 scripseram,
863 774 947 813 tuis
974 774 1109 815 literis
1139 775 1389 823 admonitus,
1420 777 1467 815 ut
1496 775 1652 816 Romae

186 832 420 870 manerent.
481 830 563 870 Sed
604 830 728 870 audio
765 830 967 871 maiorem
1004 832 1213 881 quendam
1248 832 1294 871 in
1323 832 1427 872 urbe
1457 832 1650 872 timorem

187 899 292 926 esse.
354 887 523 940 Capuae
550 886 657 929 Non.
688 886 815 929 Febr.
844 901 935 928 esse
965 888 1179 937 volebam,
1219 888 1319 940 quia
1347 890 1540 930 consules
1567 890 1649 930 ius·

187 946 343 984 serant.
403 944 614 996 Quidquid
650 945 734 985 huc
765 945 848 985 erit
877 959 902 985 a
932 945 1135 998 Pompeio
1171 946 1370 994 allatum,
1414 947 1554 987 statim
1597 946 1649 988 ad

186 1003 231 1040 te
261 1001 468 1043 scribam:
506 1003 685 1054 tuasque
715 1001 766 1043 de
795 1002 886 1044 istis
914 1003 1041 1043 rebus
1068 1002 1214 1044 literas
1244 1003 1508 1056 exspectabo.

358 1152 671 1199 EPISTOLA
721 1153 935 1200 CCCXV.
989 1153 1070 1213 (ad
1104 1154 1194 1200 Att.
1226 1154 1329 1200 VII.
1365 1155 1468 1211 18.)

325 1227 408 1263 Ser.
433 1229 594 1264 Formiis
619 1230 688 1264 111.
715 1230 811 1265 Non.
837 1230 949 1265 Febr.
973 1231 1019 1264 A.
1044 1231 1090 1266 U.
1116 1231 1158 1265 G.
1185 1233 1263 1266 705.
1300 1232 1347 1273 (a.
1374 1230 1414 1265 c,
1439 1231 1510 1272 49.)

185 1295 370 1330 Mulieres
400 1297 569 1332 Formias
592 1297 741 1331 venisse
766 1297 920 1332 nuntiat.
949 1300 981 1332 1.
1008 1298 1046 1332 in
1070 1298 1163 1332 belli
1193 1298 1441 1343 impendentis
1478 1298 1646 1342 periculo

185 1342 278 1386 quid
303 1342 453 1377 consilii
477 1343 623 1388 ceperit
645 1344 677 1378 2.
703 1343 792 1388 quid
820 1344 867 1378 de
892 1344 1082 1389 Dionysio
1106 1345 1191 1378 fieri
1216 1345 1317 1379 velit.
1342 1346 1375 1379 3.
1401 1350 1575 1386 quantum
1601 1346 1645 1380 Q.

330 1389 449 1424 frater
473 1390 512 1423 in
537 1390 696 1435 pecunia
720 1390 846 1424 Attico
872 1390 1053 1425 solvenda
1077 1391 1243 1435 laboret,
1272 1389 1440 1435 exponit.
1466 1391 1499 1425 4.

679 1459 868 1494 CICERO
900 1459 1092 1494 ATTICO
1125 1459 1165 1495 S.

297 1541 388 1569 1111.
413 1528 522 1571 Non.
545 1529 673 1572 Febr.
696 1530 895 1570 mulieres
914 1532 1083 1570 nostrae
1104 1529 1295 1570 Formias
1325 1532 1529 1571 venerunt
1557 1533 1646 1572 tua-

181 1598 265 1637 que
295 1598 394 1638 erga
424 1599 468 1626 se
496 1585 640 1627 officia
667 1588 796 1638 plena
826 1588 889 1627 tui
928 1587 1160 1627 suavissimi
1199 1587 1326 1627 studii
1365 1588 1418 1627 ad
1457 1601 1523 1628 me
1551 1601 1645 1641 per-

180 1644 386 1684 tulerunt.
444 1644 530 1684 Eas
559 1655 660 1696 eg0‚
692 1643 828 1696 quoad
858 1645 1081 1695 sciremus,
1122 1646 1264 1684 utrum
1294 1644 1409 1696 turpi
1439 1657 1543 1697 pace
1570 1658 1645 1686 no·

180 1699 269 1753 bis,
312 1713 366 1741 an
415 1701 570 1741 misero
618 1700 732 1741 bello
779 1703 888 1741 esset
927 1701 1152 1749 utendum,
1204 1701 1249 1740 in
1289 1702 1517 1742 Formiano
1553 1714 1643 1742 esse

178 1758 299 1798 volui
328 1760 371 1798 et
400 1771 483 1798 una
514 1758 753 1800 Cicerones.
818 1758 915 1810 Ipse
959 1771 1052 1798 cum
1081 1759 1215 1798 fratre
1245 1760 1434 1810 Capuam
1463 1758 1515 1799 ad
1545 1771 1641 1800 con·

178 1817 292 1855 sules
320 1837 379 1846 —·
407 1814 539 1855 Nonis
581 1815 693 1856 enim
728 1815 873 1856 adesse
909 1814 1011 1856 iussi
1051 1828 1190 1855 sumus
1217 1836 1274 1844 -
1313 1829 1382 1856 111.
1410 1815 1518 1857 Non.
1548 1829 1643 1869 pro-

177 1929 252 1952 von
285 1917 356 1952 den
395 1917 536 1952 andern
572 1918 740 1952 consulu
778 1918 1021 1963 ausgetragen
1056 1930 1147 1954 war.
1205 1918 1243 1953 S.
1276 1931 1333 1964 ep.
1368 1919 1579 1959 GCCVIII,
1604 1920 1638 1954 2.

176 1965 332 2007 CCCX,
357 1965 392 1999 4.
416 1983 461 1989 —
484 1965 531 1998 1η
555 1975 623 2008 quo
649 1964 790 2008 quidem
814 1966 963 1999 manebo
989 1965 1023 1999 d.
1043 1965 1066 1999 i.
1094 1966 1155 2000 bei
1182 1965 1308 1999 dieser
1325 1965 1506 2009 Meinung
1522 1966 1640 1999 werd'

174 2010 240 2045 ich
273 2011 344 2044 den
376 2011 491 2045 Ciisar
521 2011 667 2055 lassen3
703 2022 825 2055 gegen
861 2012 925 2045 ihn
957 2012 1074 2046 werd'
1099 2012 1160 2046 ich
1186 2023 1226 2045 so
1252 2012 1453 2056 sprechen3
1487 2013 1550 2046 od.
1576 2012 1639 2046 bei

176 2057 321 2091 diesem
338 2057 553 2092 Benehmen
577 2057 694 2091 werd’
708 2057 769 2091 ich
795 2058 1023 2092 beharren.’'
1055 2058 1137 2092 Und
1156 2058 1252 2091 doch
1270 2069 1350 2091 war
1369 2069 1410 2092 er
1427 2057 1529 2091 nicht
1543 2068 1639 2102 ganz

176 2103 357 2147 unnhatig.
413 2102 450 2138 S.
476 2115 536 2148 ep.
561 2105 651 2148 310,
669 2104 703 2139 4.
729 2104 815 2147 334,
842 2105 875 2138 5.
904 2116 935 2138 u.
966 2105 1109 2148 Anlage
1134 2105 1179 2138 B.
1196 2106 1228 2139 3.
1267 2105 1411 2147 Anlage
1431 2105 1478 2138 D.
1502 2107 1534 2138 7.
1551 2115 1584 2138 u.
1602 2106 1636 2139 8.

175 2152 258 2192 326,
282 2151 316 2184 5.
343 2168 387 2174 --
429 2150 552 2192 officio
584 2156 655 2185 cet.
704 2150 760 2184 Er
792 2151 872 2194 gibt
905 2151 999 2185 leise
1031 2162 1076 2185 zu
1111 2150 1327 2193 verstehen,
1367 2150 1450 2183 dass
1477 2161 1518 2183 er
1541 2150 1637 2184 dann

175 2195 438 2239 offenkundig‚
470 2196 537 2230 mit
560 2196 644 2230 dem
669 2197 803 2241 Degen
835 2197 871 2230 in
905 2197 972 2231 der
1005 2196 1136 2239 Hand,
1170 2207 1291 2240 gegen
1316 2196 1430 2230 Ciisar
1455 2196 1637 2230 auftreten

174 2242 315 2279 werde.
365 2241 403 2276 S.
429 2242 519 2286 folg.
544 2243 654 2276 Brief
675 2244 704 2286 §.
720 2244 753 2277 2.
778 2245 860 2285 317,
885 2243 917 2277 2.
934 2263 977 2268 —
1004 2245 1150 2282 ὑπεκθ.,
1170 2254 1280 2286 quum
1303 2243 1395 2276 clam
1417 2243 1635 2276 subduxero

174 2299 212 2325 et
240 2293 543 2333 transportavero
560 2315 570 2332 ‚
605 2300 714 2323 wenn
746 2289 808 2323 ich
839 2290 967 2324 werde
998 2289 1035 2323 in
1060 2289 1272 2324 Sicherheit
1297 2289 1479 2331 gebracht
1503 2289 1635 2323 haben.

167 2346 324 2382 pueros,
356 2334 571 2368 Cicerones.
604 2354 648 2360 —
683 2347 726 2369 ex
755 2336 880 2379 illius,
914 2334 1105 2374 Caesaris,
1141 2336 1335 2378 responsis.
1366 2355 1411 2360 —
1462 2345 1635 2379 responsa

173 2385 247 2418 del.
281 2381 457 2415 censebat
480 2380 641 2415 Ernesti.
670 2401 714 2407 -—
739 2383 853 2417 intell.
881 2387 968 2416 statt
994 2380 1233 2422 intelligetur.
1261 2381 1509 2415 Graecismus.

261 2428 296 2462 5.
323 2426 393 2461 IV.
420 2427 516 2461 Non.
542 2427 661 2469 Febr„
679 2438 736 2461 am
760 2429 793 2462 2.
809 2428 986 2462 Februar.
1002 2446 1047 2451 —-
1071 2427 1167 2461 Non.
1186 2428 1305 2469 Febr„
1327 2439 1383 2461 am
1403 2428 1436 2462 5.
1455 2427 1632 2462 Februar.

172 2496 215 2502 —
240 2475 404 2510 volebam
428 2485 474 2507 =
497 2474 603 2515 volo;
628 2474 811 2507 iusserant
834 2486 880 2507 =
903 2474 1093 2507 iusserunt
1116 2473 1165 2507 im
1189 2474 1373 2509 Briefstil.
1407 2485 1464 2518 ep.
1491 2475 1572 2515 311,
1598 2474 1631 2508 2.

264 2524 295 2555 1.
322 2520 420 2553 IIII.
447 2519 543 2555 Non.
570 2520 675 2554 Febr.
697 2532 744 2554 τ·-
769 2521 907 2555 Quarto
932 2519 1030 2554 Non.
1056 2520 1140 2553 Asc.
1168 2521 1199 2553 l.
1226 2521 1324 2554 Crat.
1354 2520 1456 2557 Vict.
1483 2522 1515 2553 1.
1542 2519 1632 2553 Ern.

171 2570 259 2605 sch.
294 2567 389 2601 Liin.
423 2566 595 2600 Ceterum
628 2566 730 2599 haec¹
750 2577 899 2610 quoque
927 2566 1115 2610 scriptura
1145 2565 1295 2600 defendi
1321 2573 1445 2610 potest
1469 2577 1490 2599 e
1514 2566 1632 2599 Fron-

171 2624 258 2650 tone
285 2625 321 2658 p.
347 2612 401 2647 85.
436 2613 544 2646 Rom.
572 2613 760 2646 octavidzcs
790 2624 860 2656 pro
887 2616 1012 2645 octavo
1039 2613 1137 2646 Idas.
1169 2612 1366 2646 ORELLI.
1393 2632 1435 2637 —-
1461 2611 1632 2646 Formias

171 2673 304 2701 vener„
330 2670 359 2693 s.
378 2657 413 2691 d.
438 2659 559 2702 vorig.
585 2659 648 2692 ΒΓ.
676 2660 704 2703 §.
732 2659 764 2692 5.
792 2677 836 2682 —
857 2659 988 2702 pei-tul.
1031 2657 1095 2692 Sic
1121 2659 1255 2702 Margo
1282 2660 1380 2693 Crat.
1398 2658 1524 2693 Lamb.
1544 2657 1628 2691 Bos.

169 2708 208 2742 in
235 2707 332 2742 Add.
357 2704 491 2747 studii,
517 2706 716 2739 attulerunt
741 2705 835 2740 Cett.
865 2705 939 2738 OR.
969 2724 1008 2730 --
1034 2705 1158 2738 adesse
1183 2705 1275 2737 iussi
1297 2716 1340 2748 s.‚
1368 2704 1439 2738 wir
1463 2703 1546 2737 sind
1570 2704 1635 2737 auf

169 2755 240 2789 den
272 2754 305 2787 5.
333 2750 444 2786 dahin
471 2752 710 2787 beschieden.
738 2772 780 2778 --
805 2762 863 2785 111.
890 2751 1008 2795 Now,
1035 2761 1089 2786 am
1114 2752 1147 2787 3.
1174 2751 1354 2786 Februar.
1381 2771 1425 2776 -
1458 2761 1562 2795 quum
1588 2761 1631 2783 Ξ
