1795 3043
1181 5 1195 23 Ι

220 84 320 132 522
480 80 543 125 Μ.
581 80 634 125 Τ.
673 79 1014 128 CICERONIS
1048 79 1419 152 EPISTOLAE.

221 204 307 233 non
344 191 400 233 sit
439 190 637 240 dubium,
688 193 789 244 quin
819 194 1002 245 turpiter
1030 194 1170 233 facere
1201 205 1296 233 cum
1323 193 1516 245 periculo
1545 195 1677 248 fugia-

221 262 336 302 mus,
387 249 498 300 quod
532 250 773 301 fugeremus
814 251 940 291 etiam
977 263 1073 290 cum
1103 251 1248 290 salute.
1306 250 1400 290 Non
1430 252 1551 291 simul
1582 264 1677 292 cum

220 307 422 358 Pompeio
452 318 567 346 mare
587 307 907 349 transierimus?
956 307 1136 347 Omnino
1158 319 1241 346 11011
1259 307 1484 359 potuimus.
1531 309 1679 349 Exstat

220 365 331 404 ratio
369 363 546 403 dierum.
608 365 691 404 Sed
729 366 867 405 tamen
910 387 966 393 ——
1023 366 1229 404 fateamur
1265 364 1398 412 enim,
1446 365 1556 416 quod
1594 367 1676 415 est3

220 433 276 461 ne
305 421 523 461 condimus
553 421 746 472 quidem,
794 424 840 462 ut
857 434 1098 474 possumus;
1134 442 1192 448 —
1239 421 1392 461 fefellit
1421 434 1470 461 ea
1498 434 1565 461 me
1595 435 1678 474 res,

221 490 330 530 quae
359 478 536 519 fortasse
566 491 649 518 non
680 478 844 528 debuit,
883 479 954 519 sed
984 479 1160 519 fefellit:
1215 490 1362 530 pacem
1392 479 1539 530 putavi
1567 479 1677 519 fore:

221 548 330 589 quae
360 535 394 577 si
425 537 558 584 esset,
587 536 738 576 iratum
770 535 872 575 mihi
895 537 1112 576 Caesarem
1143 547 1254 587 esse,
1284 547 1412 586 quum
1439 535 1550 575 idem
1580 536 1680 575 ami-

222 605 297 632 cus
338 593 447 633 esset
476 593 699 645 Pompeio,
752 593 882 633 nolui.
942 594 1161 633 Senseram
1201 593 1336 643 enim,
1384 605 1510 645 quam
1550 591 1679 632 iidem

221 650 372 690 essent.
428 650 522 689 Hoc
559 661 709 689 verens
748 649 792 688 in
835 650 945 689 hanc
968 649 1213 689 ‘tarditatem
1251 649 1399 689 incidi.
1461 649 1544 689 Sed
1573 662 1681 689 asse-

171 716 199 756 6
223 719 330 759 quor
372 707 530 758 omnia,
571 706 607 746 si
651 717 857 758 proper03
904 706 940 746 si
981 708 1181 758 cunctor,
1221 707 1382 748 amitto.
1439 706 1495 746 Et
1522 707 1678 758 tamen,

221 763 281 804 mi
309 762 478 813 Attice,
526 764 701 816 auguria
741 775 906 814 quoque
947 774 1013 802 me
1049 762 1233 803 incitant
1272 763 1453 815 quadam
1482 775 1557 814 spe
1594 775 1681 803 non

223 821 374 869 dubia,
411 833 495 860 11011
526 821 632 861 haec
664 820 832 873 collegii
861 820 993 861 nostri
1023 819 1076 859 ab
1104 819 1246 867 Attio,
1287 821 1359 861 sed
1387 820 1464 860 illa
1491 820 1681 860 Platonis

223 877 275 918 de
295 878 498 931 tyrannis.
556 877 684 918 Nullo
715 879 825 918 enim
854 877 976 918 modo
1006 889 1128 928 posse
1157 877 1279 917 video
1308 879 1418 918 stare
1446 878 1573 917 istum
1593 876 1682 916 diu-

221 935 328 988 tius,
360 936 462 986 quin
493 935 586 987 ipse
614 947 692 987 per
720 947 786 982 se,
819 936 945 975 etiam
974 934 1271 986 languentibus
1286 933 1434 986 nobis,
1465 934 1679 982 concidat;

223 993 381 1045 quippe
419 992 492 1044 qui
532 986 852 1032 florentissimus
889 1005 938 1032 ac
976 1003 1131 1044 novus,
1178 1004 1264 1043 v1.,
1301 1004 1382 1033 vu.
1421 990 1569 1031 diebus
1597 990 1682 1042 ipsi

222 1050 288 1090 illi
327 1050 465 1102 egenti
509 1062 558 1090 ac
596 1050 786 1101 perditae
822 1048 1083 1089 multitudini
1124 1048 1168 1088 in
1198 1048 1339 1089 odium
1367 1048 1682 1089 acerbissimum

221 1108 407 1148 venerit:
446 1107 521 1158 qui
550 1106 725 1147 duarum
744 1119 888 1147 rerum
918 1106 1228 1146 simulationem
1257 1107 1341 1145 tam
1362 1106 1446 1146 cito
1476 1105 1682 1153 amiserit,

220 1253 297 1288 und
322 1253 358 1287 in
386 1253 511 1287 dieser
535 1262 691 1286 unserer
715 1251 1007 1295 ungliicklichen
1029 1252 1130 1294 Lage
1156 1251 1203 1285 ist
1227 1251 1547 1294 schlechterdings
1570 1250 1684 1284 keine

217 1300 428 1344 Massregel
461 1310 507 1333 zu
539 1299 730 1341 effinden,
770 1298 830 1331 die
863 1298 959 1332 ohne
992 1298 1066 1331 alle
1093 1298 1232 1331 Gesahr
1265 1299 1388 1340 ware3
1431 1307 1472 1330 so
1506 1297 1590 1330 dass
1620 1296 1684 1330 ich

218 1346 376 1390 folglich
409 1346 545 1379 keinen
571 1345 738 1379 Anstand
770 1345 921 1387 nehme,
962 1344 1079 1377 selbst
1103 1345 1168 1377 auf
1187 1343 1308 1377 meine
1331 1344 1471 1379 Gefahr
1495 1342 1579 1377 eine
1603 1348 1684 1376 ent-

219 1393 384 1426 ehrende
409 1393 610 1436 Handlung
644 1402 689 1425 zu
716 1391 871 1433 ssiehen,
915 1389 977 1424 die
1002 1390 1061 1424 ich
1086 1401 1196 1434 sogar
1221 1390 1357 1424 fliehen
1382 1389 1538 1433 wurde,
1560 1398 1683 1423 ‘Wenn

218 1438 280 1472 ich
306 1440 400 1472 auch
425 1439 497 1473 den
522 1441 695 1483 grossten
722 1438 897 1472 Vox-their
924 1437 1042 1470 davon
1075 1447 1120 1470 zu
1147 1444 1330 1470 erwarten
1359 1437 1470 1470 hatte.
1506 1455 1551 1461 —
1597 1435 1683 1469 Non

217 1486 331 1519 simul
357 1512 364 1519 .
389 1512 397 1520 .
417 1512 424 1520 .
453 1485 736 1519 transierimus?
784 1485 883 1517 Hane
908 1483 968 1517 ich
993 1483 1089 1517 denn
1115 1483 1205 1516 aber
1229 1483 1291 1516 bei
1317 1483 1441 1516 dieser
1465 1481 1697 1524 Gesinnung.

217 1532 323 1566 nicht
347 1532 517 1576 sogleich
543 1531 609 1565 mit
634 1532 764 1575 Pomp.
791 1531 885 1563 iiber
910 1529 974 1563 das
998 1530 1105 1563 Meer
1129 1530 1250 1573 gehen
1278 1530 1423 1563 sollenit
1447 1548 1491 1553 —
1522 1539 1592 1562 non
1604 1532 1680 1571 pot.

221 1579 370 1612 Omisso
398 1590 468 1611 non
494 1584 591 1611 esset
618 1576 887 1620 interrogative
921 1576 1191 1620 accipiendum.
1231 1576 1426 1609 ORELLI.
1462 1593 1506 1600 —
1554 1575 1684 1608 Exstat

219 1629 292 1659 rat.
321 1626 436 1668 dier.‚
469 1625 531 1658 die
556 1623 853 1666 Nachrechnung
879 1623 945 1655 der
971 1623 1076 1665 Tage
1100 1623 1182 1655 ffiilt
1206 1621 1274 1656 in's
1298 1623 1405 1665 Auge
1430 1621 1465 1655 d.
1492 1620 1514 1656 i.
1540 1621 1683 1654 beWei-

220 1676 298 1714 set,
336 1672 420 1705 dass
445 1671 506 1705 ich
532 1681 571 1704 es
597 1670 697 1703 nicht
723 1670 873 1702 konnte.
902 1687 944 1693 -
992 1669 1086 1712 quod
1110 1672 1180 1709 est,
1218 1668 1279 1702 die
1301 1667 1510 1702 VVahrheit.
1537 1687 1579 1692 —
1628 1677 1685 1710 ne,

219 1718 408 1752 Ernsnec
448 1717 573 1751 tacite.
623 1716 821 1750 condimus.
873 1715 935 1749 Sic
976 1715 1052 1748 Md.
1093 1715 1226 1757 Margo
1263 1715 1362 1748 Crat.
1399 1725 1419 1747 a
1450 1726 1485 1748 v.
1512 1714 1682 1755 condire3

221 1764 485 1809 ‚,mitigamus,
527 1762 706 1797 lenimus”
746 1760 1035 1804 (besciitinigem
1074 1761 1332 1798 verzuckern).
1388 1760 1521 1794 Possis
1554 1760 1680 1793 etiam:

220 1811 443 1845 condiamus.
478 1811 570 1845 Cett.
598 1810 802 1843 condamus.
833 1807 1029 1841 ORELLI.
1056 1826 1100 1830 ——
1131 1817 1257 1849 peccem
1283 1805 1452 1839 nimirum
1473 1809 1614 1850 putavi.
1638 1824 1684 1831 --

220 1868 312 1901 quae
335 1859 370 1890 si
393 1861 503 1899 esset,
531 1856 629 1889 diess
650 1860 941 1897 vorausgeselzt.
966 1873 1010 1878 —
1040 1853 1171 1893 iidem,
1200 1852 1261 1885 die
1287 1851 1463 1895 vorigen‚
1491 1853 1552 1885 die
1570 1853 1681 1885 alten.

220 1904 355 1938 Cicero
382 1903 482 1936 hatte
507 1903 587 1937 sich
611 1913 681 1934 vor
707 1904 748 1936 10
767 1901 900 1934 latu-en
928 1899 986 1933 bei
1013 1899 1115 1932 ihrer
1141 1898 1336 1932 Eintracht
1371 1899 1538 1932 schlecht
1561 1909 1685 1942 genug

219 1949 425 1984 befunden!
462 1968 504 1973 —
553 1949 700 1989 zai-dit„
738 1946 928 1989 Zaudern‚
968 1945 1255 1980 cunctationem.
1298 1963 1342 1969 -—
1389 1956 1579 1988 assequor,
1623 1944 1684 1979 ich

219 1997 309 2030 hole
341 1997 448 2030 Alles
486 1995 566 2037 ein,
606 1995 734 2028 mache
765 1994 871 2027 Alles
905 1992 1049 2026 wieder
1075 1998 1152 2035 gut.
1203 1991 1267 2025 Sic
1300 1991 1440 2034 (Oxon.
1463 1991 1514 2034 2.)
1550 1992 1682 2035 Margo

219 2044 322 2078 1584.
359 2043 444 2076 Bos.
478 2041 591 2084 Seqq.
641 2051 813 2084 assequar
845 2039 1000 2074 Priores
1027 2049 1107 2072 cum
1132 2038 1207 2072 Md.
1243 2038 1316 2071 OR.

313 2112 347 2146 6.
378 2112 425 2146 Ee
450 2115 568 2144 tamen
592 2121 639 2142 z
664 2108 870 2142 iiberdiess.
901 2127 940 2133 --
974 2107 1126 2149 collegii
1151 2107 1291 2149 nostri,
1323 2105 1411 2140 weil
1438 2105 1530 2139 auch
1556 2117 1598 2139 er
1622 2105 1683 2139 ein

219 2159 353 2202 Augur
383 2169 472 2191 war.
504 2177 548 2182 —
586 2157 641 2190 ‘ab
675 2156 791 2189 Attio.
842 2155 905 2189 Sic
937 2154 984 2187 de
1010 2153 1216 2187 certissima
1240 2152 1397 2187 Manutii
1424 2152 1520 2185 coni.
1554 2152 1682 2186 Lamb.

219 2205 321 2240 Vim.
348 2204 381 2237 2.
414 2204 503 2237 Bos.
541 2203 627 2237 Est:
663 2201 845 2245 ⁷‚collegii
872 2204 1063 2244 Augurum
1090 2201 1135 2233 ab
1161 2199 1262 2233 Attio
1287 2198 1430 2233 Naevio
1458 2198 1684 2231 constituti.⁷’

221 2252 347 2286 Attico
374 2250 467 2284 Cdd.
494 2250 593 2291 noti,
621 2249 706 2284 Asc.
723 2251 754 2282 l.
782 2249 881 2281 Crat.
916 2248 1036 2291 Appio
1063 2245 1165 2282 vict:
1190 2246 1222 2279 1.
1249 2245 1347 2278 coni.
1373 2245 1418 2278 ab
1446 2244 1528 2289 ipso
1554 2251 1686 2288 postea

220 2297 418 2343 repudiata
452 2296 586 2330 Graev.
611 2295 698 2328 Ern.
730 2295 816 2330 Scir.
842 2296 934 2328 Liin.
973 2294 1046 2326 GR.
1094 2293 1143 2326 Et
1168 2292 1312 2336 Appius
1339 2291 1539 2335 scripserat
1566 2291 1685 2324 libros

221 2344 269 2378 de
301 2343 501 2388 disciplina
534 2352 713 2384 augurum
750 2341 794 2374 ad
829 2341 1060 2375 Ciceronem.
1112 2338 1200 2373 Vid.
1237 2350 1294 2383 ep.
1326 2338 1416 2380 194,
1444 2339 1475 2371 l.
1525 2338 1617 2380 249,
1649 2339 1682 2372 3.

221 2391 311 2434 265,
337 2391 369 2423 4.
415 2390 474 2424 De
499 2387 603 2422 Attio
618 2387 779 2424 Naevio,
805 2397 967 2430 augure,
992 2384 1056 2430 qui
1082 2390 1242 2418 tentatur
1267 2395 1286 2417 a
1312 2383 1518 2426 Tarquinio
1544 2383 1684 2428 prisco,

222 2437 299 2471 vid.
330 2437 377 2470 de
402 2434 529 2469 Divin.
558 2436 603 2477 1,
638 2436 692 2467 17.
741 2433 822 2467 Liv.
861 2436 903 2473 1,
937 2433 994 2466 36.
1028 2449 1072 2456 —
1120 2431 1162 2464 de
1187 2433 1373 2475 tyrannm,
1413 2429 1462 2463 im
1496 2431 1529 2464 8.
1555 2429 1684 2463 Buche

222 2483 269 2518 de
302 2494 342 2516 re
376 2481 538 2525 publica.
571 2499 616 2505 —
663 2483 760 2512 stare
794 2479 856 2521 (im
885 2479 1046 2522 Gegens.
1079 2487 1110 2510 v.
1145 2476 1299 2519 iacere.)
1329 2495 1375 2502 —-
1422 2477 1554 2519 istum,
1591 2476 1686 2510 Cae-

221 2541 352 2564 sarem.
381 2548 424 2553 —-
471 2528 556 2572 quin
579 2538 626 2559 =
651 2526 747 2558 ohne
772 2525 867 2559 dass.
893 2543 937 2549 —-
986 2525 1171 2565 languent.
1200 2524 1302 2565 nob„
1337 2523 1454 2557 selbst
1477 2533 1586 2556 wenn
1611 2520 1685 2555 wir

221 2576 285 2609 die
312 2575 443 2609 Hande
474 2574 511 2608 in
543 2573 615 2607 den
641 2572 778 2606 Schoss
811 2572 944 2615 legen,
978 2570 1088 2603 keiue
1120 2570 1528 2613 Kraftanstrengungen
1561 2567 1685 2601 wider

222 2622 286 2657 ihn
319 2622 484 2655 macheu.
522 2639 565 2645 —
614 2630 658 2652 ac
682 2629 818 2660 novus,
862 2616 935 2650 und
966 2616 1012 2649 da
1037 2626 1078 2649 er
1103 2616 1162 2649 sur
1187 2617 1251 2650 das
1276 2616 1379 2651 Volk
1410 2615 1446 2649 in
1471 2616 1565 2648 Rom
1590 2614 1684 2647 nach
1747 2608 1766 2619 ⁶

223 2667 468 2711 vieliiihriger
507 2664 774 2700 Abwesenheit
811 2662 954 2696 wieder
985 2662 1118 2697 ⁴'Etwas
1157 2673 1272 2696 neues
1311 2672 1402 2695 war.
1444 2679 1489 2686 -—·
1548 2660 1682 2703 egenti,

222 2715 484 2755 bettelhasten3
516 2723 558 2746 so
583 2712 668 2745 dass
693 2721 797 2752 man,
822 2710 911 2743 weil
937 2719 977 2743 es
1002 2709 1208 2755 aquasars
1233 2708 1350 2752 miide
1362 2707 1469 2742 Hand
1495 2708 1684 2749 rechnete,

223 2761 349 2795 sicher
373 2761 474 2794 hiitte
497 2765 684 2793 erwarteu
710 2757 854 2800 senen,
880 2767 921 2790 es
944 2755 1074 2790 wiirde
1098 2756 1179 2792 sich
1203 2766 1276 2788 von
1303 2754 1376 2788 ihm
1393 2754 1498 2788 Alles
1523 2753 1684 2796 gefallen
