1795 3043
181 544 210 584 en

233 83 334 133 384
489 81 555 129 M.
595 82 650 128 Τ.
687 81 1030 131 CICERONIS
1063 83 1435 132 EPISTOLAE.

233 193 275 232 et
312 191 366 233 ab
402 192 562 245 impetu
599 194 724 235 huius
763 193 867 236 belli
903 195 1205 238 remotissima:
1263 197 1367 250 fuga
1407 198 1449 237 et
1484 198 1695 239 maritima

232 251 526 301 opportunitas
554 250 643 292 visa
673 254 821 303 quaeri
850 253 1159 306 desperatione.
1217 254 1355 295 Invite
1381 255 1477 306 cepi
1495 255 1692 306 Capuam,

232 318 317 345 non
355 318 437 357 quo
475 320 625 348 munus
663 309 771 349 illud
807 310 1071 363 defugerem,
1119 309 1193 350 sed
1221 312 1311 352 sine
1342 324 1492 363 causa,
1535 312 1580 351 in
1611 325 1695 364 qua

231 364 374 403 nullus
421 366 531 404 esset
577 365 793 415 ordinum,
854 369 997 408 nullus
1035 369 1207 420 apertus
1245 369 1507 422 privatorum
1553 368 1692 411 dolor:

232 418 438 484 bonorum
475 423 613 462 autem
642 426 748 464 esset
776 425 952 476 aliquis,
992 424 1064 464 sed
1093 424 1248 472 hebes,
1289 427 1336 465 ut
1372 426 1500 474 solet3
1551 428 1614 473 et,
1645 429 1693 466 ut

231 488 324 528 lpse
339 477 465 531 sensi,
495 481 719 521 multitudo
738 483 779 520 et
801 481 968 522 infimus
993 482 1170 533 quisque
1197 494 1430 534 propensus
1453 483 1496 522 in
1516 484 1693 524 alteram

233 534 411 585 partem,
439 538 564 576 multi
592 538 834 578 mutationis
864 551 1006 579 rerum
1037 538 1196 591 cupidi.
1253 539 1353 580 Dixi
1382 539 1463 591 ipsi
1491 551 1558 578 me
1582 540 1692 580 nihil

231 593 528 643 suscepturum
564 595 654 634 sine
684 595 896 646 praesidio
935 598 977 635 et
1006 595 1095 635 sine
1124 597 1320 648 pecunia.
1380 597 1529 647 Itaque
1558 596 1690 637 habui

228 646 340 687 nihil
359 650 528 690 omnino
546 652 704 703 negotii
712 665 725 700 3
755 652 868 703 quod
897 651 949 692 ab
970 653 1091 692 initio
1114 653 1202 693 vidi
1221 653 1331 694 nihil
1352 654 1498 704 quaeri
1516 655 1688 704 praeter

226 705 381 757 fugam.
445 707 553 748 Eam
593 708 628 747 si
667 721 780 748 nuno
818 721 994 760 sequor,
1043 710 1254 760 quonam?
1315 710 1418 750 Cum
1457 711 1532 750 illo
1575 723 1685 752 non:

227 760 282 801 ad
325 773 449 813 quem
487 777 615 816 quum
655 778 787 805 essem
825 767 1063 817 profectus,
1104 766 1280 819 cognovi
1308 768 1353 807 in
1382 766 1435 806 iis
1463 767 1569 807 locis
1598 779 1690 807 esse

229 818 469 871 Caesarem,
519 823 566 861 ut
604 823 697 862 tuto
734 823 957 862 Luceriam
995 823 1140 863 venire
1175 836 1260 863 non
1299 836 1474 876 possem.
1544 824 1688 864 Infero

228 876 335 915 mari
364 877 511 926 nobis,
543 879 708 919 incerto
740 892 888 928 cursu,
930 879 1071 920 hieme
1097 881 1279 921 maxima
1306 880 1587 933 navigandum
1609 883 1686 923 est.

227 932 316 985 Age
356 934 466 987 iam,
508 948 604 976 cum
634 938 788 989 fratre,
832 949 885 977 an
925 937 1045 979 sine?
1103 949 1198 977 oum
1227 937 1316 977 filio
1346 940 1420 977 aut
1448 937 1686 989 quomodo?

228 990 277 1029 In
306 990 486 1043 utraque
517 993 628 1033 enim
656 1007 704 1034 re
734 1006 896 1034 summa
925 993 1157 1034 difficultas
1188 994 1293 1042 erit,
1333 1006 1516 1034 summus
1554 994 1686 1035 animi

227 1046 360 1087 dolor.
418 1049 499 1097 Qui
529 1052 665 1091 autem
694 1051 876 1103 impetus
896 1052 1012 1091 illius
1042 1051 1122 1092 erit
1151 1051 1195 1090 in
1225 1063 1301 1092 nos
1331 1051 1523 1092 absentes
1553 1052 1684 1092 fortu-

225 1115 385 1155 nasque
414 1106 606 1148 nostras?
663 1107 830 1159 Acrior,
860 1121 985 1160 quam
1013 1109 1058 1147 in
1089 1109 1326 1148 ceterorum
1337 1122 1349 1157 3
1380 1109 1491 1160 quod
1516 1108 1684 1160 putabit

223 1161 403 1202 fortasse
432 1163 476 1203 in
506 1164 627 1205 nobis
652 1165 860 1205 violandis
889 1164 1052 1216 aliquid
1081 1177 1125 1205 se
1154 1165 1312 1205 habere
1334 1167 1552 1217 populare.
1594 1165 1684 1218 Age

224 1218 328 1268 iam,
357 1220 433 1259 has
463 1221 708 1272 compedes,
746 1223 904 1269 fasces,
942 1222 1142 1273 inquam,
1181 1223 1258 1262 hos
1287 1223 1499 1262 laureatos
1529 1220 1682 1262 efferre

223 1321 317 1354 lecta
342 1325 399 1354 est
422 1319 545 1354 sedes.
572 1340 617 1345 —
664 1322 782 1364 inan„
810 1322 946 1354 'armste
970 1320 1044 1353 und
1068 1319 1416 1354 menschenleerste.
1442 1338 1487 1344 —
1532 1321 1624 1361 fuga
1649 1323 1681 1353 et

222 1369 346 1400 marii.
380 1377 460 1411 opp.
476 1392 487 1410 ‚
524 1367 609 1401 eine
642 1367 867 1410 bequemere
892 1366 1142 1410 Gelegenheit
1174 1376 1242 1399 zur
1266 1364 1339 1399 See
1365 1376 1411 1400 zu
1437 1365 1679 1400 entwischen.

222 1413 454 1459 Hendiadys.
479 1432 522 1438 —
568 1414 752 1458 Capuam,
778 1413 842 1447 ubi
861 1413 1022 1447 delectui
1046 1422 1272 1457 praeessem.
1298 1430 1342 1437 —-
1378 1422 1449 1445 non
1466 1423 1553 1456 quo,
1577 1412 1682 1446 nicht

221 1460 276 1493 als
301 1460 361 1493 ob.
395 1478 440 1484 —
493 1460 556 1493 sed
589 1463 667 1493 sine
698 1471 809 1493 caasa
843 1459 864 1493 i.
892 1471 924 1493 e.
959 1459 1070 1504 „cepi
1097 1460 1278 1503 Capuam,
1317 1469 1429 1501 quum
1455 1459 1556 1491 nulla
1580 1464 1681 1492 esset

221 1507 369 1540 causa.’'
400 1506 554 1540 Corrad.
596 1506 659 1541 Sic
684 1506 761 1540 Md.
790 1507 884 1539 Cett.
911 1505 1003 1541 Cdd.
1030 1504 1109 1538 noti
1140 1511 1290 1548 praeter
1315 1504 1381 1538 Cd.
1407 1504 1548 1539 decurt.
1579 1504 1677 1538 Edd.

219 1560 306 1586 ante
335 1552 461 1587 Lamb.
496 1553 632 1587 Graev.
672 1552 835 1587 Videtur
866 1558 985 1585 tamen
1011 1551 1231 1595 legendum:
1263 1551 1326 1584 sed
1348 1553 1420 1593 sic,
1451 1553 1528 1584 sine
1553 1561 1675 1585 causa.

221 1599 288 1633 Cd.
305 1599 386 1633 dec.
402 1599 490 1632 Bos.
513 1599 605 1633 Ern.
633 1599 728 1633 Liin.
753 1598 816 1630 sed
827 1600 880 1630 sic
906 1609 948 1630 ne
961 1609 1107 1631 causam
1131 1597 1234 1631 nulla
1249 1596 1540 1640 constructione,
1566 1607 1676 1640 quum

219 1657 303 1680 esse
327 1645 502 1679 deberet:
542 1645 622 1688 sed,
656 1645 760 1687 dico,
801 1654 948 1676 causam
976 1644 1036 1677 vel
1069 1654 1216 1677 causam
1237 1643 1483 1687 simpliciter,
1522 1643 1582 1677 vel
1613 1643 1676 1676 sed

218 1703 297 1725 eam
328 1702 476 1725 causam
517 1692 599 1725 scil.
633 1690 915 1734 „defugerem”:
961 1700 1034 1733 quo
1067 1695 1186 1722 tamen
1218 1688 1301 1733 ipso
1333 1689 1449 1722 verbo
1481 1689 1526 1723 de
1565 1699 1676 1722 causa

216 1739 271 1773 uti
297 1749 370 1772 non
395 1744 542 1783 poterat
568 1737 727 1771 Tullius.
772 1737 835 1770 sed
856 1736 925 1779 fide
949 1747 1088 1769 cassam
1113 1736 1172 1768 vel
1197 1736 1260 1768 sed
1283 1735 1377 1778 quod
1405 1735 1484 1768 sine
1514 1738 1676 1768 ezei-citu

217 1786 302 1820 Sch.
339 1785 520 1829 suspice„
562 1795 676 1827 quae,
717 1785 802 1818 loco
835 1793 908 1815 non
941 1793 1030 1824 suo,
1079 1781 1293 1826 desumptae
1326 1786 1411 1815 sunt
1452 1781 1584 1824 partim
1624 1791 1673 1814 ex

213 1833 284 1875 Ep.
310 1833 364 1865 ll.
392 1832 449 1874 D,
481 1830 615 1875 partim
641 1841 689 1864 ex
736 1830 800 1873 Ep.
820 1829 873 1863 12.
899 1829 1118 1872 imparatam
1138 1828 1311 1871 Capuam.
1339 1827 1533 1860 ORELLI.
1559 1838 1673 1869 „son-

214 1878 308 1911 dern
334 1888 475 1921 ungern
502 1877 701 1911 iibernahm
726 1875 784 1909 ich
810 1875 870 1908 die
886 1876 1083 1909 Pr'afectur
1102 1885 1174 1907 von
1190 1875 1315 1918 Capua
1341 1884 1407 1916 so,
1440 1873 1487 1906 da
1512 1884 1550 1906 es
1576 1873 1672 1906 noch

214 1923 351 1957 keinen
377 1923 517 1957 Zweck
547 1924 649 1956 eines
682 1921 1074 1966 gemeinschaftlichen
1098 1921 1284 1954 Interesse
1308 1920 1379 1963 gab
1411 1919 1484 1953 und
1515 1920 1670 1962 solglich

214 1970 277 2004 die
301 1970 514 2013 gesuhllose
538 1968 873 2012 Gleichgiiltigkeit
898 1968 965 2001 der
989 1966 1127 2001 Stande
1159 1966 1232 1999 und
1256 1966 1575 2010 Privatpersonen
1607 1965 1669 1999 bei

213 2017 283 2050 der
307 2016 448 2059 Sache,
480 2015 554 2050 wie
587 2015 641 2049 sie
673 2015 825 2057 vorlag,
865 2014 903 2047 in
930 2013 991 2047 die
1017 2015 1149 2057 Augen
1175 2012 1250 2046 fiel.
1288 2012 1399 2045 Denn
1425 2022 1504 2045 man
1530 2018 1669 2045 wnsste

212 2063 334 2106 nicht,
360 2064 408 2097 ob
432 2073 513 2096 man
538 2063 597 2095 s'ur
622 2061 683 2095 die
696 2060 890 2105 Republik
915 2060 1007 2094 oder
1029 2060 1088 2094 fur
1106 2058 1308 2103 Pompeius
1332 2058 1478 2091 fechten
1503 2058 1668 2091 wiirde.’⁷

211 2109 303 2153 Vgl.
327 2110 466 2143 vorher
492 2109 593 2142 nulla
618 2119 738 2142 causa.
764 2126 807 2131 —
856 2107 984 2150 dolor,
1019 2106 1086 2139 ties
1113 2105 1279 2148 gefiihlte
1304 2104 1567 2145 Theilnahme3
1608 2103 1666 2136 in·-

212 2156 380 2200 dignatio
407 2167 427 2189 e
453 2154 623 2189 Caesaris
646 2154 757 2188 ausis.
784 2152 892 2188 SCH.
919 2172 961 2177 —
1010 2154 1048 2185 in
1071 2152 1225 2184 alteram
1245 2154 1387 2194 partem
1412 2150 1436 2183 i.
1458 2160 1490 2183 e.
1516 2149 1554 2182 in
1573 2151 1665 2183 Cae-

209 2202 306 2237 saris
329 2207 482 2247 partem.
508 2220 552 2226 —
599 2203 713 2244 sensi,
738 2200 830 2240 iam,
857 2211 966 2243 quum
987 2198 1024 2232 in
1041 2198 1213 2232 exsilium
1237 2197 1340 2229 abire
1366 2202 1514 2229 coactus
1529 2207 1662 2230 essem.

301 2249 335 2282 5.
368 2248 461 2282 Dixi
492 2248 583 2292 ipsi,
612 2246 807 2291 Pompeio.
842 2265 884 2272 —
931 2247 1009 2279 sine
1035 2244 1243 2288 praesidio,
1281 2243 1377 2275 ohne
1402 2242 1590 2286 Truppen.
1616 2260 1662 2266 -—

208 2295 301 2329 Eam
325 2297 361 2328 εἰ
383 2305 475 2328 nunc
498 2305 646 2338 sequor,
681 2304 789 2328 wenn
813 2292 875 2326 ich
900 2293 992 2326 auch
1016 2290 1203 2334 mitgehen
1226 2288 1365 2323 wollte.
1393 2307 1435 2312 -
1476 2289 1565 2322 Cum
1580 2288 1660 2332 illo,

208 2340 406 2386 Pompeio.
445 2360 490 2367 —-
544 2341 583 2373 z'n
613 2341 685 2383 iis,
727 2340 806 2374 Md.
839 2341 922 2374 Asc.
950 2341 981 2373 1.
1015 2339 1112 2372 Crat.
1151 2335 1251 2371 vict.
1278 2337 1308 2369 1.
1340 2335 1468 2368 Lamb.
1506 2334 1574 2369 his.
1615 2352 1660 2359 -

203 2389 435 2431 profecturus
467 2386 568 2423 Vict.
598 2389 629 2421 1.
656 2386 783 2421 Lamb.
815 2391 943 2420 contra
966 2384 1042 2419 Md.
1075 2388 1296 2425 ceterosque
1323 2380 1414 2414 Cdd.
1441 2386 1562 2414 notos.
1589 2381 1657 2414 csr.

208 2434 290 2468 Lib.
309 2435 342 2469 8.
376 2435 443 2478 Ep.
461 2435 515 2467 ll.
540 2433 588 2467 D.
630 2435 701 2465 iter
729 2434 776 2466 ad
808 2437 839 2465 te
872 2434 909 2464 in
940 2431 1115 2475 Apuliam
1138 2430 1259 2472 facere
1284 2429 1404 2470 coepi;
1446 2427 1543 2460 uude
1569 2427 1603 2459 h.
1631 2427 1654 2461 l.

206 2480 356 2514 defendi
380 2485 510 2524 posset
529 2480 724 2523 profectus,
753 2479 946 2512 ORELLI.
972 2496 1015 2501 —-
1061 2475 1277 2516 Luceriam,
1310 2472 1437 2506 wohin
1462 2473 1525 2506 ihn
1543 2473 1655 2507 Pom-

205 2526 312 2570 peius
346 2527 501 2560 berufen
530 2527 639 2560 hatte.
668 2545 709 2549 —-
758 2525 881 2566 Infero
907 2523 1026 2565 mari,
1068 2522 1149 2555 dem
1175 2519 1475 2563 Toskanischen,
1516 2519 1562 2552 da
1587 2518 1654 2551 der

206 2573 304 2616 weg
336 2573 429 2606 nach
453 2571 692 2606 Brundisium
724 2575 916 2614 vei-spent
946 2569 1002 2602 ist.
1029 2587 1073 2592 —
1120 2570 1205 2609 Age
1228 2566 1304 2599 iam
1327 2578 1372 2598 z
1396 2571 1560 2609 gesetzt‚
1592 2564 1653 2597 ich

205 2619 434 2653 entschlosse
469 2619 567 2652 mich
598 2618 704 2651 dazu.
729 2636 772 2642 --
821 2619 971 2660 impetus
994 2615 1117 2657 illius,
1151 2612 1331 2648 Caesaris.
1364 2630 1406 2636 —
1453 2616 1652 2645 ceteron

203 2664 382 2700 fortunas.
408 2683 453 2692 —-
496 2665 693 2709 populare,
735 2674 777 2696 ei·
803 2662 931 2696 werde
957 2660 1035 2695 sich
1060 2659 1246 2703 dadurch,
1281 2658 1364 2692 dass
1389 2668 1430 2691 er
1455 2668 1520 2690 uns
1546 2656 1651 2689 miss-

203 2710 365 2754 handen,
391 2711 471 2745 dem
487 2722 642 2754 grossen
655 2710 796 2744 Hanfen
812 2708 1034 2753 empfehlen.
1047 2727 1090 2731 -—
1107 2707 1300 2740 laureatos.
1313 2703 1350 2739 S.
1363 2703 1650 2749 ep.CCCXVIi,

200 2757 223 2790 2
241 2757 396 2792 lictores.
420 2758 584 2801 occul,
605 2760 641 2792 l:
660 2757 814 2791 laun-eat.
842 2755 983 2799 CCCV,
1001 2754 1041 2788 4:
1067 2754 1132 2788 Me
1148 2779 1156 2789 .
1169 2752 1357 2788 ..lictores
1380 2750 1588 2795 impediunt.
1605 2768 1649 2774 —

1755 2883 1762 2949 ...οὶ
1753 2839 1755 2842 -
