1795 3043
126 1239 157 1279 Ν

171 84 241 136 ’74
460 79 527 126 Μ.
547 79 603 126 Τ.
626 75 971 124 CICERONIS
1004 75 1383 127 EPISTOLAE.

395 192 711 240 EPISTOLA
749 193 960 240 CCXIII.
997 191 1079 251 (ad
1109 193 1213 238 Div.
1240 193 1328 239 III.
1351 194 1419 252 6.)

200 284 283 320 Ser.
311 283 348 317 in
373 280 512 316 itinere
533 291 604 327 per
630 279 1012 371 ΟρρΡαάῗείειῐὲιίἓὶΙῐ.)
1026 280 1164 316 mensis
1189 280 1295 326 Sept.
1321 282 1367 316 A.
1394 280 1441 316 U.
1470 281 1511 317 G.
1536 282 1614 318 703.

810 338 842 363 a.
886 347 911 362 J·
987 353 994 360 .

176 398 359 436 queritur
391 406 633 440 congressum
658 406 678 429 a
703 406 743 430 se
775 396 1004 441 expetitum,
1037 397 1082 430 ab
1107 397 1234 442 Appio
1258 395 1439 439 vitatum3
1472 396 1638 431 ostendit

174 452 297 483 tamen
322 456 362 481 se
387 444 422 479 ei
447 444 529 477 sore
554 441 816 477 amicissimum
841 449 895 488 et,
933 450 973 477 ut
998 443 1120 477 locum
1146 444 1369 486 constituat,
1412 442 1477 478 ubi
1502 454 1638 478 conve-

358 490 442 525 nire
466 489 624 536 possint,
650 489 708 524 sui
728 490 875 524 itineris
902 490 1066 524 rationes
1085 490 1326 524 demonstrat.
1356 491 1458 525 1-6.

455 569 510 606 Μ.
537 570 728 605 CICERO
761 570 801 605 S.
827 571 878 605 D.
924 570 1083 605 APPIO
1108 570 1365 607 PULCHRO.

291 655 430 704 Quum
459 665 600 693 meum
630 653 788 693 factum.
819 665 916 692 eum
944 653 1018 693 tuo
1049 664 1259 704 comparo,
1292 652 1371 693 etsi
1395 665 1480 693 non
1510 650 1643 704 magis

175 712 284 756 mihi
322 715 442 754 faveo
482 711 529 751 in
567 711 712 750 nostra
753 710 941 750 amicitia
979 709 1158 757 tuenda,
1200 723 1325 762 quam
1354 709 1456 759 tibi,
1500 711 1642 751 tamen

174 772 310 812 multo
353 768 487 821 magis
524 779 618 807 meo
658 768 772 808 facto
814 767 1028 816 delector,
1074 780 1202 819 quam
1241 768 1329 809 tuo.
1398 768 1488 820 Ego
1526 768 1640 807 enim

175 827 394 870 Brundisii
425 824 616 877 quaesivi
646 837 696 864 ex
728 825 916 872 Phania,
949 825 1072 865 cuius
1101 824 1206 866 mihi
1233 825 1409 866 videbar
1439 826 1481 864 et
1509 824 1644 865 fideli-

174 887 306 926 tatem
336 897 435 937 erga
463 885 506 923 te
534 883 801 935 perspexisse
832 884 874 922 et
901 895 1023 922 nosse
1051 884 1206 929 locum,
1239 894 1363 933 quem
1393 882 1505 934 apud
1533 884 1575 922 te
1605 883 1644 922 is

176 943 356 990 teneret,
389 953 516 993 quam
545 941 589 980 in
620 941 784 992 partem
807 939 1053 991 provinciae
1072 941 1253 979 maxime
1274 942 1446 990 putaret
1467 942 1509 980 te
1530 941 1642 980 velle

175 1001 225 1040 ut
254 1001 300 1040 in
331 997 596 1039 succedendo
626 997 810 1048 primum
826 997 1031 1038 venirem.
1071 996 1206 1043 Quum
1234 997 1309 1037 ille
1339 997 1445 1036 mihi
1473 1009 1645 1049 respon-

176 1057 320 1109 disset,
350 1055 461 1097 nihil
490 1068 558 1095 me
587 1055 667 1094 tibi
696 1055 855 1107 gratius
885 1055 1028 1094 facere
1056 1066 1192 1106 posse,
1225 1067 1350 1105 quam
1369 1055 1405 1095 si
1426 1054 1478 1095 ad
1500 1054 1645 1094 Sidam

176 1116 463 1167 navigassem:
497 1113 576 1152 etsi
607 1113 746 1151 minus
786 1112 1002 1164 dignitatis
1040 1111 1224 1151 habebat
1260 1113 1337 1151 ille
1367 1112 1569 1153 adventus
1602 1113 1644 1151 et

176 1172 231 1212 ad
267 1172 424 1212 multas
463 1183 531 1210 res
569 1169 674 1209 mihi
704 1169 840 1209 minus
881 1172 973 1209 erat
1011 1171 1155 1220 apt11S‚
1201 1170 1339 1209 tamen
1369 1171 1430 1209 ita
1460 1182 1527 1210 me
1556 1169 1644 1209 dixi

184 1242 273 1270 esse
303 1230 532 1269 facturum.
590 1226 706 1267 Idem
735 1238 811 1279 ego
843 1237 971 1275 quum
1001 1226 1047 1264 L.
1080 1225 1274 1265 Clodium
1306 1227 1516 1280 Corcyrae
1547 1239 1645 1266 con-

180 1287 413 1332 venissem,
445 1284 660 1324 hominem
688 1285 750 1323 ita
779 1282 857 1322 tibi
888 1283 1173 1329 coniunctum,
1207 1285 1251 1322 ut
1281 1284 1410 1331 mihi,
1444 1296 1541 1323 cum
1569 1284 1646 1323 illo

179 1357 311 1396 quum
340 1344 564 1393 loquerer,
594 1343 735 1380 tecum
766 1340 886 1390 loqui
914 1339 1105 1380 viderer:
1139 1340 1227 1379 dixi
1256 1340 1295 1378 ei
1326 1353 1392 1379 me
1422 1341 1482 1381 ita
1511 1342 1646 1381 factu-

178 1414 274 1442 rum
304 1412 407 1452 esse,
436 1400 483 1439 ut
513 1398 557 1437 in
581 1411 670 1438 eam
689 1398 869 1450 partem,
902 1409 1029 1448 quam
1049 1397 1213 1437 Phania
1231 1399 1432 1449 rogasset,
1463 1398 1647 1450 primum

179 1459 387 1500 venirem.
455 1457 576 1497 Tunc
616 1456 715 1503 ille,
754 1454 860 1494 mihi
901 1466 1031 1505 quum
1072 1455 1229 1506 gratias
1269 1455 1444 1506 egisset,
1493 1468 1646 1508 magno

181 1528 310 1568 opere
340 1529 364 1555 a
384 1526 452 1554 me
472 1512 639 1564 petivit,
671 1513 718 1550 ut
738 1511 993 1551 Laodiceam
1012 1512 1206 1562 protinus
1223 1512 1352 1552 irem:
1382 1512 1423 1552 te
1443 1513 1487 1552 in
1507 1514 1647 1564 prima

179 1573 403 1626 provincia
430 1570 542 1611 velle
572 1581 677 1615 esse,
710 1570 758 1607 ut
788 1580 912 1619 quam
931 1568 1116 1619 primum
1136 1568 1380 1609 decederes:
1413 1570 1530 1620 quin,
1563 1571 1646 1610 nisi

180 1643 257 1683 ego
295 1639 514 1672 successor
554 1638 710 1673 essem,
759 1637 885 1676 quem
923 1630 969 1664 tu
1012 1637 1191 1676 cuperes
1230 1626 1396 1673 videre,
1430 1628 1472 1666 te
1503 1629 1643 1676 antea,

182 1699 309 1739 quam
339 1686 419 1726 tibi
436 1695 679 1724 successum
699 1683 821 1730 esset,
855 1682 1124 1722 decessurum
1153 1682 1308 1722 fuisse:
1340 1683 1450 1734 quod
1481 1685 1651 1736 quidem

458 1818 618 1855 APPIO
649 1817 906 1853 PULCHRO.
954 1816 994 1851 S.
1020 1825 1067 1850 zu
1093 1827 1152 1861 ep.
1179 1817 1373 1852 CLXXX.

272 1880 304 1914 1.
328 1888 447 1912 meum
461 1878 609 1920 factmn,
635 1875 732 1908 mein
744 1875 1005 1918 Betragen.-
1029 1874 1070 1907 in
1095 1875 1201 1907 amic.
1227 1876 1359 1908 tuenda
1382 1886 1429 1908 =
1453 1876 1490 1909 in
1509 1877 1648 1913 11111ῑυί5

182 1931 334 1961 nostrae
359 1924 545 1958 amicitiae
571 1922 707 1956 officiis
740 1922 909 1964 tuendis,
945 1921 1042 1954 ohne
1074 1921 1111 1954 in
1136 1922 1340 1965 Ansehung
1373 1922 1440 1955 der
1465 1924 1646 1959 wechsel-

182 1972 343 2017 seitigen
368 1970 571 2011 Pflichten,
597 1970 712 2002 deren
729 1968 932 2011 Erfullung
956 1978 1091 2000 unsere
1105 1967 1376 2001 Freundschaft
1400 1980 1467 2003 uns
1492 1971 1647 2015 auflegt,

181 2018 431 2066 parteiischer
456 2027 577 2061 gegen
603 2015 700 2049 mich
725 2015 778 2048 als
805 2025 925 2059 gegen
951 2014 1051 2047 Dich
1077 2023 1123 2046 zu
1148 2014 1241 2048 sein.
1266 2017 1371 2057 faceo
1397 2015 1432 2049 h.
1451 2028 1484 2050 e.
1512 2018 1581 2051 etsi
1608 2018 1647 2052 111

184 2072 315 2100 nostra
351 2064 514 2097 amicitia
547 2061 683 2096 tuenda
716 2072 789 2094 non
827 2061 921 2094 adeo
946 2060 1036 2094 mihi
1062 2060 1256 2103 blandior,
1290 2067 1329 2094 ut
1353 2062 1438 2105 plus·
1464 2063 1554 2097 1111111
1580 2065 1646 2099 tri-

183 2114 293 2147 buam
319 2121 427 2154 quam
452 2110 535 2143 tibi.
561 2109 667 2143 SCH.
695 2127 737 2132 —
762 2107 918 2142 Phania.
945 2106 984 2142 S.
1012 2118 1071 2151 ep.
1098 2107 1214 2149 CCV,
1238 2109 1272 2141 3.
1297 2127 1342 2132 —
1373 2108 1504 2148 locam,
1530 2121 1647 2153 quem.

261 2160 408 2200 teneret,
436 2168 514 2191 was
540 2167 581 2190 er
606 2155 668 2189 bei
693 2154 766 2189 Dir
791 2156 905 2198 gelte.
932 2173 977 2178 —
1007 2154 1040 2187 is
1065 2154 1215 2187 Ernest.
1248 2164 1349 2198 susp.
1376 2155 1454 2197 ipse
1486 2157 1542 2188 vel
1566 2157 1642 2191 ille.

183 2207 290 2240 Rost.
315 2205 395 2237 iste.
421 2222 465 2227 -—
489 2203 529 2236 in
554 2202 693 2236 succed.
719 2212 786 2235 zur
801 2200 1026 2244 Uebergabe
1051 2199 1261 2233 desselben.
1288 2220 1331 2225 —
1355 2202 1476 2234 minus
1495 2203 1644 2247 dignit„

183 2251 355 2295 weniger
378 2249 678 2292 Anstiindigkeit.
727 2249 838 2282 Denn
864 2258 903 2280 es
930 2247 1017 2280 siihe
1042 2257 1083 2279 so
1108 2257 1195 2290 aus,
1221 2247 1275 2279 als
1300 2258 1410 2280 weun
1435 2259 1477 2281 er
1502 2249 1581 2283 sich
1606 2250 1645 2284 111

185 2298 290 2334 seine
315 2296 482 2331 Provinz
509 2294 784 2329 einschleichen
810 2295 955 2328 wollte.
1004 2293 1120 2327 Nahm
1147 2304 1188 2326 er
1213 2293 1284 2326 den
1310 2294 1410 2337 VVeg
1434 2305 1505 2327 von
1518 2296 1644 2341 Ephe-

183 2356 249 2380 sus
288 2343 407 2377 durch
446 2341 777 2386 Grossphrygieu‚
819 2340 927 2374 einen
959 2339 1178 2383 Haupttheil
1215 2339 1339 2373 sciner
1373 2340 1564 2385 Provinz,
1602 2353 1643 2376 so

184 2392 327 2427 konnte
352 2401 393 2423 er
418 2389 499 2423 sich
525 2388 694 2432 sogleich
721 2388 789 2420 den
818 2387 974 2422 Stadten
999 2385 1206 2428 Laodicea,
1232 2387 1416 2430 Apamea,
1442 2389 1643 2423 Antiochia

184 2438 261 2472 und
277 2436 443 2471 Iconium
460 2435 514 2468 als
540 2435 760 2470 Statthalter
776 2434 919 2477 zeigen.
948 2451 989 2457 —
1023 2433 1070 2465 ad
1093 2443 1142 2465 m.
1169 2442 1227 2464 res
1246 2444 1292 2466 m.
1318 2433 1450 2465 111111113-
1463 2439 1580 2479 aptus,
1606 2435 1645 2469 in

184 2484 308 2518 vieler
333 2483 493 2516 anderer
515 2480 722 2515 Rucksicht
748 2480 849 2513 nicht
876 2480 942 2513 der
965 2479 1183 2521 bequemste
1208 2479 1467 2515 Ankunftsort.
1516 2481 1554 2516 S.
1582 2492 1643 2525 ep.

187 2531 300 2573 CCV3
323 2531 358 2564 3.
386 2548 429 2553 -
454 2538 529 2561 esse
562 2529 760 2569 factmrzwn.
811 2525 873 2560 Sic
901 2531 938 2558 ut
963 2525 1060 2558 infra
1083 2526 1254 2568 responde·
1277 2537 1333 2558 me
1358 2526 1411 2559 z'ta
1435 2537 1510 2560 esse
1523 2529 1644 2569 factu-

187 2588 282 2610 ram.
308 2577 425 2620 Neap.
451 2575 539 2608 Asc.
566 2575 597 2607 l.
630 2573 714 2607 Ald.
745 2573 845 2606 Crat.
874 2572 976 2607 vict.
1002 2573 1033 2605 1.
1059 2571 1092 2604 ⁴2.
1119 2571 1246 2605 Lamb.
1281 2573 1418 2607 ‹Iz'zz'sse
1442 2575 1530 2615 fact.
1562 2574 1641 2609 Md.

188 2623 270 2657 dixi
293 2623 380 2664 fact.
408 2622 542 2655 Graev.
566 2620 656 2654 Ern.
682 2619 906 2662 Mai-t.-Lag.
934 2617 1020 2652 Sch.
1044 2617 1139 2650 Lim.
1173 2618 1370 2652 ORELLI.

279 2669 315 2701 2.
343 2669 387 2703 L.
415 2667 595 2701 Clodium.
624 2665 660 2700 S.
688 2677 747 2710 ep.
776 2666 894 2706 CCV,
919 2666 940 2699 3
966 2676 1021 2697 am
1047 2664 1166 2698 Ende.
1194 2665 1230 2697 in
1254 2665 1379 2708 prima
1401 2676 1503 2707 prov.
1528 2677 1575 2697 Ξ
1605 2665 1642 2699 111

190 2714 311 2760 prima
348 2713 566 2758 provinciae
602 2720 730 2757 parte,
765 2712 811 2744 1111
843 2711 1064 2744 vordmsten
1105 2710 1240 2743 'I‘heile
1272 2710 1340 2743 der
1377 2711 1554 2744 Provinz.
1603 2711 1641 2745 S.

191 2760 342 2795 Ramsh.
368 2761 399 2803 §.
427 2760 506 2804 152,
532 2771 563 2794 a.
591 2779 634 2785 -
659 2764 696 2792 uc
720 2769 826 2802 [sicam
847 2768 907 2802 pr.
934 2758 1140 2799 decederes,
1179 2768 1234 2790 um
1260 2756 1409 2791 Deiueu
1440 2758 1572 2800 Abzug
1597 2768 1644 2792 zu
