1795 3043
231 94 333 143 482
495 87 558 134 Μ.
596 87 650 132 Τ.
689 85 1028 132 CICERONIS
1064 80 1438 132 EPISTOLAE.

233 202 331 243 Kal.
371 202 483 243 velle
522 212 568 240 se
594 199 857 249 frequentem
886 199 1053 246 adesse,
1105 197 1230 238 etiam
1257 197 1441 238 Formiis
1478 198 1687 249 proscribi

233 259 369 299 iussit.
430 257 544 309 Ergo
573 257 613 296 ei
643 256 876 309 negandum
906 257 996 295 esi?
1054 255 1137 294 Sed
1165 254 1265 306 quid
1294 254 1540 306 praecipio?
1599 256 1688 296 sta-

234 317 310 356 tim
349 313 402 353 ad
443 315 484 352 te
521 314 780 366 perscribam
821 313 973 353 omnia.
1034 312 1099 352 Ex
1127 312 1243 351 illius
1273 324 1466 352 sermone
1494 312 1689 363 statuam,

234 372 496 423 Arpinumne
532 370 635 410 mihi
663 371 844 410 eundum
873 372 954 417 sit,
1003 381 1054 408 an
1086 380 1170 420 quo
1201 369 1299 408 alio.
1358 369 1463 408 Volo
1495 369 1688 409 Ciceroni
1753 416 1754 420 Ἰ

183 430 213 470 2
234 439 328 469 meo
357 428 497 480 togam
526 439 674 479 puram
704 427 818 468 dare.
877 427 977 467 Istic
1015 427 1130 478 puto.
1189 425 1278 473 Tu,
1317 438 1497 477 quaeso,
1537 422 1687 478 cogita,
1753 437 1755 479 ἦ

234 484 337 535 quid
373 484 537 525 deinde.
594 483 698 524 Nam
737 497 802 524 me
838 484 1033 524 hebetem
1062 483 1280 524 molestiae
1308 482 1594 524 reddiderunt.
1652 482 1689 524 A
1754 481 1755 527 s

235 541 386 594 Curio,
433 541 561 583 velim
598 541 729 591 scire,
776 541 928 592 ecquid
959 540 1012 580 ad
1039 542 1081 580 te
1112 540 1318 593 scriptum
1347 540 1402 579 sit
1440 539 1490 579 de
1521 540 1689 579 Tirone.

231 598 297 639 Ad
327 610 395 638 me
424 598 537 638 enim
563 598 655 649 ipse
685 599 785 638 Tiro
814 598 874 638 ita
903 597 1093 648 scripsit,
1147 599 1194 637 ut
1223 610 1394 644 verear,
1444 596 1547 647 quid
1576 598 1689 649 agat.

232 655 314 704 Qui
353 656 493 696 autem
542 654 717 695 veniunt
758 654 880 702 inde,
940 651 1166 702 κινδυνώδη
1212 654 1424 695 nuntiant.
1490 654 1600 693 Sane
1643 653 1689 693 in

230 712 391 764 magnis
412 712 528 752 curis
559 711 685 751 etiam
717 711 823 750 haec
851 723 917 750 me
937 710 1153 751 sollicitat.
1211 712 1260 752 Iu
1282 712 1364 752 hac
1386 710 1500 751 enim
1522 711 1690 751 fortuna

229 769 427 821 perutilis
455 769 546 809 eius
576 769 619 808 et
648 780 776 821 opera
808 770 849 806 et
881 766 1062 807 fidelitas
1092 770 1216 809 esset.

405 927 723 974 EPISTOLA
760 928 1003 974 CCCLIX.
1042 926 1123 984 (ad
1157 928 1248 972 Att.
1283 927 1362 972 lx.
1400 928 1500 986 18.)

389 1013 471 1050 Ser.
506 1016 641 1061 Arpini
676 1016 745 1052 IV.
771 1015 858 1049 Kal.
884 1017 977 1061 Apr.
1002 1016 1047 1050 A.
1073 1015 1118 1049 U.
1145 1014 1184 1049 C.
1211 1015 1288 1049 705.
1324 1016 1371 1058 (a.
1397 1015 1438 1048 C.
1462 1015 1535 1056 49.)

457 1083 627 1129 Exponit
651 1093 842 1118 sermones
863 1095 944 1117 cum
970 1084 1129 1118 Caesare
1154 1083 1312 1119 habitos.
1345 1083 1460 1118 1—4.

725 1152 913 1186 CICERO
944 1151 1137 1187 ATTICO
1170 1151 1211 1187 S.

341 1210 579 1261 Utrumque
597 1222 649 1249 ex
667 1211 740 1248 tuo
756 1210 948 1250 consilio.
1000 1209 1108 1250 Nam
1132 1211 1174 1250 et
1193 1209 1331 1251 oratio
1355 1209 1437 1250 fuit
1461 1220 1513 1250 ea
1533 1209 1689 1262 nostra,

226 1268 275 1307 ut
302 1266 410 1306 bene
438 1268 582 1318 potius
611 1266 688 1306 ille
718 1266 769 1306 de
798 1265 922 1306 nobis
951 1266 1237 1314 existimaret,
1268 1279 1392 1318 quam
1413 1266 1569 1319 gratias
1597 1279 1691 1319 age·

227 1324 315 1364 ret:
366 1324 409 1363 et
445 1324 492 1364 in
522 1335 572 1363 eo
608 1323 859 1372 mansimus,
907 1335 962 1363 ne
1001 1322 1054 1363 ad
1083 1323 1247 1365 urbem.
1312 1324 1394 1364 Illa
1432 1323 1688 1370 fefellerunt,

225 1381 398 1422 facilem
434 1380 548 1433 quod
586 1381 844 1433 putaramuS.
900 1379 1024 1421 Nihil
1063 1380 1154 1422 vidi
1192 1380 1345 1422 minus.
1404 1379 1607 1421 Damnari
1644 1392 1690 1421 se

316 1507 348 1540 1.
387 1505 598 1539 Trebatium
623 1529 631 1538 .
654 1531 661 1540 .
682 1530 689 1538 .
717 1514 816 1548 exsp.
864 1501 905 1539 S.
930 1514 992 1548 ep.
1011 1501 1219 1545 CCCLVI‚
1243 1504 1266 1538 6
1290 1501 1365 1536 und
1390 1500 1536 1545 Anlage
1560 1501 1606 1534 A.
1641 1519 1685 1526 -

224 1553 372 1592 nuntio,
408 1550 641 1585 miindlicher
662 1550 877 1584 Nachricht.
901 1568 946 1575 —
987 1549 1078 1583 Kal.
1106 1549 1230 1594 April.
1265 1568 1310 1574 —
1362 1548 1524 1583 Formiis
1542 1557 1685 1591 proscr.

224 1598 354 1641 iussit,
393 1608 435 1631 er
466 1598 529 1631 hat
553 1596 667 1631 sehon
692 1606 737 1630 zu
764 1595 914 1631 Formi&
947 1595 1016 1629 od.
1051 1606 1123 1629 von
1148 1595 1300 1630 Formia
1328 1595 1397 1628 her
1420 1593 1686 1628 ausschreiben

224 1644 363 1678 lassen.
389 1662 433 1669 —-
465 1643 672 1686 negandum
695 1646 748 1676 est
771 1641 922 1676 bezieht
946 1641 1028 1676 sich
1051 1642 1118 1675 auf
1138 1643 1187 1676 ad
1209 1642 1333 1675 urbem
1358 1645 1396 1674 ut
1414 1641 1555 1674 veniam
1580 1649 1686 1673 sena-

226 1690 356 1734 tuique
380 1689 560 1724 intersim.
590 1708 634 1714 —
668 1688 860 1734 praecipio
882 1698 930 1721 =
952 1686 1018 1721 sed
1042 1687 1132 1732 quid
1156 1694 1240 1721 ante
1265 1687 1390 1722 scribo
1416 1697 1524 1729 quam
1547 1686 1683 1720 factum

226 1742 294 1772 est.
344 1736 512 1772 Verbum
550 1734 647 1770 enim
687 1734 873 1779 significat
910 1744 1108 1777 occupare,
1149 1733 1307 1779 φθάνειν
1335 1732 1538 1779 γράφοντα.
1586 1731 1684 1766 Hinc

221 1783 414 1828 praeripio
445 1782 545 1826 Alii,
581 1781 697 1816 Codd.
722 1782 853 1816 Lamb.
886 1798 932 1805 —
976 1780 1121 1823 statim,
1162 1779 1293 1813 sobald
1324 1790 1364 1813 es
1390 1778 1520 1813 vorbei
1546 1778 1605 1812 ist.
1639 1796 1683 1803 -

223 1830 283 1864 Ex
307 1830 363 1863 ill.
390 1840 519 1871 serm„
564 1828 658 1862 nach
683 1828 812 1862 seinen
837 1827 918 1871 (des
944 1826 1093 1869 essars)
1118 1828 1421 1869 Aeusserungen.
1453 1843 1495 1849 —
1544 1835 1591 1858 an
1615 1835 1684 1868 quo

224 1875 324 1915 alio,
357 1875 451 1909 oder
474 1885 536 1909 wo
561 1880 666 1909 sonst
691 1874 767 1908 hin.
793 1892 837 1899 —
882 1876 1010 1915 togam
1029 1883 1172 1917 puram.
1221 1871 1259 1907 S.
1287 1883 1346 1916 ep.
1367 1870 1622 1913 CCCXLVII,
1648 1872 1680 1905 1.

225 1921 409 1964 CCCLX,
440 1922 474 1955 1.
511 1938 557 1945 —
609 1921 720 1964 Istic,
758 1930 805 1954 zu
837 1919 1043 1964 Arpinum,
1090 1919 1215 1953 seiner
1245 1917 1461 1955 Vaterstadt
1495 1917 1569 1951 und
1600 1917 1684 1951 dem

222 1967 329 2003 Sitze
353 1967 479 2002 seiner
505 1965 659 2000 Familie
683 1966 755 2001 seit
780 1967 925 2000 uralten
952 1965 1097 1999 Zeiten.

315 2014 348 2048 2.
394 2016 429 2047 A
456 2013 582 2047 Curio.
631 2012 671 2048 S.
697 2024 755 2057 ep.
777 2011 1108 2054 CCLXXXVIII,
1134 2010 1156 2044 2
1181 2021 1218 2045 u.
1242 2010 1383 2054 folgg.;
1415 2009 1510 2044 auch
1535 2010 1679 2045 CCCX.

222 2060 432 2095 CCCXIII.
467 2059 758 2101 CCCXXVIII,
783 2059 819 2093 2.
852 2058 1102 2101 CCCXXIX‚
1126 2059 1159 2092 3.
1186 2075 1228 2081 —
1275 2056 1553 2100 κινδυνώδη,
1579 2057 1682 2101 peri-

222 2106 367 2150 culosa,
394 2116 527 2149 grosse
553 2106 712 2149 Gefahr3
744 2117 791 2140 =
813 2105 1029 2150 periculose
1052 2107 1316 2147 aegrotantem.
1366 2102 1458 2136 Tiro
1483 2102 1577 2136 hielt
1600 2102 1680 2136 sich

221 2152 348 2186 seiner
381 2152 593 2186 Krankheit
624 2160 757 2196 wegen
792 2152 889 2185 noch
920 2151 1052 2185 immer
1084 2160 1132 2184 zu
1166 2150 1303 2184 Patrae
1337 2148 1375 2182 in
1406 2148 1549 2182 Achaia
1581 2148 1679 2183 beim

221 2198 452 2242 Verpfieger
487 2198 623 2233 Curius
655 2198 729 2232 auf.
789 2197 853 2233 Sic
888 2197 980 2232 Em.
1017 2196 1115 2231 coni.
1156 2207 1205 2229 ex
1236 2196 1326 2239 Epp.
1362 2195 1409 2228 ad
1438 2194 1525 2228 Div.
1558 2196 1620 2235 16,
1658 2196 1678 2228 1

222 2244 519 2288 (CCLXXXV).
552 2263 597 2270 —-
643 2247 683 2279 in
705 2245 772 2280 hac
795 2246 970 2288 fortuna,
1012 2242 1052 2278 in
1075 2241 1216 2277 meiner
1241 2240 1468 2285 dermaligen
1496 2241 1679 2285 verhang-

221 2291 426 2326 nissvollen
452 2290 566 2334 Lage.

312 2339 344 2371 1.
385 2336 583 2380 Utrumque
607 2347 650 2370 ez
673 2341 696 2371 t.
724 2349 756 2380 c,
772 2362 782 2380 ,
822 2336 935 2371 beide
958 2336 1101 2370 Puncte
1125 2333 1268 2368 Deines
1292 2334 1410 2368 Raths
1442 2332 1526 2366 sind
1556 2344 1677 2377 genau

221 2383 368 2428 befolgt
401 2383 569 2418 worden.
601 2402 646 2408 —
693 2385 814 2418 oratio
840 2409 848 2418 .
869 2411 877 2419 .
898 2410 906 2418 .
930 2386 1074 2425 nostra,
1117 2380 1177 2414 ich
1214 2381 1309 2414 habe
1343 2391 1385 2414 so
1417 2389 1562 2424 gegen,
1609 2380 1677 2414 mit

220 2430 336 2465 Gasar
367 2429 621 2474 gesprochen,
660 2429 744 2464 dass
776 2441 818 2464 er
849 2430 953 2463 mehr
977 2427 1143 2463 Ursache
1176 2427 1296 2469 hatte,
1335 2434 1402 2470 gut
1433 2436 1506 2460 von
1534 2425 1604 2459 mir
1627 2436 1673 2459 zu

220 2476 388 2519 denken,
429 2477 484 2509 als
517 2475 597 2509 sich
621 2475 682 2509 bei
707 2476 776 2509 mir
799 2476 906 2509 dafiir
929 2486 976 2509 zu
1001 2473 1209 2508 bedanken.
1259 2474 1369 2507 Denn
1393 2472 1454 2507 ich
1479 2471 1674 2507 verhehlte

218 2522 342 2556 meine
366 2521 627 2557 Dankbarkeit
658 2533 779 2566 gegen
810 2521 1013 2566 Pompeius
1044 2520 1118 2553 ihm
1154 2520 1270 2554 nicht.
1305 2538 1348 2544 ·—
1395 2530 1438 2552 ne
1472 2519 1521 2552 ad
1550 2517 1674 2552 urbem

218 2568 442 2603 veniremus.
478 2588 525 2594 —
569 2569 733 2612 facilem,
765 2569 853 2603 sehr
876 2566 1110 2610 nachgiebig.
1158 2566 1234 2600 Illa
1257 2566 1464 2609 fefellerunt
1487 2570 1557 2598 cet.
1584 2569 1673 2598 statt

219 2614 257 2648 in
289 2626 335 2649 eo
367 2625 453 2660 spes
484 2625 551 2649 nos
582 2615 739 2657 fefellit,
780 2614 880 2658 quod
911 2620 1122 2659 putaramus
1153 2624 1236 2647 eum
1265 2613 1312 2647 ad
1336 2613 1405 2646 illa
1436 2609 1673 2645 concedenda

218 2661 367 2703 facilem
390 2662 486 2696 fore.
533 2662 627 2706 quod
650 2673 696 2696 =
718 2671 796 2696 was
820 2661 899 2694 Das
923 2660 1096 2704 anlangt,
1131 2658 1217 2694 dass
1242 2669 1275 2694 u.
1301 2669 1331 2693 s.
1357 2669 1405 2694 w.
1453 2656 1493 2692 S.
1520 2656 1670 2691 Ramsh.

218 2707 248 2749 §.
270 2707 356 2750 182,
382 2708 425 2751 1,
457 2708 545 2744 Not.
564 2710 596 2743 l.
622 2719 654 2743 a.
678 2727 723 2734 —
768 2707 953 2742 Damnari
976 2712 1047 2740 cet.
1090 2705 1213 2740 Wenn
1245 2705 1307 2739 ich
1332 2705 1435 2739 nicht
1458 2704 1586 2745 Kame,
1625 2712 1670 2736 so

215 2753 413 2790 sahenas
443 2765 530 2799 aus,
573 2755 629 2789 als
665 2754 713 2789 ob
749 2753 811 2799 ich
840 2753 906 2788 ihn
942 2751 1136 2788 offentlich
1169 2751 1430 2788 verurtheilte.
1479 2749 1671 2784 tardiores
