1795 3043
221 78 320 129 370
498 73 562 119 M.
600 72 653 117 T.
692 69 1042 117 CICERONIS
1076 69 1452 118 EPISTOLAE.

222 188 318 226 rent
339 184 444 225 urbe
464 184 627 224 relicta.
686 182 899 224 Redeant:
931 195 1013 234 quo
1036 180 1275 235 praesidio?
1333 181 1497 223 Deinde
1515 183 1686 224 exeant:

228 244 322 295 quis
352 241 495 282 sinat?
556 240 709 280 Consul
740 241 780 281 ei
811 241 1043 293 rescripsit,
1075 241 1121 280 ut
1151 239 1268 291 prius
1286 239 1377 290 ipsc
1407 239 1453 280 in
1472 239 1688 282 Picenum.

228 300 281 340 At
311 298 416 338 illud
445 298 579 336 totum
611 299 701 337 erat
730 298 951 338 amissum:
1002 296 1166 337 sciebat
1194 307 1315 337 nemo
1343 297 1514 349 praeter
1541 309 1608 337 me
1638 309 1690 337 ex

229 356 365 397 literis
402 353 664 395 Dolabellae.
730 355 840 395 Mihi
879 354 1052 396 dubium
1092 365 1178 394 non
1207 354 1318 402 erat,
1355 354 1460 404 quin
1500 354 1575 395 ille
1603 354 1689 394 iam

180 416 206 455 3
229 414 397 463 iamque
426 412 536 450 soret
563 412 606 451 in
636 412 811 464 Apulia,
854 413 1018 452 Gnaeus
1047 412 1190 451 noster
1217 411 1261 450 in
1290 411 1402 452 navi.
1469 410 1559 463 Ego
1589 409 1690 462 quid

227 467 381 522 agam?
424 468 581 516 σκέμμα
609 482 824 521 magnum:
855 482 992 521 neque
1020 469 1265 509 mehercule
1293 467 1402 508 mihi
1430 467 1599 519 quidem
1628 467 1691 506 ul-

227 528 337 575 lum,
378 525 461 566 nisi
492 526 634 566 omnia
671 527 809 566 essent
850 528 947 567 acta
977 525 1242 578 turpissime,
1285 537 1423 576 neque
1453 537 1528 577 ego
1558 524 1691 564 ullius

227 582 398 624 consilii
426 583 655 635 particeps.
725 583 808 623 Sed
837 584 999 636 tamen,
1038 582 1149 635 quod
1178 595 1244 623 me
1273 582 1435 622 deceat.
1500 581 1595 633 Ipse
1623 592 1691 621 me

228 640 381 681 Caesar
411 640 461 680 ad
491 652 639 691 pacem
669 639 876 682 hortatur.
946 640 1028 679 Sed
1069 640 1326 692 antiquiores
1356 639 1530 690 literae,
1566 650 1691 688 quam

228 709 352 736 ruere
382 697 538 748 coepit.
595 696 839 744 Dolabella,
873 696 1062 744 Caelius,
1091 709 1157 737 me
1186 697 1252 736 illi
1279 696 1403 736 valde
1431 695 1690 736 satisfacere.

229 754 340 794 Mira
371 766 436 793 me
464 750 616 801 ἀπορία
653 754 834 804 torquet.
903 753 1007 793 luva
1045 764 1112 793 me
1152 753 1354 804 consilio,
1395 751 1432 792 si
1466 753 1610 804 potes:
1650 751 1693 790 et

230 812 367 850 tamen
399 810 499 862 ista,
529 811 732 862 quantum
761 810 894 862 potes,
923 809 1109 861 provide.
1165 810 1285 851 Nihil
1314 808 1451 850 habeo
1480 810 1598 849 tanta
1627 818 1692 848 re-

227 879 319 907 rum
352 866 696 919 perturbatione,
756 866 868 918 quod
897 865 1096 908 scribam.
1164 867 1277 907 Tuas
1305 867 1451 907 literas
1480 866 1692 918 exspecto.

229 975 411 1018 begeben.
460 973 624 1008 redirent
648 972 744 1008 coni.
772 973 811 1007 in
836 984 881 1008 m.
906 974 1010 1008 1584.
1039 974 1112 1007 ΟΒ.
1137 974 1252 1007 Nicht
1276 973 1386 1017 iibel,
1412 972 1501 1006 weil
1526 972 1692 1006 nachher

228 1023 377 1055 redeant
403 1021 510 1064 tolgt.
536 1039 580 1045 —
627 1021 671 1053 de
694 1024 809 1054 sanct.
835 1020 997 1054 aerssarzo
1030 1020 1202 1055 Sanctius
1235 1019 1480 1062 (gebeimere)
1506 1018 1691 1052 aerarium

229 1068 424 1101 dicebatur
450 1066 555 1108 ideo,
594 1066 697 1108 quod
722 1077 807 1100 raro
833 1066 1086 1110 aperiebatur.
1113 1066 1305 1100 POPMA.
1349 1065 1430 1099 Der
1454 1065 1505 1098 im
1531 1063 1693 1108 Tempel

227 1113 294 1147 des
309 1113 491 1148 Saturnus
517 1112 727 1146 verwahrte
746 1112 883 1147 Schatz
908 1112 975 1146 del
1000 1112 1192 1157 Republik
1217 1122 1297 1145 war
1321 1111 1358 1146 in
1385 1111 1467 1145 drei
1491 1110 1692 1145 Kammern

228 1159 419 1193 vertheilt.
480 1158 556 1192 Die
588 1165 688 1192 erste
712 1159 868 1192 bestand
895 1169 960 1192 aus
987 1158 1058 1192 den
1084 1158 1342 1192 ordentlichen
1368 1157 1576 1191 iahrlichen
1600 1155 1692 1190 Ein-

226 1205 381 1239 kiinften
401 1205 466 1238 des
481 1203 616 1246 staats,
641 1215 715 1238 von
729 1205 896 1238 welchen
924 1204 986 1237 die
1001 1204 1261 1238 ordentlichen
1273 1204 1475 1247 Ausgaben
1491 1202 1691 1237 bestritten

226 1251 397 1286 wurden.
428 1251 470 1284 In
495 1250 556 1283 die
575 1250 711 1283 zweite
727 1251 817 1284 floss
843 1251 924 1284 der
951 1250 1254 1293 Zwanzigste
1279 1249 1471 1292 (vicesima
1490 1248 1690 1283 manumis-

227 1298 410 1339 sionum),
447 1296 617 1329 welchen
643 1296 704 1329 die
728 1296 923 1340 Republik
948 1307 1019 1330 von
1046 1296 1113 1329 dei·
1138 1296 1465 1331 Verlassenschaft
1487 1296 1582 1329 aller
1606 1305 1692 1329 ver-

226 1344 429 1378 storbenen
453 1342 763 1384 Freigelassenen
789 1342 863 1375 und
889 1352 961 1374 von
987 1342 1084 1375 allen
1111 1341 1440 1377 Vermiichtnissen
1464 1341 1598 1385 bezog.
1646 1340 1691 1374 In

227 1390 296 1423 der
326 1388 467 1422 dritten
501 1388 632 1421 wurde
665 1388 759 1421 alles
795 1390 991 1431 gemtinzte
1025 1387 1097 1421 und
1135 1389 1382 1431 ungemiinzte
1408 1387 1530 1421 Gold
1561 1387 1692 1420 ausbe-

229 1436 368 1477 wahrt‚
417 1434 582 1468 welches
616 1433 688 1467 seit
723 1433 805 1467 dem
830 1434 971 1467 Eint'all
1004 1433 1071 1468 der
1097 1434 1242 1467 Gallier
1274 1434 1367 1467 nach
1401 1434 1474 1467 und
1499 1434 1594 1467 nach
1618 1443 1691 1466 von

228 1483 300 1516 den
327 1480 647 1525 triumphirenden
665 1480 872 1514 Fcldherrn
906 1480 943 1514 in
980 1480 1052 1513 den
1084 1479 1323 1514 offentlichen
1350 1479 1485 1514 Schatz
1509 1479 1692 1523 eingelie-

227 1529 302 1562 fert
334 1537 424 1560 war.
484 1525 603 1559 Diese
639 1526 772 1559 beiden
805 1526 940 1560 letzten
969 1527 1167 1559 Kammern
1202 1526 1372 1559 machten
1397 1525 1469 1559 den
1493 1526 1690 1569 gelieimen

230 1573 305 1609 und
330 1571 617 1616 geheiligteren‚
644 1572 929 1606 unantastbaren
945 1571 1081 1606 Schatz
1107 1571 1305 1615 (aerarium
1331 1572 1509 1614 sanctius)
1534 1572 1601 1605 der
1615 1572 1692 1606 Re-

230 1619 365 1665 publik
390 1628 475 1661 aus,
519 1618 587 1651 der
618 1628 687 1651 nur
712 1617 750 1651 in
774 1618 1163 1652 aussermdentlichen
1189 1618 1403 1652 Nothfallen
1430 1618 1553 1652 durste
1578 1629 1691 1662 ange-

230 1667 368 1710 griflen
401 1663 567 1699 werden.
606 1664 651 1697 Π
662 1664 757 1697 IEL.
790 1682 836 1689 -—
887 1664 1049 1698 Redemit
1080 1665 1245 1698 Romam.
1276 1682 1321 1688 -
1377 1674 1445 1708 quo
1472 1663 1693 1708 praesidio?

231 1718 341 1746 unter
372 1710 538 1744 welcher
566 1709 820 1754 Bedeckung'l
844 1728 889 1735 —
937 1710 1073 1744 Consul
1103 1711 1287 1745 Lentulus
1319 1710 1354 1744 ei
1385 1711 1599 1755 (Pompeio)
1632 1721 1692 1744 re-

230 1757 381 1802 scripsit
405 1757 430 1791 i.
458 1767 490 1790 e.
518 1756 713 1790 stultitiam
737 1756 847 1791 huius
871 1756 1033 1791 mandati
1064 1767 1177 1799 aegre
1209 1757 1334 1790 ferens
1369 1757 1607 1791 stomachose
1630 1767 1692 1790 re-

233 1803 407 1849 spondit,
455 1806 494 1835 ut
529 1803 737 1847 Pompeius
768 1803 875 1847 prius
905 1803 982 1846 ipse
1013 1803 1053 1836 in
1085 1803 1256 1837 Picenum
1289 1813 1420 1846 agrum
1450 1802 1597 1837 veniret
1633 1805 1692 1846 (er

233 1851 380 1884 ωόοὴῑε·
396 1848 625 1890 einriicken).
635 1849 742 1883 SCH.
770 1849 808 1883 S.
829 1849 1067 1893 ep‚GCCX1‚
1084 1850 1119 1894 2,
1146 1849 1309 1890 CCCVI‚
1322 1851 1354 1882 1.
1380 1849 1556 1882 amEnde
1575 1860 1608 1883 u.
1620 1859 1649 1883 s.
1663 1849 1689 1886 s.

235 1915 277 1921 —
303 1894 525 1930 amissumi.
552 1906 585 1928 e.
612 1895 649 1928 in
675 1894 844 1929 Caesaris
868 1900 1069 1947 potestate.
1095 1915 1139 1921 —
1182 1895 1258 1928 iam
1282 1895 1446 1939 iamque,
1473 1896 1565 1929 iiber
1580 1895 1689 1938 kurz,

234 1943 442 1976 niichstens.
462 1960 507 1965 —
540 1951 648 1983 ηαυες
673 1940 763 1984 quin
780 1941 917 1975 Caesai
942 1941 1012 1974 iam
1037 1941 1183 1986 iamque
1208 1941 1353 1975 futurus
1378 1947 1477 1975 esset
1501 1941 1538 1975 in
1553 1941 1691 1986 Apulia

233 1989 279 2023 ad
306 1986 603 2039 persequendum
628 1986 871 2031 Pompeium,
909 1987 1112 2033 Pompeius
1147 1993 1269 2022 autem
1301 1988 1339 2021 in
1373 1987 1460 2022 navi
1482 1988 1605 2032 fugam
1630 1998 1692 2022 ca-

234 2045 387 2079 pessens
414 2033 450 2066 in
477 2032 685 2066 Graeciam.
711 2033 818 2067 SCH.

325 2082 359 2115 3.
395 2081 571 2123 σκέιιαα
595 2089 787 2131 magnum,
814 2078 983 2123 quaestio
1008 2091 1138 2123 magna
1161 2091 1203 2114 ac
1228 2078 1392 2113 difficilis
1419 2084 1486 2113 est.
1513 2079 1619 2114 SCH.
1645 2098 1690 2105 —

233 2137 310 2170 neq
302 2137 344 2159 te
451 2110 565 2158 uilmn
597 2124 621 2158 i.
657 2137 687 2159 e.
721 2136 841 2168 neque
886 2137 978 2159 vero
1021 2126 1110 2160 mihi
1143 2126 1392 2170 quaerendum
1429 2131 1546 2169 esset,
1597 2125 1689 2170 quid

233 2184 394 2216 agenem5
420 2182 495 2204 non
521 2177 621 2205 esset
644 2171 734 2205 mihi
757 2171 950 2205 dubitandi
970 2173 1087 2206 locus.
1107 2173 1213 2207 SCH.
1231 2190 1276 2196 —
1300 2174 1414 2205 essent
1430 2175 1525 2205 acta.
1551 2172 1638 2206 Asc.
1653 2174 1687 2206 1.

235 2220 336 2254 Crat.
369 2228 444 2251 esse
468 2222 550 2251 acta
584 2217 608 2251 i.
635 2229 667 2251 e.
704 2223 786 2261 „at‚
836 2218 868 2251 si
900 2218 1108 2252 accuratius
1134 2217 1237 2261 loqui
1262 2218 1371 2257 volo,
1420 2218 1562 2251 nullum
1587 2217 1690 2252 aliud

233 2267 374 2309 σκέμμα
400 2263 490 2296 mihi
516 2269 597 2307 est,
623 2263 715 2306 nisi,
742 2263 841 2307 quod
868 2275 994 2299 omnes
1019 2264 1205 2307 videmus,
1233 2263 1355 2298 omnia
1379 2263 1593 2308 turpissime
1609 2271 1690 2298 acta

235 2311 353 2345 esse.”
380 2309 575 2344 ORELLI.
609 2328 653 2334 —
700 2321 809 2354 neque
833 2333 843 2344 .
860 2336 868 2344 .
885 2336 894 2344 .
918 2311 1102 2355 particeps
1125 2321 1266 2354 essem,
1309 2309 1384 2343 und
1408 2309 1468 2343 ich
1493 2309 1530 2343 in
1556 2310 1689 2355 irgend

234 2358 339 2392 einer
363 2355 482 2390 Sache
514 2366 584 2388 nur
617 2355 677 2388 ein
710 2356 877 2400 einziges
902 2358 1005 2391 Mahl
1040 2367 1085 2390 zu
1118 2357 1237 2391 Rathe
1267 2367 1436 2400 gezogen
1467 2357 1610 2391 wiirde.
1643 2375 1689 2382 -

232 2403 304 2438 Sed
329 2406 447 2435 tamen
471 2412 596 2445 agam,
636 2403 730 2445 quod
752 2414 807 2435 me
832 2404 975 2446 deceat,
1020 2403 1193 2436 indessen
1226 2403 1344 2438 werd'
1373 2402 1435 2436 ich
1459 2401 1555 2437 doch
1581 2403 1687 2444 thun,

234 2451 325 2484 Was
351 2447 412 2481 die
436 2447 539 2481 Ehre
564 2446 635 2480 und
660 2448 799 2482 Pilicht
822 2460 895 2483 von
920 2449 990 2482 mir
1012 2449 1168 2483 fordert.
1194 2469 1237 2474 —
1283 2459 1403 2492 ouem?
1429 2448 1689 2482 heranzustiir-

234 2507 328 2530 men.
363 2495 402 2529 S.
430 2505 488 2538 ep.
509 2493 713 2535 CCCXVI,
742 2497 772 2528 1.
807 2513 851 2519 -
899 2495 1046 2529 Caelius
1076 2495 1130 2538 (S.
1157 2506 1214 2540 ep.
1234 2496 1374 2530 CXCII
1405 2494 1454 2528 im
1479 2495 1581 2537 Ans.)
1607 2494 1686 2530 scil

234 2542 420 2576 affirmant
450 2551 505 2573 me
538 2540 598 2573 zlli
628 2541 734 2573 valde
764 2541 883 2583 satisf.
897 2567 906 2583 ‚
948 2553 989 2574 er
1019 2541 1073 2575 sei
1107 2541 1171 2574 mit
1198 2542 1267 2575 mir
1291 2543 1378 2576 sehr
1402 2541 1609 2574 zutrieden.
1642 2560 1688 2566 —

233 2589 326 2631 ista,
353 2587 415 2621 die
440 2586 652 2620 bewussten
667 2587 1026 2630 Angelegenheiten.
1059 2588 1209 2622 Attikus
1224 2600 1307 2622 vers
1312 2587 1397 2621 tand
1417 2587 1526 2621 diess.
1553 2587 1686 2621 Ciceio

233 2645 311 2668 war
335 2632 412 2667 wol
436 2633 528 2666 auch
554 2632 590 2665 in
610 2633 981 2676 Geldveilegenheit.
1009 2652 1049 2657 —-
1089 2638 1189 2667 tanta
1214 2646 1244 2669 r.
1267 2639 1383 2678 pert„
1409 2633 1470 2667 bei
1497 2633 1619 2666 dieser
1643 2644 1686 2666 so

231 2691 388 2724 grossen
407 2679 681 2759 lVerwiriung.
714 2698 758 2703 —
805 2683 990 2724 exspecto,
1038 2680 1097 2714 ich
1123 2681 1213 2716 sehe
1239 2681 1380 2717 danach
1404 2689 1488 2723 ἓως,
1528 2686 1686 2714 erwarte

231 2726 296 2760 mit
323 2727 405 2762 Ver
422 2736 554 2769 angen.
