1795 3043
205 15 308 62 310
473 10 539 57 Μ.
574 9 631 57 Τ.
667 8 1006 57 CICERONIS
1039 8 1413 57 EPISTOLAE.

205 121 294 163 scio
324 120 461 174 enim,
498 133 597 170 cur,
636 134 767 174 quum
802 124 972 176 portam*
997 123 1321 164 Flumentanam
1351 121 1520 163 Caelius
1546 134 1671 164 occu-

130 182 186 221 10
201 179 339 233 parit,
383 191 459 231 ego
489 178 691 220 Puteolos
719 192 804 220 non
833 193 948 221 meos
977 181 1145 222 faciam.
1212 179 1347 220 Venio
1385 179 1440 220 ad
1477 179 1669 228 Piraeea,

205 237 251 276 in
281 247 365 287 quo
408 236 542 289 magis
583 237 955 290 reprehendendus
992 250 1104 291 sum,
1143 237 1256 289 quod
1294 237 1421 276 homo
1460 236 1673 278 Romanus

207 296 393 334 Piraeea
423 294 678 346 scripserim,
709 307 793 336 non
813 298 1055 347 Piraeeum,
1083 318 1140 325 —
1159 294 1219 335 sic
1249 294 1361 334 enim
1378 306 1520 334 omnes
1537 294 1672 336 nostri

206 349 342 390 locuti
372 352 470 390 sunt
495 373 551 382 —-
580 364 705 403 quam
735 353 846 404 quod
876 357 920 393 in
951 352 1196 394 addiderim.
1254 350 1348 392 Non
1372 352 1484 391 enim
1513 352 1595 392 hoc
1625 353 1674 392 ut

207 406 365 458 oppido
393 410 643 461 praeposui,
679 410 751 449 sed
780 412 827 450 ut
855 411 975 451 loco:
1016 411 1059 450 et
1086 411 1225 450 tamen
1257 408 1485 462 Dionysius
1513 410 1671 457 noster,

206 464 284 514 qui
313 465 376 504 est
403 465 638 514 nobiscum,
671 469 712 506 et
740 466 886 507 Nicias
916 467 1025 507 Cous
1054 479 1138 507 non
1157 465 1331 507 rebatur
1354 465 1555 518 oppidum
1583 478 1675 506 esse

207 520 398 564 Piraeea.
456 523 540 564 Sed
570 523 622 563 de
652 536 701 563 eo
727 523 885 564 videro.
942 524 1143 565 Nostrum
1171 522 1341 576 quidem
1370 523 1405 563 si
1434 524 1497 563 est
1524 535 1675 575 pecca-

206 579 319 630 tum,
358 579 403 619 in
433 591 482 619 eo
512 581 598 629 est,
637 580 749 631 quod
777 593 862 620 non
890 582 938 621 ut
966 581 1018 621 de
1047 581 1203 634 oppido
1242 581 1411 621 locutus
1447 592 1563 632 sum,
1601 579 1675 620 sed

206 636 255 674 ut
285 634 338 675 de
365 638 484 689 loco;
522 638 775 688 secutusque
804 650 917 690 sum,
953 650 1038 679 non
1077 639 1173 680 dico
1205 637 1454 686 Caecilium,

320 716 450 756 Mane
473 723 521 757 at
548 730 599 756 ex
620 723 754 769 portu
782 720 828 757 in
857 719 1100 771 Piraeeum,

205 814 264 824 -—-
292 795 427 834 malus
457 795 571 836 enim
590 797 741 837 auctor
766 795 1010 838 Latinitatis
1031 798 1108 850 est,
1135 818 1193 827 --
1221 795 1295 837 sed
1315 796 1574 849 Terentium,
1603 807 1677 837 cu-

205 849 273 890 Ius
310 851 493 892 fabellae
531 855 708 906 propter
747 854 1000 907 elegantiam
1037 854 1243 895 sermonis
1282 853 1542 907 putabantur
1578 866 1605 894 a
1634 853 1678 893 C.

208 906 355 948 Laelio
392 909 546 950 scribi.

323 991 436 1030 Heri
461 992 628 1043 aliquot
656 991 965 1032 adolescent-ali
991 993 1151 1032 coimus
1178 993 1225 1032 in
1265 991 1518 1032 Piraeeum.-

208 1057 251 1096 et
280 1055 413 1099 idemz

321 1126 540 1167 Mercator
566 1126 643 1167 hoc
673 1127 883 1179 addebat,
924 1133 1096 1179 captam
1126 1141 1149 1168 e
1178 1128 1326 1168 Sunio.

207 1202 365 1250 Quodsi
395 1201 549 1253 δήμους
571 1204 728 1257 oppida
767 1206 959 1247 volumus
989 1217 1101 1252 esse,
1141 1206 1227 1246 tam
1267 1206 1330 1245 est
1369 1203 1570 1258 oppidum
1600 1204 1678 1246 Su-

205 1260 346 1309 nium,
388 1272 513 1313 quam
542 1261 756 1302 Piraeeus.
815 1262 921 1310 Sed,
964 1261 1165 1314 quoniam
1194 1263 1490 1315 grammaticus
1530 1273 1598 1315 es,
1639 1262 1678 1302 si

205 1381 280 1426 vit3
306 1393 372 1416 cur
396 1394 467 1427 ego
485 1384 669 1418 Puteolos
686 1395 760 1418 ιιοιι
785 1384 950 1428 ροεείιιιῗ
995 1383 1203 1419 MANUT.
1229 1388 1377 1428 portam
1400 1384 1678 1419 Flumentanam

209 1431 281 1473 (am
293 1429 446 1463 Tiberis
459 1430 624 1473 flumen).
673 1431 849 1474 Intellige
869 1430 1065 1483 praedium
1084 1431 1279 1464 Hortensii
1292 1442 1413 1475 prope
1431 1437 1574 1475 portam
1587 1431 1676 1465 Flu-

207 1480 426 1510 mentanam.
488 1476 549 1510 Ad
584 1478 738 1511 eandem
764 1477 881 1520 igitur
912 1477 1094 1510 rationem
1128 1477 1300 1510 Puteolos
1324 1477 1454 1521 accipe
1479 1477 1675 1522 praedium

207 1521 404 1556 Hortensii
424 1522 688 1564 Puteolanum,
705 1524 862 1557 Baulon.
910 1523 1145 1557 ERNESTI.
1173 1524 1356 1567 „Warum
1374 1524 1485 1557 sollte
1504 1523 1610 1567 lch
1595 1529 1677 1568 sagt

208 1567 343 1601 Cicero
359 1569 581 1612 scheinhast
607 1569 711 1603 nicht
736 1569 801 1603 das
821 1570 1069 1603 Puteolanum
1086 1569 1151 1602 des
1166 1570 1393 1603 Hortensius
1407 1570 1580 1603 erstehen
1601 1569 1677 1603 und

208 1614 274 1648 mit
299 1614 455 1648 meiuem
472 1615 681 1649 Puteolano
697 1615 929 1660 vereinigen‚
957 1616 1003 1649 da
1018 1615 1524 1660 Calius‚ungeac}1tetseine
1543 1615 1677 1650 Schul-

207 1660 280 1693 den
307 1660 381 1694 viel
402 1664 509 1704 gross
493 1673 555 1695 ser
579 1662 674 1702 sind,
702 1662 765 1696 das
790 1662 961 1705 Landgut
986 1662 1183 1696 desselben
1209 1673 1252 1695 an
1280 1662 1347 1696 der
1373 1669 1482 1706 porta
1505 1662 1678 1696 Flumen-

207 1712 295 1740 tana
320 1706 391 1740 und
419 1707 479 1741 die
495 1708 765 1742 Lucceiischen
787 1709 934 1743 Hauser
961 1709 1003 1751 (ἕ.
1019 1709 1068 1750 6.)
1095 1719 1164 1740 vor
1182 1706 1263 1742 dem
1278 1709 1508 1742 'liberthore
1524 1708 1678 1751 gekaust

210 1753 296 1787 hat}
343 1752 511 1796 „Solche
536 1755 683 1788 Hauser
705 1762 839 1799 trugen
863 1755 1019 1789 Miethe.
1068 1754 1196 1788 Calius
1223 1755 1340 1788 durch
1360 1754 1431 1787 den
1457 1754 1677 1788 wohlfeilen

207 1798 318 1833 Preis
343 1778 543 1834 derselben
569 1800 745 1835 veileitet
768 1802 841 1835 und
869 1813 926 1835 um
953 1801 1081 1835 seinen
1096 1800 1225 1834 Credit
1249 1811 1294 1834 zu
1310 1801 1533 1835 xelbessern
1552 1800 1678 1834 kaufte

209 1845 314 1879 diese
339 1846 651 1880 wahlscheinlich
677 1858 721 1880 an
747 1848 846 1891 sich,
883 1847 972 1881 weil
998 1847 1060 1881 die
1084 1847 1157 1880 Bes
1163 1846 1257 1881 itzer
1282 1847 1319 1880 in
1347 1847 1452 1880 einer
1477 1846 1578 1889 Zeit,
1615 1857 1677 1879 wo

208 1902 292 1926 man
316 1892 576 1937 Biirgerkrieg
600 1894 849 1936 befiirchtete,
885 1894 940 1928 sie
975 1894 1228 1937 losschlugen.
1288 1893 1456 1928 Freilich
1481 1872 1677 1928 besc’hleu-

210 1938 314 1982 nigte
340 1938 446 1972 iener
469 1939 586 1973 durch
613 1939 740 1974 diesen
767 1940 869 1974 Kauf
889 1941 1016 1974 seinen
1042 1939 1153 1973 Ruin.

302 1986 356 2019 10.
389 1985 545 2019 Piraeea
567 1986 788 2031 scripserim.
837 1988 980 2032 Nempe
1006 1986 1113 2020 initio
1140 1996 1199 2030 ep.
1225 1984 1272 2018 ad
1296 1985 1410 2019 Attic.
1434 1984 1541 2024 V1,9
1566 1984 1676 2028 (282),

210 2030 276 2065 ubi
301 2031 436 2065 Cicero
462 2032 681 2078 scripsemat
706 2033 746 2066 in
771 2034 926 2067 Piraeea
951 2044 1058 2078 qaam
1083 2032 1247 2073 emissem,
1274 2031 1386 2075 idque
1406 2031 1556 2064 Atticus
1581 2030 1677 2064 vitu-

209 2084 371 2123 perarat.
421 2077 528 2112 SC'H.
555 2098 600 2104 —
645 2079 858 2124 Dionysius.
897 2079 935 2115 S.
964 2091 1009 2124 ep
1014 2079 1209 2119 .CCLVI,
1261 2077 1548 2120 .CLXXXVI,
1573 2079 1606 2112 3.
1633 2096 1675 2101 —

207 2124 341 2159 Nicias
368 2124 482 2167 cous,
516 2124 576 2159 ein
602 2119 776 2159 Gliechis
780 2127 869 2160 cher
892 2126 917 2161 S
923 2091 1256 2171 praeligelehrteif'
1262 2134 1333 2156 von
1366 2123 1586 2158 Protession
1610 2133 1677 2156 aus

210 2171 297 2205 Cos.
348 2170 555 2205 Vielleicht
579 2172 712 2206 Nicias
738 2173 904 2215 Curtius,
927 2173 1000 2206 wie
1026 2171 1178 2205 Coriad.
1205 2170 1349 2203 wollte.
1391 2169 1428 2204 S.
1454 2170 1500 2203 ad
1524 2169 1676 2203 Divers.

209 2217 304 2256 VII,
330 2216 385 2252 23.
418 2217 493 2259 IX,
519 2219 575 2252 10.
603 2221 657 2252 ll.
691 2219 736 2252 ad
769 2220 885 2253 Attic.
911 2219 1009 2261 XII,
1034 2218 1089 2251 26.
1123 2217 1242 2258 XIII,
1267 2217 1323 2250 28.
1361 2215 1512 2250 Sueton.
1545 2216 1591 2249 de
1624 2215 1678 2249 ll-

208 2264 314 2298 lustr.
344 2263 543 2298 Grammat.
570 2276 600 2298 c.
630 2266 686 2298 14.
712 2284 756 2290 —
803 2266 875 2300 Sed
900 2267 941 2299 de
966 2276 1005 2298 eo
1026 2264 1162 2304 videm,
1189 2263 1285 2297 doch
1311 2262 1390 2296 dies
1396 2274 1436 2296 6ι
1449 2263 1571 2296 Punct
1593 2272 1676 2304 mag

207 2321 253 2344 zu
288 2310 463 2344 weiterer
496 2310 784 2353 Untersuchung
816 2316 1028 2354 ausgeselzt
1066 2309 1226 2343 bleiben.
1288 2308 1350 2343 Sic
1377 2309 1453 2343 Md.
1482 2320 1502 2342 a
1526 2319 1599 2342 sec.
1627 2310 1695 2340 ms

210 2358 335 2391 Oxou.
349 2359 379 2390 1.
397 2356 537 2391 Vict.1.
554 2357 623 2391 Ed.
637 2359 735 2390 1534.
755 2359 870 2391 deo-eo
889 2357 964 2391 Md.
978 2368 998 2390 a
1017 2368 1070 2400 pr.
1086 2367 1129 2389 m.
1143 2357 1231 2389 dere
1250 2354 1675 2400 Cett.pr01·susinsolite

206 2414 277 2448 pro
288 2403 330 2436 de
340 2413 438 2436 eare.
480 2402 554 2436 OR.
576 2422 617 2428 —
666 2403 1046 2443 CaeciliwnStatium,
1065 2402 1256 2435 Insubrem
1269 2402 1429 2444 Gallum,
1447 2406 1591 2446 poetam
1601 2400 1676 2432 Co-

207 2449 352 2482 micum.
370 2448 698 2489 Vid.0rat.11.10.
716 2469 756 2474 —
784 2450 858 2483 aC.
871 2448 1135 2483 Laelioscribz'.
1158 2448 1195 2482 S.
1210 2448 1330 2483 Cicer.
1342 2449 1387 2482 de
1400 2447 1515 2481 Amic.
1526 2446 1673 2488 XXIV,

207 2497 263 2530 89.
286 2496 416 2533 XXV,
433 2496 490 2529 93.
512 2495 667 2538 XXVI,
685 2497 739 2530 923.
748 2496 814 2575 lde
841 2496 986 2530 Senect.
1013 2495 1160 2537 XVIII,
1179 2496 1237 2528 65.
1262 2513 1306 2518 —
1354 2493 1585 2535 lierialz'quot
1602 2497 1671 2525 cet.

207 2543 360 2576 Terent.
387 2542 554 2576 Eunuch.
574 2542 652 2581 111,
679 2543 719 2584 4,
748 2544 777 2576 l.
818 2542 880 2574 ubi
906 2549 1024 2575 tannen
1060 2541 1198 2585 legitur
1230 2541 1268 2573 ιή
1301 2540 1446 2575 Pii-‚aeo
1495 2538 1601 2572 SCH.
1630 2556 1672 2561 —

208 2589 402 2622 Mercator
426 2587 503 2622 hoc.
554 2588 703 2622 Terent.
738 2588 906 2621 Eunuch.
926 2589 956 2630 Ι,
983 2588 1018 2629 2,
1043 2588 1100 2622 35.
1128 2588 1192 2620 sed
1219 2587 1271 2621 ibi
1298 2586 1436 2630 legitur
1467 2584 1539 2619 sic:
1567 2584 1673 2617 Mer-

208 2639 314 2667 cato»
337 2634 403 2668 hoc
429 2634 582 2668 addebat
606 2646 623 2668 e
646 2635 794 2679 praedm
797 2635 908 2675 12'b1,1s
946 2613 1037 2667 imde
1070 2638 1223 2672 emerat,
1258 2644 1295 2667 se
1319 2633 1464 2666 audisse
1490 2631 1673 2674 abreptam

207 2691 226 2713 e
251 2680 376 2714 Sunio
426 2680 559 2716 Cicero
586 2681 698 2725 igitui
723 2680 937 2715 memoriter
962 2682 996 2714 h.
1021 2681 1045 2714 1.
1073 2680 1262 2715 excitavit.
1311 2679 1417 2714 SCH.
1449 2677 1603 2712 Sunium
1619 2687 1674 2710 am
