1795 3043
424 75 740 133 EBISTOLA
784 73 1001 121 CCLXX.
1049 69 1293 118 CCLXXI.
1495 72 1597 122 253

125 195 181 239 ad
209 195 252 237 te
281 193 465 236 dedisset
500 193 670 240 literas,
711 187 794 230 nisi
833 200 927 228 eum
963 186 1150 240 graviter
1188 196 1362 238 aegrum
1389 181 1461 211 ***
1499 182 1599 222 reli·

127 253 327 306 quissem.
405 250 488 292 Sed
534 247 731 289 nuntiant
769 245 920 286 melius
958 256 1075 309 esse..
1130 244 1409 310 Ego-tamen
1454 251 1598 294 angor.

126 311 249 353 Nihil
279 310 393 352 enim
422 309 498 349 illo
528 305 800 347 adolescente
828 302 1001 349 castius,
1032 301 1144 341 mhil
1171 301 1427 354 diligentius.
1474 318 1477 323 ·

310 477 624 528 EPISTOLA
669 472 913 522 CCLXXI.
960 471 1042 531 (ad
1076 472 1181 518 Div.
1216 471 1277 519 ΙΙ.
1316 475 1422 534 17.)

200 570 283 606 scr.
310 568 421 604 Tarsi
446 566 546 602 circa
568 563 682 600 XIV.
708 562 792 597 Kal.
819 560 957 597 Sextii.
984 562 1031 594 A.
1058 560 1104 595 U.
1131 544 1173 594 d.
1199 560 1276 595 704.
1313 562 1361 604 (a.
1389 542 1431 595 e.
1457 562 1532 604 50.)

132 637 282 674 Caninii
306 635 545 678 Sallustiani,
575 631 707 668 Bibuli
731 629 969 677 proconsulis
994 628 1131 675 Syriae
1168 629 1399 674 quaestoris,
1431 630 1530 664 binis
1557 630 1603 665 li-

133 685 226 720 teris
257 682 477 729 respondet:
510 680 704 726 prioribus
739 677 784 712 ad
827 677 974 720 singula
1006 687 1052 710 eo
1087 675 1242 720 ordine,
1283 686 1358 719 quo
1392 682 1603 721 rogaverat.

133 733 155 766 1
171 751 215 757 -
230 732 272 775 63
296 727 593 776 posterioribus,
628 736 744 770 quare
768 724 875 758 illum
899 722 1040 757 Bibulo
1067 722 1327 757 commendare
1352 733 1425 757 non
1451 723 1606 765 audeat;

533 773 594 808 cui
620 779 739 807 tamen
765 781 906 805 morem
932 769 1042 814 gerit.
1069 771 1091 804 6
1113 790 1149 794 -
1169 771 1201 804 7.

133 846 186 882 M.
213 845 401 881 CICERO
433 844 539 880 IMP.
567 842 606 878 S.
633 842 683 877 D.
710 839 957 884 †CAN1NIO
989 838 1245 874 SALUSTIO
1278 831 1606 874 PROQU'AEST.

249 919 384 956 Binas
413 915 560 955 literas
589 927 614 954 a
642 913 684 952 te
713 911 820 953 mihi
851 912 983 951 stator
1011 911 1109 949 tuus
1137 909 1322 950 reddidit
1349 910 1471 950 Tarsi
1501 924 1538 952 a.
1561 909 1603 952 d.

135 985 223 1015 ΧΠ.
242 971 423 1013 Kalend.
457 971 651 1012 Sextiles.
708 970 789 1010 His
820 980 896 1020 ego
925 967 1086 1018 ordine,
1117 969 1163 1006 ut
1190 967 1346 1007 videris
1375 969 1513 1020 velle,
1541 980 1606 1008 re·

135 1029 364 1082 spondebo.
422 1029 486 1069 De
525 1039 768 1068 successore
808 1037 902 1065 meo
930 1024 1041 1064 nihil
1071 1023 1214 1064 audivi
1243 1037 1322 1064 nee
1353 1036 1606 1076 quemquam

135 1089 229 1128 fore
269 1086 470 1128 arbitror.
542 1085 652 1133 Quin
694 1084 746 1124 ad
787 1082 897 1122 diem
937 1081 1162 1133 decedam,
1202 1083 1325 1122 nulla
1364 1094 1492 1122 causa
1529 1084 1608 1134 est,

135 1145 387 1199 praesertim
415 1143 580 1183 sublato
610 1142 726 1182 metu
746 1139 964 1180 Parthico.
1025 1139 1387 1179 Commoraturum
1415 1151 1483 1179 Ine
1512 1152 1610 1179 nus-

139 1214 266 1254 quam
297 1213 396 1251 sane
435 1200 628 1241 arbitror.
688 1197 883 1238 Rhodum
922 1196 1175 1236 Ciceronum
1214 1209 1344 1237 causa
1381 1209 1610 1248 puerorum

140 1269 409 1300 accessurum
437 1258 564 1309 puto:
593 1267 730 1307 neque
759 1254 803 1294 id
833 1256 973 1294 tamen
1006 1256 1182 1295 certum.
1238 1252 1304 1293 Ad
1334 1254 1482 1294 urbem
1512 1256 1610 1294 volo

141 1328 269 1368 quam
298 1315 483 1367 primum
511 1313 677 1353 venire:
707 1311 781 1351 sed
809 1313 950 1350 tamen
981 1310 1065 1350 iter
1093 1323 1233 1351 meum
1254 1312 1316 1351 rei
1338 1310 1539 1363 publicae
1570 1313 1612 1351 et

141 1385 284 1414 rerum
323 1372 582 1412 urbanarum
620 1368 729 1409 ratio
767 1367 1035 1420 gubernabit.
1113 1368 1344 1409 Successor
1380 1370 1478 1408 tuus
1524 1381 1611 1408 non

142 1430 282 1484 potest
309 1429 370 1469 ita
400 1430 612 1468 maturare
641 1426 728 1465 ullo
758 1424 895 1472 modo,
927 1426 974 1464 ut
1002 1427 1048 1464 tu
1079 1437 1145 1464 me
1175 1426 1220 1465 in
1235 1425 1335 1466 Asia
1358 1427 1493 1478 possis
1514 1438 1613 1466 con-

145 1555 207 1584 ten
234 1550 280 1584 de
303 1549 511 1595 provinciis
537 1547 719 1582 Caesaris.
738 1566 784 1571 —
813 1548 1053 1591 reliquissem.
1086 1548 1177 1583 Sine
1202 1549 1369 1584 defectus
1394 1551 1503 1596 signo
1521 1551 1612 1586 C4d.

145 1598 302 1641 Blalasp.
330 1596 436 1629 Rom.
464 1595 556 1629 Ern.
581 1594 668 1629 Sch.
696 1594 791 1627 Liin.
830 1595 907 1628 Alii
934 1602 1122 1638 reponunt
1146 1597 1240 1640 Issi,
1279 1597 1449 1641 Cressae,
1485 1598 1613 1641 Nisae,

146 1644 279 1683 Sz'dc1e3
312 1642 376 1676 alii
408 1643 530 1687 ἀσιτίᾳ
566 1641 721 1684 (inedia)
754 1646 838 1674 ante
869 1641 971 1684 reliq.
1012 1641 1083 1676 OR.
1126 1642 1237 1676 Denn
1269 1644 1332 1678 die
1362 1645 1452 1679 Mss.
1490 1645 1612 1679 haben

146 1700 228 1723 zum
254 1688 365 1722 Theil
391 1699 465 1721 esse
494 1688 586 1722 oder
611 1688 682 1721 isse
717 1698 785 1720 vor
819 1687 909 1721 dies.
936 1688 1083 1722 Worte.
1123 1689 1266 1724 Hiichst
1295 1691 1615 1726 wahrscheinlich

144 1737 244 1770 hatte
271 1746 312 1768 er
337 1735 400 1768 ihn
426 1734 463 1767 in
490 1734 621 1769 castris
649 1733 692 1767 ad
713 1735 914 1779 Pyramum
940 1734 1266 1778 zusiickgelassen.
1295 1736 1333 1771 S.
1353 1749 1410 1782 ep.
1423 1738 1613 1773 CCLXV.

146 1801 189 1807 -—
219 1782 350 1815 melius
375 1791 449 1814 esse
475 1782 529 1824 ei,
553 1791 630 1815 was
656 1781 741 1813 Asc.
760 1782 790 1813 l.
819 1781 916 1815 Crat.
942 1780 1186 1826 hinzufiigen,
1211 1795 1257 1817 =
1281 1794 1320 1817 es
1346 1785 1454 1818 stehe
1469 1784 1617 1818 wieder

144 1828 276 1862 besser
300 1828 367 1861 mit
392 1828 485 1865 ihm,
518 1838 560 1860 er
585 1827 638 1860 sei
663 1826 808 1860 wieder
832 1827 974 1861 besser.

238 1874 262 1916 -ξ-
289 1873 509 1908 ΟΑΝΙΝΙΟ
532 1873 798 1907 SALUSTIO.
849 1873 923 1908 Sed
949 1885 1060 1917 quum
1086 1875 1160 1908 duo
1187 1875 1342 1918 gentilia
1365 1876 1517 1910 nomina
1541 1887 1616 1911 non

148 1919 442 1964 coniungantur,
477 1919 616 1964 optime
640 1919 829 1953 Manutius
854 1920 1053 1964 legendum
1078 1923 1221 1955 censuit
1248 1923 1469 1958 CANINIO
1498 1923 1618 1957 SAL-

148 1966 433 2008 LUSTIANO,
476 1971 514 1999 ut
548 1965 749 2000 Sallustius
791 1965 857 2000 ille
894 1967 930 2000 in
971 1967 1149 2001 familiam
1184 1969 1375 2004 Caniniam
1416 1970 1617 2014 adoptatus

148 2013 275 2046 suerit.
324 2012 367 2046 Id
401 2023 521 2056 nuper
552 2012 661 2046 etiam
692 2012 868 2057 probavit
900 2014 1266 2058 Martyni-Laguna.
1294 2016 1400 2050 SCH.
1452 2017 1492 2050 C.
1524 2015 1620 2051 AN-

154 2059 308 2093 TONIO
331 2058 696 2093 SALLUSTIANO
720 2058 897 2093 Huschke
930 2060 1103 2094 coniecit.
1133 2061 1206 2095 ΟΒ.
1255 2062 1315 2096 Ad
1340 2062 1456 2096 Attic.
1474 2063 1549 2106 XI,
1575 2064 1619 2097 ll

149 2104 290 2139 kommt
316 2105 376 2140 ein
401 2105 524 2139 Cneus
550 2105 640 2140 Sall.
668 2116 746 2138 vor.
797 2105 941 2149 Obiger
964 2117 1044 2140 war
1070 2108 1256 2143 Quaestor
1282 2108 1381 2142 beim
1405 2109 1620 2144 Proconsul

150 2151 311 2185 Bibulus
336 2151 374 2185 in
399 2151 558 2196 Syrien,
599 2152 667 2185 der
703 2151 764 2185 bei
790 2151 929 2185 seinem
954 2153 1138 2197 Abgange
1170 2155 1273 2188 seine
1298 2156 1465 2189 Provinz
1497 2156 1619 2193 einem

152 2197 337 2240 gewissen
362 2198 525 2233 Veiento
560 2209 626 2232 aus
660 2197 727 2232 der
751 2196 1016 2232 Fabricischer'i
1042 2199 1198 2234 Familie
1222 2211 1269 2235 zu
1293 2201 1622 2240 interimistischer

155 2243 404 2288 Verwaltung
429 2245 606 2288 iibergab.
648 2244 686 2279 S.
714 2245 758 2278 ad
785 2245 898 2279 Attic.
914 2246 1014 2288 VII,
1031 2247 1064 2281 3.
1664 2278 1679 2284 -

246 2290 277 2322 1.
313 2290 442 2323 Binas.
483 2290 548 2325 Sic
581 2291 627 2325 de
663 2291 889 2335 Mart-Lag.
926 2293 1024 2325 coni.
1051 2291 1137 2327 Sch.
1163 2292 1258 2327 Liin.
1293 2305 1364 2328 om.
1404 2294 1509 2328 binas
1541 2293 1620 2329 Md.

156 2334 295 2368 Ceteri.
324 2335 519 2370 ORELLI.
538 2355 582 2362 -
624 2348 659 2370 α.
687 2338 721 2371 d.
755 2351 836 2371 xm.
865 2337 1026 2372 Kalend.
1053 2339 1230 2383 Sextiles,
1266 2351 1322 2373 am
1349 2343 1401 2375 17.
1426 2340 1556 2374 Iulius.
1577 2359 1620 2364 —

156 2380 204 2413 ad
236 2381 349 2421 diem,
391 2382 456 2415 auf
481 2382 553 2415 den
579 2383 672 2427 Tag.
698 2403 742 2408 —
782 2384 873 2417 subl.
900 2389 981 2418 met.
1010 2384 1158 2429 Parth„
1197 2387 1244 2420 da
1279 2387 1351 2420 wir
1381 2387 1450 2420 der
1481 2386 1623 2420 Furcht

155 2437 225 2460 vor
258 2427 328 2460 den
360 2427 546 2462 Parthern
579 2430 767 2463 enthoben
799 2430 893 2464 sind.
918 2449 963 2455 ——
1001 2431 1186 2476 Rhodum,
1220 2434 1310 2467 weil
1344 2433 1447 2467 diese
1480 2433 1623 2477 Haupt-

156 2473 253 2506 stadt
281 2472 574 2517 gleichnamiger
597 2476 698 2509 Insel
724 2476 808 2510 eine
836 2477 904 2510 der
929 2480 1124 2521 grossten,
1155 2480 1355 2513 schonsten
1383 2491 1414 2513 n.
1434 2479 1623 2514 reichsten

155 2519 448 2563 Handelspl'atze
473 2521 538 2554 des
562 2521 786 2556 Romischen
811 2523 946 2557 Asiens
972 2524 1045 2558 und
1080 2524 1245 2559 damahls
1278 2526 1372 2558 auch
1401 2526 1623 2570 vorziiglich

156 2565 210 2599 als
236 2565 342 2598 einer
366 2565 433 2599 der
458 2567 676 2611 Hauptsitze
702 2569 968 2603 Griechischer
991 2571 1184 2605 Literatur
1215 2583 1249 2605 u.
1276 2572 1418 2605 Klinste
1449 2572 1624 2606 beriihmt

155 2621 248 2645 war.
281 2612 414 2656 Vergl.
439 2612 558 2657 vorig.
578 2614 640 2648 ΒΥ.
667 2615 791 2657 §.2—
823 2627 1063 2651 accessurum.
1090 2618 1293 2652 Exciditne
1317 2617 1399 2650 me?
1426 2618 1623 2653 ORELLI.

157 2675 201 2682 —-
244 2659 396 2699 gubern.
435 2659 526 2701 Vgl.
553 2659 602 2693 im
635 2661 754 2704 vorig.
780 2661 909 2696 Briofe
927 2666 1025 2697 'num
1055 2664 1141 2707 quid
1168 2668 1273 2708 putes
1298 2670 1367 2697 cet.
1384 2683 1427 2688 —
1465 2665 1520 2699 ita
1544 2660 1638 2698 mas

157 2707 301 2747 curare,
334 2715 376 2739 so
410 2705 527 2749 zeitig
561 2706 765 2741 eintreffen.
801 2708 889 2751 Vgl.
921 2709 1005 2743 Liv.
1026 2711 1184 2752 XXIV,
1204 2711 1260 2744 12.
1300 2711 1538 2752 XXXVIII,
1561 2712 1619 2747 45.

157 2749 214 2793 11,
239 2750 305 2794 22,
338 2761 398 2785 wo
424 2755 612 2786 maturare
635 2753 730 2788 eben
755 2763 796 2788 so
822 2754 970 2789 absolut
995 2756 1199 2799 gebraucht
1228 2756 1285 2792 ist.
