1795 3043
502 26 816 99 EPISTOLA
853 53 1012 101 cclx.
1364 27 1366 29 ’
1487 61 1552 109 (35

311 166 627 214 EPISTOLA
663 168 823 214 cclx.
861 168 944 229 (ad
978 169 1069 215 Ast.
1107 168 1159 215 v.
1199 153 1327 231 175

79 255 162 291 Ser.
179 254 217 289 in
234 254 370 290 itinere
386 254 433 289 ad
453 259 575 288 castra
593 255 722 299 paullo
739 260 826 301 post
841 254 1075 300 superiorem
1090 267 1121 291 a.
1137 257 1184 291 U.
1200 258 1241 292 C.
1261 261 1337 295 703.
1351 262 1396 304 (a.
1413 261 1455 295 C.
1471 261 1545 303 51.)

75 324 137 357 De
163 332 228 357 sua
255 329 291 357 et
316 334 465 357 suorum
491 323 716 357 abstinentia
741 335 831 367 erga
855 324 1121 368 provinciales.
1150 327 1250 360 1—2.
1279 328 1326 362 de
1351 329 1546 365 Ciceroni..

74 371 144 405 bus
172 369 262 403 filiis
287 370 332 404 ad
358 371 579 404 Deiotarum
604 370 738 404 missis.
764 372 798 405 3.
827 370 872 404 de
898 371 977 404 filia
1002 372 1230 406 collocanda.
1257 375 1290 408 4.
1320 375 1364 409 de
1390 377 1546 420 provin..

170 416 227 450 cia
251 416 323 451 sibi
347 427 421 450 non
446 417 697 462 proroganda.
725 417 759 451 5.
797 417 843 450 de
867 418 994 461 Appio
1022 418 1179 453 Tarsum
1207 421 1391 464 profecto.
1418 424 1452 458 6.

541 486 730 520 CICERO
757 486 951 520 ATTICO
980 485 1019 521 S.

20 599 21 602 ,
191 555 353 609 Accepi
383 557 515 598 Roma
554 558 645 597 sine
686 556 867 609 epistola
906 558 977 597 tua
1007 557 1256 599 fasciculum
1296 561 1539 604 literarum:

20 634 21 638 =
77 612 123 653 in
155 624 263 666 qu0,
301 615 337 654 si
376 615 499 654 modo
534 614 705 654 valuisti
748 615 790 653 et
818 614 973 654 Romae
1002 615 1141 667 fuisti,
1181 616 1401 658 Philotimi
1432 619 1540 660 duco

24 699 25 711 ¹
78 682 168 710 esse
199 672 380 722 culpam,
414 684 497 711 non
526 672 654 711 tuam.
713 671 835 711 Hanc
866 672 1088 723 epistolam
1123 673 1279 713 dictavi
1319 676 1465 715 sedens
1493 678 1539 717 in

24 747 25 752 =
77 726 224 776 rheda,
256 740 385 778 quum
415 729 460 768 in
492 731 632 768 castra
660 727 970 780 proficiscerer,
1001 743 1025 768 a
1044 728 1198 780 quibus
1221 730 1390 772 aberam
1409 733 1538 773 bidui.

24 823 25 827 ,
79 784 235 824 Paucis
256 784 404 825 diebus
424 786 631 826 habebam
652 787 790 826 certos
814 786 1018 837 homines,
1047 785 1198 837 quibus
1217 788 1358 829 darem
1376 790 1538 833 literas.

25 856 26 898 3
78 841 228 893 Itaque
259 854 307 882 eo
339 856 404 883 me
431 844 607 883 servavi.
665 842 765 892 Nos,
796 845 936 883 tamen
968 843 1044 883 etsi
1073 843 1154 883 hoc
1186 847 1227 884 te
1258 858 1309 885 ex
1340 848 1435 887 aliis
1466 862 1537 888 au·
1559 849 1588 888 2

81 898 171 938 dire
200 900 328 947 malo,
359 900 419 940 sic
449 902 495 940 in
524 900 747 952 provincia
777 913 852 939 nos
881 900 1080 952 gerimuS,
1113 902 1224 951 quod
1254 903 1306 942 ad
1327 904 1542 944 abstinen-

82 956 188 995 tiam
218 958 391 1007 attinet,
429 960 475 997 ut
506 959 649 997 nullus
679 958 899 998 teruncius
931 958 1164 997 insumatur
1194 959 1238 998 in
1271 972 1538 1012 quemquam.

82 1013 131 1052 Id
162 1012 211 1053 fit
248 1015 375 1054 etiam
405 1017 448 1054 et
486 1016 720 1068 legatorum
758 1017 799 1054 et
841 1015 1109 1054 tribunorum
1147 1016 1188 1054 et
1224 1020 1540 1068 praefectorum

82 1069 315 1123 diligentia.
353 1071 460 1112 Nam
484 1085 626 1112 omues
651 1071 830 1112 mirifice
850 1071 1216 1121 συμφιλοδοξοῦσιν
1233 1075 1393 1126 gloriae
1408 1089 1539 1117 meae.

22 1158 41 1177 μ
82 1126 217 1180 Lepta
245 1129 391 1169 noster
419 1130 624 1169 mirificus
656 1131 731 1170 est.
791 1129 873 1169 Sed
904 1142 1016 1169 nunc
1036 1142 1229 1182 propero.
1272 1131 1540 1175 Perseribam

22 1175 27 1233 ἶ.
81 1184 134 1224 ad
171 1186 213 1224 te
251 1187 402 1238 paucis
440 1187 589 1227 diebus
627 1185 778 1225 omnia.
841 1187 1066 1227 Cicerones
1107 1189 1273 1227 nostros
1314 1189 1539 1233 Deiotarus
1564 1196 1591 1235 3

81 1240 218 1294 filius,
257 1245 331 1294 qui
360 1256 438 1284 rex
468 1244 519 1284 ab
551 1245 696 1283 senatu
727 1245 966 1295 appellatus
1000 1246 1074 1290 est,
1108 1257 1250 1284 secum
1280 1245 1323 1284 in
1353 1260 1542 1299 regnum.

24 1318 25 1350 2
85 1298 198 1339 Dum
219 1300 266 1340 in
292 1301 463 1341 aestivis
482 1313 558 1341 nos
575 1313 773 1353 essemus,
795 1302 917 1341 illum
936 1302 1080 1355 pueris
1103 1302 1245 1343 locum
1261 1315 1349 1344 esse
1370 1304 1550 1347 bellissi-

25 1467 26 1487 3
179 1446 211 1480 1.
259 1445 463 1490 Philotimi,
491 1445 592 1480 eines
617 1445 926 1489 Freigelassenen
961 1445 1033 1480 und
1060 1447 1459 1491 Geschiiftsbesorgers
1485 1459 1551 1482 un-

25 1501 26 1531 ζ
89 1502 191 1526 seres
225 1493 357 1527 Cicero
392 1504 437 1527 zu
469 1493 578 1527 Rom.
630 1492 670 1528 S.
704 1505 762 1537 ep.
798 1493 1069 1532 CLXXXVII,
1095 1495 1128 1528 3.
1166 1494 1344 1533 CXCIII,
1378 1497 1412 1529 3.
1440 1513 1484 1518 —
1508 1496 1549 1528 in

89 1537 215 1582 rheda,
242 1539 280 1572 in
306 1539 462 1573 meinem
488 1539 750 1583 Reisewagen.
779 1538 814 1573 S.
834 1539 1012 1574 Quinctil.
1038 1541 1070 1578 1,
1098 1540 1131 1575 5.
1159 1540 1186 1582 §.
1213 1542 1268 1574 57.
1297 1551 1329 1574 u.
1356 1542 1412 1576 69.
1440 1542 1548 1577 Caes.

25 1598 27 1619 ¹,
89 1585 136 1618 de
160 1585 205 1620 B.
233 1586 278 1620 G.
306 1588 340 1627 l,
365 1587 399 1620 5.
450 1587 641 1620 Constant.
675 1586 712 1619 in
739 1586 832 1620 Cod.
861 1586 1006 1620 Theod.
1040 1586 1150 1626 VIII,
1189 1587 1222 1629 5,
1248 1588 1282 1621 S.
1310 1606 1353 1611 —
1391 1587 1492 1620 bidai
1518 1598 1548 1622 S.

90 1632 124 1666 d.
149 1632 270 1675 vorig.
295 1632 359 1666 ΒΓ.
393 1643 448 1664 am
480 1632 600 1673 Eride.
626 1651 671 1656 —
714 1631 889 1666 habebam
911 1645 958 1665 Ξ.
982 1633 1121 1672 habeo,
1159 1633 1354 1667 habiturus
1389 1644 1487 1666 eram
1522 1644 1552 1669 S.

91 1689 182 1713 sum.
211 1678 250 1714 S.
278 1678 428 1714 Ramsh.
454 1680 481 1721 ἓ.
509 1680 587 1721 164,
613 1679 684 1717 III,
711 1680 819 1712 Anm.
847 1679 880 1713 2.
908 1680 941 1713 5.
970 1690 1004 1712 u.
1032 1681 1064 1713 7.
1091 1698 1136 1703 -
1162 1690 1201 1711 eo
1227 1691 1282 1712 me
1307 1680 1452 1713 servavi
1477 1680 1499 1713 i.
1520 1691 1552 1714 e.

31 1742 32 1745 ¹
89 1737 134 1760 eo
160 1724 289 1758 distuli
315 1725 481 1758 scribere
507 1725 609 1769 ipse,
645 1736 740 1767 quae
771 1735 840 1769 per
866 1725 1062 1758 librarium
1094 1725 1262 1759 scribere
1288 1726 1402 1760 nolui.
1434 1726 1553 1762 ERN.

86 1771 181 1816 „auf
202 1771 306 1806 d'iese
331 1772 580 1815 Gelegenheit
604 1771 682 1804 also
708 1782 817 1816 spare
842 1771 904 1805 ich
928 1771 1067 1807 mich.“

182 1830 217 1863 2.
273 1834 392 1862 tamen
431 1829 499 1862 etsi
537 1840 582 1861 z
614 1829 758 1862 tametsi
795 1829 888 1863 ΕΓΗ.
935 1828 1021 1863 Sch.
1057 1829 1154 1864 Ltin.
1187 1829 1363 1872 Priores,
1399 1834 1439 1862 ut
1472 1839 1556 1864 nos.

93 1875 289 1910 ORELLI.
317 1895 361 1900 —-
384 1876 528 1915 obstin„
555 1885 584 1909 5.
611 1875 646 1909 d.
675 1875 796 1919 vorig.
821 1876 886 1909 ΒΥ.
912 1876 939 1918 §.
968 1877 1000 1909 3.
1027 1895 1071 1901 —
1096 1877 1290 1910 teruncius.
1326 1877 1383 1909 ein
1411 1876 1556 1909 Heller.

92 1940 137 1946 —
161 1923 367 1956 insumatur
392 1933 417 1974 a.
436 1921 731 1973 provincialibus
756 1922 793 1955 in
820 1933 1039 1974 quemquam
1064 1934 1241 1974 meorum.
1267 1922 1557 1984 ERNi-ESYTIff—

93 1969 358 2057 Ἑῗοφύῗᾶῗέ.
385 1968 1560 2058 &3⁰32¹÷i³ec¹ss¹=3¹1³t1532³80,⁰232..tt-‘¹1³1-{Efssaffff13s’m2r

95 2060 158 2094 bei
177 2060 339 2095 Cicero⁷s
352 2061 619 2105 Kriegsheere.
653 2061 772 2094 Unter
789 2061 928 2095 diesem
947 2061 1103 2095 Otficier
1121 2062 1275 2095 standen
1292 2062 1364 2095 alle
1382 2061 1562 2094 Zimmer-

95 2106 211 2150 leute,
238 2107 434 2142 Schmiede
460 2119 493 2141 u.
521 2118 548 2141 5.
574 2118 624 2141 w.
652 2107 689 2142 S.
717 2107 762 2141 ad
787 2107 874 2142 Div.
902 2108 972 2151 III,
1000 2110 1030 2142 7.
1059 2108 1280 2150 (CCXLIV,
1306 2110 1354 2149 3.)
1383 2107 1428 2140 ad
1447 2107 1562 2141 Attic.

96 2153 497 2196 V1‚8.(CCLXXX1).
524 2154 636 2197 VIII,
660 2156 692 2189 3.
720 2154 789 2197 IX,
816 2155 871 2189 12.
899 2156 954 2189 14.
982 2154 1028 2187 ad
1052 2155 1153 2190 Fam.
1180 2155 1248 2199 VI,
1275 2156 1331 2190 123.
1357 2154 1427 2197 IX,
1454 2155 1562 2188 13.—

93 2201 267 2244 persrib„
293 2200 354 2233 ich
378 2201 506 2234 werde
532 2201 828 2235 ausfiihrlich
855 2201 1065 2236 schreiben.

192 2259 226 2292 3.
277 2257 394 2291 Cicer.
429 2262 590 2301 nostros,
621 2257 740 2291 filium
773 2269 877 2291 suum
910 2264 946 2291 et
970 2259 1029 2293 Ὀ.
1058 2257 1253 2292 Ciceronis
1286 2257 1418 2292 filium.
1444 2275 1489 2282 --
1525 2256 1566 2289 in

103 2313 259 2345 regnum
300 2304 480 2344 deduxit,
519 2305 557 2338 in
590 2304 654 2337 das
689 2305 816 2338 kleine
842 2305 963 2338 Reich
995 2304 1118 2338 seines
1150 2305 1311 2347 Vaters,
1347 2305 1412 2337 des
1445 2304 1567 2336 alteru

101 2348 320 2392 Deiotarus,
346 2350 413 2383 der
438 2351 602 2384 damahls
628 2351 723 2384 noch
749 2351 851 2385 lebte
877 2351 950 2384 und
976 2363 1058 2384 vom
1087 2351 1223 2385 Senate
1250 2361 1316 2384 zur
1341 2350 1568 2392 Belohnung

103 2395 228 2429 seiner
259 2396 577 2439 Anhanglichkeit
616 2408 661 2431 an
695 2397 759 2431 die
790 2398 931 2431 Pu'imer
974 2398 1024 2431 im
1054 2398 1381 2431 Mithridatischen
1423 2395 1568 2435 Kriege

104 2441 221 2475 durch
247 2443 450 2486 Pompeius
475 2443 546 2477 den
573 2443 675 2477 Titel
702 2444 804 2477 eines
830 2443 977 2487 Konigs
1003 2445 1171 2478 erhalteu
1198 2444 1316 2482 hatte,
1344 2443 1390 2476 da
1415 2453 1456 2475 er
1481 2452 1569 2474 vor-

102 2487 170 2521 her
196 2499 266 2522 nur
297 2489 465 2522 Galatiae
497 2500 526 2523 s.
551 2489 837 2532 Gallograeciae
863 2491 1091 2524 Tetrarches
1122 2490 1236 2524 hiess.
1286 2489 1325 2524 S.
1362 2489 1465 2522 Orat,
1498 2498 1568 2531 pro

38 2574 39 2580 ¹
100 2533 230 2568 Deiot.
254 2546 283 2568 c.
310 2537 343 2570 1.
369 2535 539 2579 Philipp.
564 2536 636 2575 XI,
663 2537 717 2571 12.
746 2539 801 2571 13.
827 2537 989 2581 Harusp.
1013 2537 1128 2581 Resp.
1156 2538 1211 2574 13,
1239 2535 1284 2568 ad
1309 2534 1440 2568 Famil.
1460 2533 1570 2573 VIII,

103 2580 158 2614 lo.
206 2581 310 2615 Nach
336 2582 469 2615 Casars
494 2581 601 2615 Tode
626 2582 758 2616 wurde
784 2593 825 2616 ci·
849 2583 1066 2618 Alleinherr
1089 2593 1162 2616 von
1180 2581 1354 2615 Gallatia.
1382 2580 1422 2615 S.
1444 2579 1570 2614 Strab.

103 2626 191 2660 XII.
218 2627 307 2662 Sein
333 2627 437 2662 Sohn
453 2638 533 2661 war
549 2627 666 2662 durch
684 2628 756 2662 den
777 2629 851 2662 ihm
872 2629 1109 2673 bewilligten
1125 2627 1227 2662 Titel
1254 2637 1319 2660 rex
1345 2637 1427 2660 zum
1448 2626 1574 2659 Kron-

39 2699 40 2715 ;
103 2672 258 2715 prinzen
292 2674 445 2707 erklart.
470 2693 516 2698 -—
545 2674 587 2708 e'n
617 2675 766 2709 aestivis
796 2686 844 2711 Ξ
873 2675 1056 2711 wahreud
1088 2674 1155 2710 des
1178 2673 1401 2717 Feldzuges.
1437 2672 1476 2708 S.
1511 2682 1573 2719 ep.

39 2734 41 2776 1i
103 2717 233 2763 CCIV,
259 2720 293 2755 2.
320 2731 375 2754 am
399 2719 520 2755 Ende.

171 2788 227 2813 cio.
245 2788 337 2814 Briefe
354 2797 381 2814 v.
398 2788 559 2814 Bauerbeck.
582 2789 618 2815 Π,
1242 2779 1269 2821 5
