1795 3043
250 73 352 122 428
506 68 572 116 M.
608 68 663 114 Τ.
700 65 1041 114 CICERONIS
1075 67 1447 115 EPISTOLAE.

251 194 311 224 lx.
327 181 424 223 Kal.
455 180 668 234 profectus
701 181 791 220 erat
808 180 989 228 Cnaeus;
1019 180 1127 220 haec
1150 182 1289 221 autem
1313 179 1550 222 scribebam
1569 179 1709 234 pridie
1774 194 1776 199 ¹

251 239 416 292 Nonas,
453 250 542 278 x1v.
572 237 641 276 die
670 239 892 289 postquam
920 238 997 277 ille
1028 236 1211 276 Canusio
1240 239 1428 277 moverat
1457 258 1513 266 —
1568 240 1709 279 tamen
1751 281 1759 285 ,

252 296 438 349 angebar
467 294 728 347 singularum
746 294 946 334 horarum
966 294 1281 345 exspectatione
1298 294 1569 346 mirabarque
1599 295 1710 336 nihil

251 354 428 400 allatum
449 363 541 391 esse
570 363 624 390 ne
652 351 834 391 rumoris
853 350 1033 403 quidem.
1072 349 1180 390 Nam
1197 355 1288 391 erat
1305 351 1461 391 mirum
1480 352 1708 392 silentium.

251 409 335 450 Sed
364 409 472 449 haec
501 409 680 449 fortasse
707 405 958 446 κενόσπουδα
987 408 1104 447 sunt:
1156 419 1264 458 quae
1294 409 1432 448 tamen
1462 408 1711 449 iam'scian·

199 467 228 507 2
251 467 323 507 tur
350 471 523 507 necesse
551 467 624 505 est.
681 465 794 505 Illud
812 466 1051 514 molestum,
1081 476 1147 504 me
1177 464 1314 504 adhuc
1343 465 1599 519 investigare
1623 477 1709 505 non

247 535 399 577 posse,
439 521 515 563 ubi
553 522 601 564 P.
629 521 833 562 Lentulus
871 523 1015 562 noster
1044 520 1122 574 sit,
1163 521 1236 560 ubi
1265 521 1486 562 Domitius.
1543 523 1710 570 Quaero

248 581 412 633 autem,
442 591 526 632 quo
556 578 726 620 facilius
755 578 869 619 scire
898 578 1076 631 possim,
1107 577 1207 629 quid
1235 578 1375 619 acturi
1403 578 1509 627 sint;
1550 579 1710 619 iturine

248 637 303 679 ad
320 637 588 690 Pompeium
626 636 681 686 et,
711 634 746 674 si
775 637 885 687 sunt,
915 648 998 686 qua
1029 634 1247 685 quandove
1275 635 1379 675 ituri
1396 636 1493 676 sint.
1550 634 1710 676 Urbem

246 694 417 746 quidem
454 695 538 735 iam
584 692 784 733 refertam
819 702 909 731 esse
952 691 1218 743 optimatium
1256 692 1404 742 audio;
1460 691 1625 733 Sosium
1669 693 1711 732 et

247 751 430 804 Lupum,
461 762 567 803 quos
589 747 753 789 Gnaeus
783 750 925 788 noster
952 750 1050 788 ante
1078 748 1255 800 putabat
1270 748 1543 789 Brundisium
1561 750 1709 790 ventu-

248 821 318 849 ros
340 820 432 850 esse
455 819 579 859 quam
596 817 655 855 se,
683 805 750 845 ius
773 804 930 848 dicere.
969 805 1084 845 Hinc
1103 817 1204 846 vero
1219 807 1344 859 vulgo
1357 806 1528 847 vadunt.
1567 805 1710 846 Etiam

248 863 317 906 Μ’.
347 866 554 919 Lepidus,
591 874 774 915 quocum
802 862 914 902 diem
943 864 1163 902 conterere
1202 863 1414 913 solebam,
1464 875 1558 903 cras
1597 863 1709 916 cogi-

196 920 224 959 3
248 922 378 964 tabat.
454 921 539 963 Nos
576 921 717 960 autem
752 920 798 960 in
837 920 1064 960 Formiano
1105 919 1391 972 morabamur,
1448 932 1533 971 quo
1578 919 1707 960 citius

245 980 507 1022 audiremus:
559 977 710 1017 deinde
746 976 954 1028 Arpinum
998 975 1256 1017 volebamus.
1328 976 1452 1028 Inde,
1502 976 1587 1016 iter
1623 988 1709 1028 qua

245 1038 427 1079 maxime
455 1032 741 1083 ἀναπάντητον
770 1035 896 1086 esset,
932 1032 985 1074 ad
1015 1045 1132 1074 mare
1161 1045 1380 1086 superum,
1418 1033 1589 1074 remotis
1618 1033 1709 1074 sive

244 1095 415 1135 omnino
444 1093 581 1134 missis
608 1089 844 1132 lictoribus.
901 1088 1040 1130 Audio
1072 1091 1184 1130 enim
1221 1090 1342 1130 bonis
1371 1090 1499 1143 viris,
1550 1090 1624 1142 qui
1664 1091 1707 1130 et

243 1164 359 1197 nunc
389 1153 432 1192 et
460 1162 585 1200 saepe
613 1149 737 1189 antea
765 1158 914 1200 magno
943 1147 1156 1199 praesidio
1192 1148 1257 1187 rei
1287 1147 1484 1199 publicae
1517 1147 1704 1198 fuerunt,

243 1210 355 1250 hanc
385 1206 698 1249 cunctationem
725 1207 907 1244 nostram
937 1216 1020 1244 non
1049 1204 1222 1255 probari
1251 1204 1468 1254 multaque
1496 1204 1541 1244 in
1566 1216 1632 1244 me
1661 1205 1705 1243 et

242 1277 412 1316 severe,
451 1265 497 1304 in
528 1261 732 1303 conviviis
761 1261 1021 1312 tempestivis
1051 1260 1216 1311 quidem
1234 1290 1245 1308 ,
1289 1260 1508 1311 disputari.
1579 1260 1707 1300 Ceda-

243 1335 337 1362 mus
364 1321 497 1374 igitur
536 1321 604 1370 et,
648 1320 693 1358 ut
729 1317 830 1357 boni
869 1317 981 1357 cives
1018 1318 1172 1364 simus,
1210 1316 1370 1356 bellum
1399 1317 1550 1357 Italiae
1588 1318 1706 1357 terra.

243 1379 433 1430 marique
462 1377 691 1418 inferamus
721 1376 764 1414 et
794 1373 890 1414 odia
907 1374 1194 1426 improborum
1223 1386 1367 1413 rursus
1395 1373 1440 1413 in
1463 1385 1564 1426 nos,
1595 1386 1705 1425 quae

242 1437 327 1478 iam
356 1435 564 1476 exstincta
580 1433 722 1484 erant,
747 1431 1020 1471 incendamus
1041 1433 1083 1471 et
1103 1430 1277 1471 Lucceii
1300 1430 1477 1471 consilia
1499 1443 1550 1471 ac
1571 1431 1704 1471 Theo-

191 1493 217 1532 4
240 1493 371 1548 phani
398 1502 714 1546 persequamur.
772 1488 880 1529 Nam
911 1488 1054 1540 Scipio
1091 1489 1158 1528 vel
1200 1487 1244 1527 in
1279 1487 1445 1541 Syriam
1474 1486 1705 1540 proficisci·

335 1615 369 1648 1.
400 1611 469 1646 IX.
504 1609 597 1643 Kal.
621 1608 754 1651 Mart.,
792 1618 848 1640 am
879 1608 950 1642 XI.
978 1608 1157 1642 Februar.
1211 1608 1258 1641 de
1288 1608 1525 1643 Pontaderae
1557 1620 1594 1653 p.
1623 1610 1705 1644 319.

244 1658 342 1694 coni.
377 1658 468 1692 Ern.
500 1655 586 1691 Sch.
622 1654 719 1688 Liin.
758 1652 870 1687 VIII.
895 1653 984 1687 Kal.
1018 1654 1186 1688 Priores.
1215 1655 1288 1689 ΟΒ.
1325 1655 1430 1689 Nach
1456 1666 1514 1700 ep.
1533 1656 1602 1690 338
1626 1665 1707 1689 war

243 1705 448 1750 Pompeius
472 1714 529 1737 am
552 1699 823 1736 Feralienfeste
847 1699 931 1733 friih
956 1711 1130 1743 morgens
1154 1701 1453 1744 ausgebrochen,
1489 1701 1591 1735 diess
1616 1701 1706 1735 Fest

243 1753 336 1787 aber
366 1751 430 1785 fiel
467 1749 532 1784 auf
560 1747 631 1782 den
663 1746 722 1780 21.
741 1746 919 1780 Februar.
952 1764 996 1771 -—
1039 1746 1139 1790 prid.
1164 1745 1261 1780 Non.
1288 1747 1419 1789 Mart„
1449 1757 1506 1780 am
1531 1748 1565 1781 6.
1584 1747 1705 1781 Marz.

241 1800 480 1840 -moverat,
505 1792 781 1838 aufgebrochen
794 1802 883 1827 war.
918 1790 1050 1836 Suppl.
1068 1791 1186 1836 signa,
1213 1798 1346 1836 castra,
1371 1793 1431 1826 vel
1448 1803 1558 1829 se.-
1584 1793 1708 1831 κενό-

241 1845 451 1887 σπουδα,
489 1841 609 1875 inanis
635 1839 796 1880 laboris,
828 1836 943 1873 studii
968 1838 1102 1882 plena,
1143 1838 1211 1872 der
1235 1839 1349 1873 Miihe
1373 1839 1477 1873 nicht
1500 1840 1635 1873 werth.

332 1901 367 1935 2.
403 1900 447 1933 P.
472 1898 647 1932 Lentulus
671 1895 862 1940 Spinther.
903 1893 943 1929 S.
977 1905 1035 1939 ep.
1054 1895 1383 1939 CCCXXXVIII,
1407 1898 1440 1931 3.
1474 1913 1520 1921 —-
1566 1906 1635 1941 quo
1657 1906 1706 1930 =

242 1952 283 1981 ut
310 1958 355 1982 eo
381 1945 542 1988 facilius.
567 1962 612 1968 —
656 1944 691 1975 si
713 1945 794 1975 sunt
818 1939 909 1975 ituri
933 1940 979 1974 ad
1003 1941 1234 1985 Pompeium.
1259 1961 1306 1968 —
1349 1944 1526 1985 refertam
1549 1942 1705 1986 optima-

241 1994 345 2028 tium.
386 1992 512 2025 Ueber
538 1990 610 2024 den
636 1988 759 2023 Genit.
785 1997 815 2022 5.
841 1987 993 2022 Ramsh.
1018 1987 1048 2030 §.
1064 1989 1148 2030 107,
1174 1989 1207 2022 6.
1247 1989 1393 2022 Grotef.
1417 1985 1446 2033 §.
1462 1988 1531 2022 244
1556 1999 1590 2022 u.
1608 1998 1638 2022 s.
1655 1999 1702 2023 w,

241 2058 288 2066 -
320 2040 362 2074 C.
387 2038 533 2074 Sosium
567 2035 738 2079 (Sestium
763 2033 891 2077 „Alii”
915 2032 952 2066 in
976 2044 1022 2067 m.
1049 2035 1168 2077 1584.)
1201 2037 1237 2067 et
1261 2034 1402 2079 Lupum
1433 2034 1494 2078 (P.
1520 2033 1704 2068 Rutilium

241 2086 406 2131 Lupum)
437 2084 496 2118 ius
525 2084 668 2125 dicere,
710 2080 794 2114 dass
825 2079 882 2114 sie
915 2079 953 2113 in
987 2080 1080 2114 aller
1104 2080 1214 2114 Ruhe
1245 2079 1305 2114 ihr
1327 2082 1413 2115 Amt
1442 2080 1704 2122 verwalteten3

243 2133 315 2168 hoc
340 2131 436 2165 enim
460 2140 556 2164 anno
581 2134 775 2173 praetores
801 2130 917 2160 erant.
964 2125 1099 2161 Cicero
1126 2124 1270 2161 seheint
1284 2125 1406 2161 hierin
1421 2126 1539 2160 falsch
1553 2126 1705 2160 berich-

241 2184 298 2214 tet
322 2189 367 2212 zu
394 2176 484 2211 sein.
528 2176 658 2220 Lupus
682 2171 911 2216 wenigstens
936 2172 1052 2216 solgte
1077 2172 1161 2206 dem
1185 2172 1408 2216 Pompeius,
1449 2172 1518 2205 der
1549 2172 1613 2205 ihn
1638 2173 1706 2207 7⁰6

243 2234 327 2260 zum
350 2224 509 2258 Praetor
541 2221 578 2255 in
603 2219 745 2255 Achaia
779 2224 970 2253 ernannte.
1025 2218 1062 2253 S.
1094 2229 1153 2262 ep.
1180 2218 1300 2253 XCII.
1341 2218 1636 2260 CCCXXXVI‚
1666 2219 1703 2253 5.

241 2267 547 2306 DCCLXXVII.
580 2265 901 2301 DCCLXXVIII.
928 2264 1209 2299 DCCLXXIX.
1236 2263 1559 2299 DCCCXXXIII.
1596 2264 1704 2299 Caes.

239 2318 286 2357 Β,
301 2316 380 2352 Civ.
403 2314 474 2357 ΙΙΙ,
499 2314 555 2348 55.
598 2313 722 2347 Ueber
745 2311 874 2345 Sosius
896 2320 925 2345 s.
951 2322 1011 2355 ep.
1031 2310 1275 2354 CCCXXIX,
1300 2312 1332 2345 1.
1357 2329 1403 2337 -
1439 2310 1553 2353 vulgo
1568 2310 1704 2345 vadunt

240 2365 416 2405 Romam,
448 2359 617 2395 wanden
640 2369 722 2392 man
748 2356 940 2392 offentlich
966 2356 1090 2391 dahin.

331 2423 366 2456 3.
400 2418 503 2452 bonis
525 2415 619 2449 viris
652 2413 778 2449 Dativ.
800 2413 933 2449 Graec.
959 2418 1005 2448 st.
1031 2424 1053 2447 a
1078 2412 1182 2447 bonis
1204 2413 1300 2448 viris
1324 2413 1426 2456 (Asc.
1445 2415 1479 2448 l.
1509 2413 1641 2456 Crat.).
1657 2430 1704 2440 —-

242 2467 306 2512 qui
403 2462 591 2509 praesidio
692 2461 848 2503 fuerunt.
881 2459 1030 2494 Ironice
1056 2459 1205 2493 dietum.
1230 2478 1275 2485 —
1315 2460 1355 2494 in
1379 2459 1561 2494 conviviis
1575 2470 1704 2493 eorum

243 2511 482 2558 tempestivis,
515 2508 578 2543 bei
603 2507 708 2541 ihren
732 2507 867 2550 langen
893 2506 1208 2541 Tafelsessionen.
1251 2507 1333 2540 Hoc
1353 2506 1503 2540 additur
1518 2504 1705 2539 irridendi

242 2570 368 2594 causa.
414 2558 472 2592 Ab
503 2553 716 2590 hominibus
746 2552 862 2586 ebriis
897 2552 1244 2596 reprehendebatur
1275 2551 1373 2586 inter
1403 2551 1548 2597 pocula.
1586 2551 1703 2585 ERN.

243 2607 320 2641 Has
345 2604 477 2638 nimias
502 2603 622 2636 lautas
648 2610 689 2633 ac
714 2597 952 2642 tempestivas
977 2609 1087 2632 cenas
1111 2598 1208 2632 infra
1231 2608 1382 2643 qnoque
1407 2609 1467 2643 ep.
1483 2598 1551 2633 354
1574 2608 1706 2641 repre..

243 2651 383 2686 hendit.
411 2649 516 2684 SCH.
543 2666 586 2673 -
634 2645 813 2680 Cedamus
838 2655 887 2678 ex
902 2644 1030 2681 Italia.
1063 2655 1105 2678 5ο
1130 2644 1270 2679 wollen
1294 2644 1366 2678 wir
1390 2644 1487 2678 deun
1511 2642 1705 2678 wandern.

242 2697 454 2741 sortgehen.
491 2714 535 2721 -—
586 2692 717 2726 Luccei
741 2690 898 2725 consilia
924 2701 967 2724 ac
995 2690 1203 2734 Theophani
1228 2694 1295 2733 (z
1323 2689 1547 2735 Theophanis
1579 2690 1707 2730 Man.)

240 2753 378 2790 perseq.
410 2742 434 2777 i.
452 2752 484 2776 e.
512 2739 729 2776 Intersimus
754 2737 856 2773 bello
881 2735 1006 2782 civili,
1042 2737 1142 2781 quod
1167 2736 1370 2782 Pompeius
1395 2735 1637 2773 suadentibus
1660 2736 1703 2770 L.
