1795 3043
200 48 302 100 172
459 44 524 92 Μ.
560 44 615 90 Τ.
651 42 991 92 CICERONIS
1026 41 1396 92 EPISTOLAE.

199 157 389 199 sciebam
416 158 459 198 te
489 158 576 198 tam
603 157 785 210 peritum
814 169 904 198 esse
933 157 997 197 rei
1024 156 1235 200 militaris.
1287 157 1442 211 Pyrrhi
1462 159 1504 199 te
1523 158 1655 200 libros

199 217 245 255 et
261 215 417 256 Cineae
444 214 566 255 video
596 215 819 256 lectitasse.
879 215 1026 266 Itaque
1055 214 1348 267 obtemperare
1377 215 1516 268 cogito
1535 229 1655 268 prae·

198 274 333 324 ceptis
363 272 469 312 tuis:
499 272 582 312 hoc
613 272 807 324 amplius,
837 272 1128 313 navicularum
1156 272 1313 312 habere
1336 271 1496 324 aliquid
1515 273 1558 313 in
1579 285 1654 313 ora

196 329 425 369 maritima.
485 328 641 369 Contra
676 329 862 380 equitem
892 329 1096 370 Parthum
1132 330 1286 382 negant
1315 329 1447 369 ullam
1475 331 1654 371 armatu-

196 398 289 426 ram
317 386 535 426 meliorem
564 386 747 426 inveniri
780 398 914 438 posse.
983 385 1066 426 Sed
1101 386 1202 437 quid
1240 385 1457 427 ludimus?
1498 387 1651 434 nescis,

197 455 283 494 quo
313 455 409 482 cum
426 443 679 495 imperatore
699 442 779 483 tibi
794 442 1006 495 negotium
1026 444 1092 484 sit.
1131 443 1332 481 Παιδείαν
1352 441 1502 494 Κύρου,
1528 456 1653 496 quam

145 503 176 543 2
200 500 483 540 contriveram
511 499 709 553 legendo,
744 501 876 540 totam
902 500 948 540 in
978 500 1059 540 hoc
1083 500 1268 552 imperio
1298 501 1521 553 explicavi.
1570 501 1653 541 Sed

194 555 434 597 iocabimur
462 557 568 596 alias
597 568 751 604 coram,
780 558 829 596 ut
857 569 994 609 spero,
1020 555 1140 596 brevi
1158 558 1362 609 tempore.
1407 557 1531 598 Nunc
1554 558 1654 598 ades

193 613 248 653 ad
277 613 592 664 imperandum,
623 614 691 654 vel
721 612 774 652 ad
803 613 1033 664 parendum
1062 614 1221 665 potius:
1252 615 1313 654 sic
1344 615 1457 654 enim
1487 614 1651 666 antiqui

191 671 488 721 loquebantur.
549 670 653 710 Cum
682 669 740 710 M.
764 669 922 718 Fabio,
955 669 1067 721 quod
1097 670 1205 711 scire
1235 673 1275 711 te
1306 671 1513 719 arbitror,
1545 671 1651 711 mihi

190 740 376 767 summus
406 740 506 766 usus
535 728 619 767 est:
660 725 867 777 valdeque
896 739 992 766 eum
1025 726 1154 780 diligo
1183 740 1312 778 quum
1341 731 1514 781 propter
1543 740 1651 768 sum-

189 796 304 824 mam
332 784 588 836 probitatem
617 783 707 823 eius
736 795 786 823 ac
823 783 1077 836 singularem
1113 785 1378 834 modestiam,
1420 789 1508 826 tum
1538 784 1649 837 quod

191 840 238 881 in
267 842 320 881 iis
348 840 660 890 controversiis,
686 852 790 891 quas
818 840 954 880 habeo
984 853 1080 881 cum
1108 842 1192 881 tuis
1213 842 1533 883 combibonibus
1550 841 1651 893 Epi-

141 914 170 954 3
193 898 346 946 eureis,
377 898 537 950 optima
565 909 693 950 opera
722 897 811 937 eius
840 897 903 936 uti
924 899 1052 940 soleo.
1108 898 1149 938 Is
1179 911 1306 949 quum
1335 899 1387 940 ad
1415 913 1482 940 me
1502 899 1651 940 Laodi-

191 967 311 997 ceam
339 955 522 996 venisset
549 966 795 1006 mecumque
824 966 900 1007 ego
931 967 1026 995 eum
1056 967 1144 995 esse
1164 956 1332 1004 vellem,
1360 958 1534 1008 repente
1556 968 1650 1008 per-

190 1025 336 1054 cussus
366 1013 429 1052 est
458 1011 725 1052 atrocissimis
753 1012 915 1063 literis,
945 1012 991 1052 in
1021 1012 1175 1063 quibus
1204 1013 1408 1065 scriptum
1437 1014 1528 1053 erat
1558 1015 1650 1053 fun-

189 1069 290 1110 dum
318 1069 678 1109 Herculanensem
708 1082 733 1108 a
760 1069 808 1116 Q.
828 1067 985 1116 Fabio,
1024 1071 1180 1115 fratre,
1220 1071 1505 1122 proscriptum
1534 1081 1646 1110 esse:

182 1127 266 1179 -qui
292 1126 448 1166 fundus
475 1138 572 1167 cum
602 1137 652 1166 eo
682 1125 914 1166 communis
943 1127 1066 1168 esset.
1125 1125 1173 1165 Id
1202 1126 1261 1168 Μ.
1283 1127 1441 1167 Fabius
1478 1139 1648 1180 pergra-

278 1272 313 1305 l.
346 1268 484 1314 Pyrrhi
514 1268 757 1313 Epirotarum
781 1268 905 1312 regis,
932 1268 1038 1302 cuius
1063 1267 1206 1311 legatus
1233 1267 1376 1301 Cineas,
1407 1268 1574 1310 Uterque
1599 1269 1646 1302 de

184 1328 228 1352 re
260 1316 415 1351 militari
449 1315 648 1360 scripsere.
704 1315 790 1350 Vid.
823 1315 1015 1349 Plutarch.
1048 1313 1242 1347 etAelian.
1275 1314 1380 1348 Tact.
1415 1325 1446 1348 c.
1466 1316 1498 1348 1.
1518 1333 1560 1338 —
1604 1316 1644 1348 in

184 1375 255 1399 ora
276 1363 421 1405 marit.‚
454 1361 588 1405 quibus
614 1360 761 1395 scilicet
796 1371 903 1403 quam
935 1360 1094 1405 primum
1118 1359 1273 1393 Romam
1307 1360 1431 1394 redire
1462 1361 1584 1404 poss-it
1609 1367 1646 1395 et

183 1410 326 1444 bellum
350 1408 566 1444 Parthicum
592 1407 744 1442 evitare.
792 1408 923 1451 Itaque
947 1405 1072 1451 pergit
1096 1405 1232 1448 iocari,
1266 1417 1376 1449 quum
1402 1407 1494 1440 dicit
1517 1414 1645 1441 contra

183 1456 349 1500 equitem
363 1455 543 1490 Parthum
560 1455 699 1487 nullam
717 1458 942 1487 armaturam
960 1453 1147 1486 meliorem
1166 1452 1326 1486 inveniri
1345 1464 1467 1497 posse.
1499 1453 1643 1498 Adver-

184 1513 248 1538 sus
262 1502 425 1536 Parthos
450 1501 548 1534 enim
568 1500 863 1534 mediterraneos
887 1499 1011 1532 nullus
1041 1504 1119 1532 erat
1135 1498 1280 1532 navium
1299 1510 1397 1533 usus.
1423 1493 1639 1534 SCHUTZ.

183 1567 229 1574 —-
252 1549 476 1583 Παιδείαν
493 1546 646 1593 Κύρου
671 1545 951 1590 Xenophontis.
976 1545 1104 1579 Lamb.
1124 1544 1251 1590 Κύρου
1274 1547 1451 1581 παιδείαν.
1466 1564 1511 1570 -
1536 1557 1643 1589 quam

184 1619 197 1629 .
215 1620 223 1628 .
251 1598 364 1628 contr.
388 1594 487 1636 leg„
521 1593 584 1626 die
615 1592 675 1626 ich
700 1604 741 1626 so
767 1591 911 1634 fleissig
935 1592 1086 1635 gelesen
1117 1590 1232 1633 habe,
1265 1590 1349 1625 dass
1380 1592 1478 1625 mein
1502 1593 1642 1626 Exem-

178 1641 267 1686 plar
291 1650 385 1684 ganz
409 1638 640 1683 abgegriffen
665 1639 727 1674 ist.
744 1657 790 1664 —-
822 1638 862 1671 in
886 1637 952 1671 hoc
975 1636 1148 1681 imperio,
1183 1636 1268 1669 dum
1295 1637 1331 1670 in
1357 1637 1492 1671 Cilicia
1523 1639 1641 1683 impe-

179 1687 319 1721 ratoris
344 1686 444 1720 vices
470 1685 636 1730 explevi.
654 1702 696 1710 —
731 1684 924 1728 explicavi,
950 1683 987 1717 in
1014 1683 1219 1725 Ausiibung
1243 1683 1437 1726 gebracht;
1474 1684 1549 1718 wie
1573 1696 1640 1718 ex-

180 1733 272 1778 plic.
298 1737 499 1777 praecepta
523 1732 566 1765 de
592 1732 693 1765 Orat.
713 1731 793 1773 ΙΙΙ,
810 1730 866 1765 26.
903 1729 1036 1773 „Mein
1060 1728 1228 1771 Feldzug
1259 1729 1297 1763 in
1322 1729 1480 1764 Cilicien
1504 1730 1554 1765 ist
1579 1731 1637 1765 ein

181 1779 418 1814 Commentar
442 1788 487 1811 zu
513 1778 749 1823 Xenophons
774 1776 987 1822 Cyropadie
1012 1776 1224 1819 gewesen.''

272 1826 305 1860 2.
338 1825 439 1859 brevi
463 1828 643 1867 tempore,
668 1824 761 1857 iiber
785 1824 910 1865 Kurz3
943 1823 1149 1856 nachstens.
1166 1839 1211 1846 —-
1254 1822 1302 1854 ad
1325 1822 1577 1865 imperandum
1601 1823 1636 1857 h.

181 1883 217 1908 e.
242 1877 283 1907 ut
307 1871 376 1905 tibi
399 1870 627 1916 imperetur3
658 1870 832 1913 Achtung
857 1868 922 1902 auf
942 1869 1063 1901 meine
1077 1868 1219 1902 Ordre!
1246 1867 1434 1902 Manutius
1460 1869 1556 1902 hunc
1581 1869 1637 1902 lo-

181 1917 323 1961 quendi
357 1927 460 1950 usum
494 1916 697 1950 illustravit
721 1916 805 1949 loco
831 1914 999 1949 Sallustii
1024 1915 1070 1947 de
1094 1915 1137 1948 B.
1158 1914 1326 1957 Iugurth.
1353 1926 1385 1948 c.
1406 1916 1466 1948 66:
1498 1916 1638 1957 Iugur-

181 1963 243 1998 tha
347 1974 455 2007 quum
477 1963 555 2006 ipse
579 1963 627 1996 ad
650 1962 901 2006 imperandum
928 1961 1110 1994 Tisidium
1133 1964 1336 1994 vocaretur.
1368 1960 1476 1995 SC'H.
1515 1962 1639 2004 „Ietzt

179 2010 269 2045 stell
293 2009 392 2044 Dich
416 2019 499 2042 zum
524 2009 763 2052 Commando,
789 2008 853 2041 auf
873 2006 1112 2049 Commando,
1134 2007 1199 2040 auf
1221 2007 1356 2048 ordre,
1383 2008 1447 2040 auf
1465 2008 1637 2040 Bet‘ehiss’

177 2057 293 2091 Denn
318 2056 356 2089 in
371 2055 547 2113 Hipsicht
570 2055 638 2089 der
662 2066 736 2088 uun
760 2055 962 2097 folgenden
976 2054 1078 2088 Bitte
1101 2058 1216 2087 musst
1230 2053 1292 2086 Du
1317 2052 1387 2085 mir
1410 2053 1634 2096 gehorchen.

179 2103 255 2137 Ein
281 2102 421 2146 artiger
436 2102 674 2145 Uebergang!
691 2120 732 2125 —
765 2101 1013 2144 loquebantur.
1047 2099 1098 2134 So
1122 2099 1304 2144 sprachen
1328 2098 1390 2131 die
1415 2105 1528 2142 guten
1552 2100 1637 2132 Alt-

178 2148 385 2191 vmdereu,
417 2158 526 2182 wenn
557 2148 613 2182 sie
646 2146 753 2181 einen
779 2147 927 2181 Freund
952 2145 1249 2180 vertrauensvoll
1275 2156 1332 2177 um
1358 2145 1486 2179 Etwas
1510 2145 1632 2179 baten.

178 2195 246 2230 Sie
272 2193 572 2229 commandirten.
619 2194 703 2228 Non
739 2193 821 2227 sine
846 2193 971 2236 aliqua
1002 2190 1273 2237 probabilitatis
1306 2191 1433 2234 specie
1464 2192 1555 2224 haec
1579 2193 1636 2225 vel

177 2242 227 2276 ad
243 2267 252 2276 .
266 2266 275 2275 .
288 2267 296 2275 .
315 2241 551 2284 loquebantur
574 2246 749 2284 suspecta
764 2239 897 2273 Rostio
914 2239 1017 2283 Spec.
1032 2240 1065 2271 1.
1087 2249 1122 2282 p.
1135 2239 1188 2271 16.
1217 2237 1271 2270 sic
1295 2248 1383 2270 sane
1409 2237 1633 2280 iungendum

175 2299 261 2322 cum
286 2298 320 2321 v.
346 2286 607 2330 imperandum.
644 2286 717 2319 ΟΒ.
768 2287 898 2330 Vergl.
926 2284 1079 2321 Verrin.
1101 2286 1133 2326 l,
1153 2286 1190 2317 1:
1216 2283 1347 2316 adesse
1372 2283 1418 2316 ad
1444 2283 1632 2319 iudicium.

177 2335 285 2370 Caes.
318 2334 364 2368 B.
392 2332 582 2375 Gall.VI,
604 2332 643 2365 2:
677 2332 808 2366 venire
840 2333 886 2366 ad
918 2332 1147 2376 imperatum.
1169 2348 1213 2354 —
1256 2329 1315 2364 Μ.
1333 2329 1461 2364 Fabio,
1495 2329 1534 2364 S.
1561 2330 1630 2364 den

175 2380 298 2423 vorig.
324 2379 442 2414 Brief.
460 2396 504 2403 -
535 2379 576 2412 in
598 2378 658 2412 iis.
693 2377 757 2412 Sic
780 2379 898 2422 Neap.
924 2378 1028 2413 Vict.
1048 2376 1082 2411 2.
1109 2375 1165 2409 his
1191 2376 1286 2410 Cett.
1314 2387 1393 2409 cum
1418 2375 1495 2410 Md.
1513 2395 1557 2400 —
1592 2377 1631 2410 in

177 2452 207 2461 ..
235 2425 495 2461 controversiis
520 2423 545 2459 i.
562 2435 593 2458 e.
621 2423 936 2468 disputationibus
958 2423 1004 2456 de
1019 2421 1268 2466 philosophia.
1304 2423 1519 2465 Agnoverat
1535 2422 1630 2456 enim

175 2472 324 2507 Tullius
351 2472 388 2505 in
412 2470 529 2505 Fabio
554 2481 730 2505 summum
755 2470 944 2514 ingenium
971 2479 1218 2511 summamque
1247 2467 1464 2502 doctrinam.
1497 2468 1552 2502 Cf.
1570 2479 1629 2513 ep.

176 2518 359 2554 CCXLV.
394 2517 502 2553 SGH.

265 2566 299 2599 3.
331 2573 540 2608 percussus,
565 2561 770 2606 Wopkens.
798 2572 899 2606 susp.
922 2561 1120 2605 perculsus.
1137 2578 1181 2585 —
1208 2560 1454 2604 proscriptum
1479 2570 1564 2602 esse,
1590 2566 1630 2593 ut

175 2610 420 2653 venderetur,
448 2620 530 2643 zum
546 2608 717 2644 Verkauf
736 2609 1022 2651 angescfflagem
1048 2607 1273 2649 ausgeboten
1299 2607 1366 2641 sei.
1392 2606 1506 2640 Diess
1530 2607 1629 2640 hatte

176 2657 256 2691 sein
273 2657 420 2691 Bruder
444 2656 593 2700 gethan,
618 2654 792 2689 wahrend
818 2665 859 2687 er
884 2654 920 2687 in
947 2653 1105 2687 Cilicien
1132 2653 1229 2686 heim
1246 2653 1380 2687 Cicero
1405 2663 1500 2693 war;
1527 2652 1628 2687 dess-

177 2703 264 2738 halb
290 2703 380 2738 eilte
406 2713 447 2737 er
472 2703 565 2737 nach
590 2700 705 2744 Rom,
740 2712 797 2735 um
823 2699 925 2735 ienes
951 2711 997 2735 zu
1022 2699 1304 2734 hiutertreiben.
1327 2718 1369 2724 --
1403 2702 1503 2732 esset.
1542 2697 1625 2733 Sch.
