1795 3043
226 75 326 123 410
484 70 550 116 Μ.
585 70 640 115 Τ.
679 68 1016 116 CICERONIS
1051 69 1421 118 EPISTOLAE.

226 186 387 226 tantum
415 181 545 224 animi
571 180 787 221 habuisset
815 180 857 221 in
888 183 1026 221 vestro
1045 182 1248 232 Domitio,
1279 184 1482 234 quantum
1498 184 1683 227 Psecade

225 244 349 284 natus
377 241 421 282 in
452 240 533 280 hoc
561 237 723 280 habuit.
783 238 978 279 Ciceroni
1007 241 1055 279 F.
1089 240 1130 279 S.
1158 239 1210 281 D.

335 388 651 434 EPISTOLA
686 387 1013 434 CCCXXXVI.
1052 388 1133 445 (ad
1167 390 1258 435 Att.
1293 389 1420 435 vm.
1457 390 1560 448 12.)

353 454 436 490 scr.
462 452 621 488 Formiis
645 451 742 498 prid.
768 453 853 487 Kal.
879 454 990 489 Mart.
1016 454 1059 487 A.
1085 453 1130 489 U.
1157 454 1199 488 C.
1226 455 1304 489 705.
1340 456 1388 498 (a.
1415 454 1454 488 c,
1478 455 1551 497 49.)

224 511 419 547 Rationem
459 511 701 546 consiliorum
739 520 889 544 suorum
930 510 1113 553 detendit3
1164 511 1253 555 quid
1299 510 1523 556 Pompeiani
1559 515 1681 554 agant,

292 558 389 593 scire
414 557 534 603 cupit,
576 564 736 600 quatuor
759 555 934 600 Pompeii
968 556 1211 600 epistolarum
1235 558 1281 591 ad
1306 558 1480 591 consules
1506 562 1543 591 et
1567 557 1613 591 ad

479 604 684 639 Domitium
708 602 929 646 scriptarum
955 604 1127 647 exempla
1152 604 1276 638 mittit.
1310 605 1424 639 1—6.

714 670 903 705 CICERO
933 671 1125 705 ATTICO
1157 671 1198 707 S.

333 720 442 761 Mihi
471 718 687 761 molestior
710 719 923 771 lippitudo
953 721 1048 759 erat
1076 721 1225 772 etiam,
1265 732 1388 771 quam
1408 720 1505 759 ante
1527 719 1679 759 fuerat.

222 778 395 818 Dietare
432 780 573 818 tamen
611 776 722 816 hanc
763 776 985 828 epistolam
1024 776 1179 827 malui,
1223 789 1347 828 quam
1378 776 1502 816 Gallo
1532 774 1680 827 Fadio,

222 835 508 875 amantissimo
538 833 758 884 utriusque
787 835 998 885 nostrum,
1026 833 1136 873 nihil
1165 833 1218 874 ad
1242 834 1285 873 te
1314 834 1536 874 literarum
1565 831 1679 871 dare.

221 892 327 932 Nam
366 892 502 944 pridie
543 890 733 942 quidem,
783 902 950 942 quoquo
983 890 1105 930 modo
1146 891 1389 942 potueram,
1428 890 1680 941 scripseram

221 949 313 1001 ipse
340 960 409 988 eas
436 949 607 995 literas,
658 959 836 998 quarum
863 947 1207 988 vaticinationem
1236 947 1386 988 falsam
1415 958 1507 986 esse
1536 945 1676 997 cupio.

221 1006 360 1046 Huius
391 1007 530 1045 autem
557 1004 761 1056 epistolae
790 1016 873 1044 non
903 1005 1039 1044 solum
1069 1016 1118 1044 ea
1148 1017 1276 1045 eausa
1306 1005 1389 1055 est,
1425 1005 1473 1043 ut
1501 1015 1555 1043 ne
1583 1001 1679 1053 quis

222 1078 247 1104 a
276 1075 342 1103 me
372 1062 461 1102 dies
488 1061 810 1113 intermittatur,
841 1061 943 1112 quin
973 1060 1067 1101 dem
1095 1060 1147 1101 ad
1177 1062 1219 1101 te
1248 1061 1416 1100 literas:
1456 1059 1528 1100 sed
1552 1059 1679 1099 etiam

221 1121 328 1160 haec
357 1120 527 1171 iustior,
570 1119 617 1157 ut
642 1132 667 1158 a
696 1121 739 1157 te
767 1118 1055 1170 impetrarem,
1099 1119 1144 1157 ut
1173 1129 1359 1157 sumeres
1388 1117 1548 1168 aliquid
1576 1119 1679 1156 tem-

221 1177 362 1229 poris3
409 1188 491 1227 quo
529 1175 629 1226 quia
663 1174 744 1215 tibi
781 1175 1010 1227 perexiguo
1050 1186 1155 1226 opus
1195 1177 1279 1225 est,
1324 1173 1532 1225 explicari
1572 1171 1678 1212 mihi

221 1236 340 1274 tuum
370 1231 596 1273 consilium
625 1232 751 1282 plane
780 1233 899 1278 volo,
940 1233 987 1271 ut
1024 1232 1193 1283 penitus
1220 1231 1471 1283 intelligam.
1528 1229 1678 1270 Omnia

223 1292 319 1330 sunt
358 1290 522 1341 integra
562 1287 700 1329 nobis.
764 1287 884 1328 Nihil
921 1289 1262 1338 praetermissum
1307 1291 1391 1334 est,
1441 1287 1554 1338 quod
1591 1298 1676 1326 non

221 1347 377 1388 habeat
404 1346 636 1397 sapientem
653 1344 979 1392 exeusationem,
1010 1356 1094 1386 non
1115 1344 1236 1383 modo
1252 1342 1530 1396 probabilem.
1571 1342 1678 1383 Nam

224 1406 339 1444 certe
368 1415 503 1454 neque
532 1404 623 1441 tum
651 1401 853 1454 peccavi,
903 1413 1032 1452 quum
1059 1401 1311 1452 imparatam
1340 1401 1546 1452 Capuam,
1591 1411 1676 1439 non

222 1463 360 1502 solum
386 1459 577 1513 ignaviae
607 1458 637 1510 ἦ·
667 1458 876 1506 delectus,
919 1458 992 1498 sed
1020 1458 1148 1499 etiam
1176 1457 1379 1510 perfidiae
1396 1457 1676 1510 suspicionem

222 1585 258 1617 in
286 1584 353 1618 Iul.
380 1594 410 1617 C.
425 1584 458 1616 6.
492 1581 600 1615 SCH.
631 1600 675 1606 —
723 1584 862 1614 tantum
896 1581 1012 1614 animi
1041 1580 1223 1614 habuisset
1258 1581 1298 1614 in
1321 1581 1486 1615 Domitio
1520 1581 1601 1615 scil.
1638 1586 1676 1614 ut

221 1642 305 1665 eum
330 1628 551 1670 occidisset,
590 1627 686 1661 sicut
708 1626 902 1660 Bellienus
927 1628 1082 1660 alterum
1106 1627 1210 1660 illum
1235 1626 1452 1661 Domitium.
1500 1627 1676 1661 Acerbis-

220 1678 330 1712 simas
355 1675 451 1708 enim
477 1672 625 1709 Caelius
650 1684 730 1706 cum
761 1673 805 1707 L.
830 1673 998 1706 Domitio
1022 1673 1237 1706 inimicitias
1267 1674 1432 1716 gerebat.
1466 1673 1575 1708 SCH.
1621 1674 1676 1708 Er

219 1724 334 1758 meint
358 1723 428 1755 den
453 1720 683 1756 Consularen
707 1717 896 1753 Domitius
920 1719 1211 1761 Ahenobarbus,
1245 1719 1313 1752 der
1337 1729 1382 1751 zu
1408 1719 1613 1753 Corfinium
1637 1719 1674 1753 in

219 1771 353 1805 Cesar-s
378 1767 526 1802 Gewalt
556 1765 775 1809 gekommeu
808 1776 897 1799 war.
950 1766 1031 1799 Der
1064 1766 1305 1799 CCLXXIX.
1332 1765 1443 1798 Brief
1470 1765 1677 1799 verbreitet

220 1816 296 1850 viel
320 1815 431 1848 Licht
462 1814 556 1847 iiber
579 1811 705 1846 Ciilius
736 1811 775 1845 in
798 1810 973 1846 Hinsicht
1002 1810 1127 1846 seiner
1151 1810 1370 1854 Gesinnung
1402 1822 1523 1855 gegen
1547 1811 1675 1846 diesen

220 1861 422 1897 Domitius.
456 1879 501 1884 -
548 1857 704 1891 Psecade
728 1861 833 1891 natus
858 1858 882 1892 i.
910 1868 942 1892 e.
967 1857 1103 1892 ancilla
1135 1857 1277 1899 (dieser
1302 1856 1404 1891 Sohn
1437 1858 1541 1891 einer
1564 1854 1676 1891 Kam-

219 1907 455 1952 merzophe);
485 1904 665 1950 psecades
690 1904 786 1937 enim
811 1914 840 1938 s.
868 1904 1071 1938 ornatrices
1096 1909 1201 1937 erant
1224 1903 1393 1937 ancillae.
1416 1904 1525 1937 SCH.
1566 1903 1677 1938 skla-

220 1956 375 1995 vinnon,
403 1953 515 1987 deren
529 1954 615 1985 Amt
639 1960 719 1984 war
741 1950 802 1984 die
819 1950 972 1984 Locken
997 1950 1098 1984 ihrer
1116 1950 1361 1985 Gebieterinn
1385 1949 1452 1984 mit
1475 1949 1676 1984 dustenden

221 2002 411 2035 Essenzen
444 1996 732 2041 einzuspritzen.
777 1996 859 2030 Der
889 1997 1003 2031 Name
1038 1997 1156 2038 Ψεκεὶς
1191 2007 1264 2030 von
1296 1995 1454 2041 ψεκάζω,
1503 1996 1674 2030 trauseln.

222 2047 260 2083 S.
295 2045 459 2080 Iuvenal.
492 2044 572 2087 VI,
604 2043 685 2077 489.
746 2042 857 2077 Ovid.
888 2043 1038 2077 Metam.
1076 2043 1153 2086 111,
1188 2044 1263 2077 172.
1311 2042 1504 2086 Bottigers
1538 2042 1677 2077 Sabina

223 2093 263 2128 S.
292 2093 358 2126 106
391 2103 425 2125 u.
463 2091 539 2124 125.
578 2107 623 2113 —-
671 2088 840 2123 eicerem·
864 2090 906 2123 F.
938 2088 962 2123 i.
988 2101 1021 2124 e.
1049 2089 1129 2123 filio
1153 2089 1191 2123 S.
1217 2089 1265 2122 D.
1311 2088 1463 2123 Meinen
1488 2089 1607 2123 Gruss
1630 2100 1674 2122 an

223 2138 371 2173 Deinen
396 2138 499 2172 Sohn
525 2134 676 2169 Cicero!

314 2187 346 2218 l.
380 2183 574 2227 lippltudO.
607 2181 645 2216 S.
673 2192 731 2226 ep.
750 2181 925 2217 CCCVII
949 2191 1004 2215 am
1022 2181 1131 2214 Ende
1157 2180 1230 2213 und
1256 2179 1445 2214 CCCVIII
1470 2179 1518 2213 im
1532 2181 1675 2214 Ans.—

223 2234 302 2265 erat
326 2243 370 2263 =
395 2237 451 2263 est
476 2229 524 2262 im
548 2227 752 2262 Briet'stile.
778 2248 822 2253 —
872 2228 978 2261 Gallo
1002 2228 1132 2261 Fadio.
1176 2226 1239 2260 Sic
1263 2226 1417 2269 scripsi,
1451 2226 1516 2259 cfr.
1544 2227 1587 2260 <le
1611 2228 1676 2261 Fi-

224 2277 320 2311 nibb.
346 2278 379 2311 2.
413 2287 441 2310 c.
466 2277 521 2309 17.
568 2275 682 2308 Fabio
718 2275 812 2309 Cett.
848 2274 1043 2307 ORELLI.
1085 2293 1128 2298 -
1171 2272 1270 2315 prid.
1310 2271 1348 2305 S.
1375 2283 1433 2315 ep.
1450 2273 1538 2316 334,
1573 2275 1606 2308 3.
1631 2292 1675 2298 -

225 2329 324 2358 tuum
354 2321 565 2363 consilium,
613 2320 736 2354 Deine
768 2320 971 2355 Gedanken
1007 2320 1099 2353 iiber
1128 2316 1224 2361 Das,
1262 2327 1340 2351 was
1371 2317 1431 2351 ich
1464 2318 1502 2352 in
1534 2319 1676 2354 meiner

225 2370 387 2412 ietzigen
412 2369 514 2411 Lage
538 2377 584 2401 zu
611 2366 700 2399 thnn
722 2367 827 2401 habe.

315 2417 348 2450 2.
387 2415 515 2448 Omnia
537 2417 619 2446 sunt
643 2412 789 2454 integra
814 2413 936 2454 nobis,
970 2411 1027 2446 bis
1050 2410 1141 2444 ietzt
1165 2410 1248 2444 hab'
1272 2410 1331 2443 ich
1356 2409 1427 2443 mir
1454 2420 1522 2454 gar
1545 2410 1676 2445 Nichts

226 2462 497 2496 vorzuwerfen.
523 2478 567 2484 —
604 2469 673 2491 non
697 2461 814 2492 modo.
850 2460 887 2493 S.
915 2456 1191 2499 G1·otef.§.310.
1223 2456 1374 2490 Ramsh.
1401 2457 1519 2499 §.181,
1535 2458 1578 2499 B,
1592 2457 1624 2500 Ι,
1642 2468 1674 2490 e.

228 2528 271 2533 —
318 2509 556 2552 imparatam,
582 2504 661 2539 sine
685 2505 894 2548 praesidio,
919 2504 984 2537 das
1010 2503 1194 2537 wehrlose
1219 2503 1354 2547 Capua.
1380 2521 1423 2526 —
1459 2503 1482 2545 †
1507 2503 1672 2536 delectus.

228 2555 435 2597 „Ignaviae
468 2553 623 2586 delectas
646 2551 849 2594 opponitur
873 2550 1088 2592 diligentiae
1111 2550 1285 2588 delectu-³,
1320 2559 1414 2591 quae
1439 2559 1551 2594 supra
1575 2560 1675 2582 com-

229 2607 428 2634 memorata
461 2600 548 2633 est.”
590 2596 703 2631 ERN.
754 2597 842 2631 Scil.
879 2597 947 2640 Ep.
972 2597 1026 2629 ll.
1053 2597 1097 2629 B.
1125 2597 1153 2637 §.
1172 2596 1192 2629 2
1218 2600 1292 2628 est:
1329 2595 1407 2629 vidi
1435 2595 1475 2628 T.
1501 2596 1672 2638 Ampium

229 2648 402 2681 delectum
427 2646 553 2679 habere
578 2643 874 2685 diligentissime,
907 2643 950 2676 ab
974 2654 1014 2675 eo
1039 2641 1202 2685 accipere
1232 2641 1403 2674 Libonem
1429 2636 1522 2683 (scil.
1540 2641 1672 2677 virum)

228 2703 367 2727 summa
391 2692 669 2733 dlligenlltccet.
693 2690 944 2733 (praeditum).
983 2689 1057 2722 Sed
1084 2698 1264 2731 nunquam
1283 2687 1372 2721 mihi
1391 2687 1674 2730 persuadebitur

230 2739 304 2774 dici
321 2750 429 2784 posse
453 2739 605 2781 ignavia.
629 2736 782 2770 delectus
810 2746 876 2780 pro
902 2735 1128 2777 negligentia
1154 2735 1190 2767 z'n
1218 2733 1354 2768 delectu
1371 2733 1541 2767 habendo.
1574 2733 1675 2768 Quo-
