1795 3043
401 43 714 93 EPISTOLA
768 44 991 92 CCCXII.
1031 44 1287 91 CCCXIII.
1475 50 1574 97 361

113 156 188 200 lim
217 156 464 200 tabellarios
492 155 722 199 instituatis
751 157 912 204 certos,
954 157 1001 197 ut
1040 157 1231 211 quotidie
1260 156 1423 209 aliquas
1453 169 1478 197 a
1506 168 1576 197 vo-

114 216 179 256 bis
207 216 353 257 literas
382 214 605 268 accipiam.
672 214 859 255 Maxime
896 216 1036 254 autem
1078 216 1174 256 date
1203 227 1396 267 operam,
1432 216 1479 254 ut
1507 227 1575 256 va-

112 272 261 326 leatis,
297 273 332 314 si
361 285 437 314 nos
463 272 592 313 vultis
620 273 774 313 valere.
844 283 914 312 111.
944 271 1042 314 Kal.
1073 273 1270 313 Formiis.

281 444 591 491 EPISTOLA
628 442 884 490 CCCXIII.
922 441 1006 500 (ad
1039 442 1145 488 Div.
1181 443 1299 489 XVI.
1334 446 1405 504 8.)

110 520 192 556 Ser.
218 520 380 556 Formiis
403 521 464 556 vel
487 519 563 555 alio
588 520 625 554 in
651 518 873 563 Campaniae
906 518 1048 563 oppido
1081 519 1150 553 sub
1182 519 1294 553 finem
1327 518 1491 554 Ianuarii
1526 521 1571 554 A.

610 566 654 600 U.
683 567 724 600 c,
752 567 829 600 705.
857 567 904 608 (a.
932 566 972 600 c.
999 566 1073 608 49.)

111 635 342 671 Admonetur
356 635 462 680 Tiro,
483 645 529 669 ne
547 645 588 668 se
604 633 835 678 navigationi
859 632 931 668 nisi
955 633 1053 668 bene
1076 634 1224 668 firmum
1252 633 1454 669 committat
1479 645 1573 668 neve

509 680 660 725 naviget
690 680 763 715 nisi
796 681 1006 725 explorate.
1056 681 1175 715 1-2.

570 750 615 786 Q.
645 749 831 784 CICERO
865 749 1046 784 TIRONI
1071 749 1108 785 S.

221 809 401 863 Magnae
449 808 572 850 nobis
622 810 684 849 est
731 808 1012 849 sollicitudini
1060 808 1257 850 valetudo
1297 811 1384 850 tua.
1451 809 1572 860 Nam,

108 867 298 915 tametsi,
330 867 404 919 qui
434 867 628 916 veniunt,
659 862 858 904 ἀκίνδυνα
886 865 981 914 μὲν,
1012 865 1257 915 χρονιώτερα
1288 869 1331 905 δὲ
1360 867 1572 917 nuntiant,

108 926 246 964 tamen
285 924 330 964 in
367 937 517 977 magna
559 923 848 964 consolatione
890 924 1040 976 ingens
1080 924 1189 963 inest
1228 924 1495 976 sollicitudo,
1532 924 1570 965 si

107 980 267 1021 diutius
292 997 320 1022 a
349 981 471 1021 nobis
510 981 702 1022 afuturus
741 982 803 1020 est
845 980 900 1032 is,
943 982 1062 1020 cuius
1099 993 1221 1020 usum
1254 982 1296 1020 et
1325 982 1571 1022 suavitatem

107 1037 382 1079 desiderando
410 1039 623 1079 sentimus.
690 1036 886 1078 Attamen
930 1050 1188 1089 quamquam
1228 1037 1372 1078 videre
1411 1040 1453 1078 te
1482 1040 1570 1079 tota

107 1096 363 1148 cogitatione
391 1097 530 1149 cupio,
560 1097 698 1136 tamen
729 1096 771 1134 te
800 1094 973 1147 penitus
1003 1108 1118 1148 rogo,
1149 1107 1202 1135 ne
1232 1096 1275 1134 te
1305 1096 1389 1135 tam
1419 1097 1570 1148 longae

105 1152 365 1205 navigationi
395 1155 437 1192 et
465 1154 559 1194 viae
587 1165 665 1206 per
694 1153 876 1193 hiemem
905 1152 987 1192 nisi
1012 1153 1120 1193 bene
1140 1151 1306 1192 firmum
1331 1153 1570 1193 committas

105 1221 212 1251 neve
241 1210 412 1263 naviges
440 1210 523 1250 nisi
553 1211 784 1262 explorate.
850 1209 930 1250 Vix
971 1210 1015 1250 in
1045 1210 1149 1262 ipsis
1177 1209 1303 1250 tectis
1333 1211 1375 1250 et
1402 1209 1569 1263 oppidis
1593 1207 1621 1247 2

103 1266 241 1319 frigus
268 1266 434 1307 infirma
462 1267 704 1308 valetudine
733 1268 910 1307 vitatur:
952 1266 1106 1307 nedum
1136 1266 1180 1307 in
1210 1267 1317 1307 mari
1346 1268 1387 1307 et
1417 1268 1487 1309 via
1516 1267 1571 1307 sit

106 1324 238 1364 facile
267 1324 411 1364 abesse.
449 1324 501 1364 ab
532 1323 690 1364 iniuria
719 1323 933 1375 temporis.

224 1379 356 1426 Ψύχος
385 1380 427 1418 δὲ
455 1378 701 1428 λεπτόχρωτι
728 1377 1047 1433 πολεμιώτατον,

107 1436 245 1489 inquit
272 1438 513 1490 Euripides.
586 1438 665 1478 Cui
705 1439 751 1478 tu
791 1439 998 1489 quantum
1036 1437 1209 1489 credas,
1251 1438 1406 1479 nescio.
1478 1438 1569 1492 Ego

105 1497 223 1534 certe
255 1496 440 1548 singulos
479 1495 568 1535 eius
605 1507 749 1535 versus
789 1496 953 1548 singula
991 1494 1021 1547 †
1045 1495 1135 1534 eius
1174 1496 1417 1536 testimonia
1452 1499 1567 1548 puto.

104 1594 255 1628 liberto.
282 1614 324 1619 —
372 1607 439 1628 ιιι.
465 1595 581 1637 Kal.‚
615 1606 672 1628 am
696 1596 753 1630 30.
771 1595 917 1629 Ianuar.
968 1595 1098 1639 Vulgo
1131 1601 1187 1629 est
1221 1609 1314 1630 vnr.
1341 1596 1446 1631 Kal..
1494 1596 1571 1631 Sed

104 1641 173 1675 illo
198 1641 259 1675 die
286 1640 418 1675 Cicero
443 1651 516 1674 non
541 1641 613 1674 suit
627 1641 799 1680 Formiis,
826 1641 892 1675 sed
910 1641 1132 1685 Minturni53
1159 1642 1255 1676 unde
1280 1643 1346 1676 illo
1364 1642 1427 1676 die
1452 1642 1572 1686 scrip-

104 1693 204 1721 serat
227 1687 421 1731 epistolam
457 1688 505 1720 ad
542 1688 685 1721 Dic-ers.
720 1688 837 1731 XIV,
864 1689 920 1721 14.
961 1688 995 1721 h.
1029 1688 1088 1722 ed.
1123 1690 1203 1723 306.
1242 1689 1346 1732 Ergo
1376 1689 1449 1723 ΙΙΙ.
1479 1689 1570 1723 Kal.

106 1734 208 1768 Febr.
240 1733 491 1768 scribendum.
531 1733 682 1768 Schutz.

384 1779 572 1813 TIRONI.
615 1779 654 1814 S.
682 1790 728 1813 zu
761 1791 817 1824 ep.
838 1779 1100 1815 CCLXXXV.
1135 1780 1183 1814 im
1209 1780 1292 1815 Ans.

195 1827 226 1859 1.
256 1825 434 1859 Valetado
459 1826 541 1859 scil.
567 1825 736 1868 adversa,
761 1825 847 1859 dein
864 1826 1287 1870 Gesundheitszustand,
1313 1826 1506 1861 Befinden.
1525 1846 1568 1853 -—-

105 1871 168 1915 qui
187 1879 258 1905 ate
275 1873 432 1906 veniunt.
447 1891 490 1896 —
514 1872 738 1907 ἀκίνδυνα
757 1878 842 1915 eet„
861 1878 939 1906 tuta
965 1872 1116 1916 quidem
1141 1873 1206 1907 sed
1234 1873 1410 1908 diuturna
1434 1873 1458 1907 i.
1474 1885 1505 1907 e.
1532 1880 1569 1908 te

104 1918 253 1961 quidem
280 1928 352 1950 non
378 1924 575 1962 aegrotare
600 1917 833 1962 periculose,
867 1919 934 1953 sed
967 1920 1135 1953 morbum
1166 1921 1248 1953 sore
1284 1919 1567 1954 diuturniorem.

102 1963 312 1998 MANUT.
348 1965 471 1998 Ueber
498 1964 642 1998 tametsi
732 1968 862 1998 tamen.
898 1976 926 1999 s.
954 1966 1101 2000 Ramsh.
1129 1966 1159 2009 §.
1180 1967 1266 2007 191,
1294 1968 1327 2000 1.
1353 1985 1398 1990 -
1445 1977 1469 2000 α
1503 1977 1568 2000 no-

104 2011 171 2043 bis.
221 2009 287 2044 Sic
311 2010 410 2044 Crat.
444 2010 542 2046 Vict.
575 2010 702 2044 Lamb.
737 2010 872 2044 Graev.
903 2011 992 2046 Ern.
1026 2011 1114 2046 Sch.
1146 2013 1239 2046 Liin.
1274 2024 1297 2046 a
1329 2011 1434 2047 omis.
1468 2013 1565 2047 Cett.

105 2057 181 2091 ΟΒ.
207 2075 251 2081 -
297 2058 488 2099 sentimus,
521 2056 593 2090 wir
618 2063 693 2090 erst
718 2057 942 2100 gewahren,
973 2059 1259 2100 wahrnehmen,
1292 2058 1466 2093 schatzen
1492 2059 1568 2092 ler-

103 2113 187 2137 nen.
214 2121 258 2127 -
298 2107 373 2136 tota
394 2104 529 2146 cogit„
555 2114 620 2136 aus
645 2113 783 2147 ganzer
809 2103 934 2145 Seele,
961 2115 1034 2137 von
1058 2115 1212 2145 ganzem
1239 2105 1398 2138 Herzen.
1420 2125 1464 2130 —
1493 2105 1569 2138 nisi

104 2150 190 2182 bene
212 2150 359 2191 firmum
382 2162 428 2183 =
451 2149 522 2183 nisi
549 2150 643 2183 bene
670 2150 796 2183 firmus
822 2149 883 2183 εἰς.
907 2150 1140 2197 Brachylog.
1167 2169 1210 2175 —
1259 2152 1468 2196 erplorate,
1501 2151 1569 2184 mit

104 2195 303 2235 Vorsicht,
329 2196 618 2240 circumspecte,
645 2196 784 2229 habens
810 2207 938 2229 navem
964 2197 1155 2239 idoneam,
1189 2197 1343 2232 comites
1368 2203 1406 2231 et
1430 2198 1569 2242 guber-

104 2248 270 2274 natorem
294 2253 368 2276 non
393 2242 502 2276 nimis
527 2242 772 2276 festinantem.
822 2241 858 2276 S.
885 2253 945 2287 ep.
966 2243 1233 2287 CCLXXXV,
1257 2245 1292 2279 2.

193 2288 226 2320 2.
253 2288 395 2332 frigus,
420 2289 630 2332 Erkaltung
667 2307 711 2312 —
758 2288 905 2331 infirma
930 2289 1148 2333 valetudine,
1173 2301 1285 2332 quum
1313 2290 1568 2323 conflictamur

103 2344 185 2367 cum
218 2333 374 2368 adversa
411 2334 643 2375 valetudine,
683 2334 745 2368 bei
786 2335 1005 2368 schwacher
1041 2336 1286 2371 Gesundheit.
1336 2336 1375 2371 S.
1415 2336 1566 2370 Ramsh.

102 2381 133 2423 ᾖ.
152 2381 236 2422 171,
262 2380 333 2423 ΙΙΙ,
357 2381 398 2422 2,
425 2381 458 2414 b.
485 2381 558 2414 und
584 2382 661 2415 172.
688 2400 732 2405 —
780 2382 901 2414 abesse
926 2382 970 2414 (ιό
996 2382 1060 2416 ini.
1087 2386 1190 2427 temp.
1207 2409 1218 2426 ‚
1243 2382 1375 2418 Niclns
1400 2393 1471 2415 von
1499 2381 1568 2415 der

103 2426 265 2469 Strenge
289 2426 356 2459 der
381 2427 597 2470 VVitterung
613 2438 658 2461 zu
676 2426 812 2461 leiden.
840 2446 885 2452 —
936 2428 1085 2471 Ψύχος
1109 2444 1141 2464 κ.
1169 2443 1197 2463 τ.
1226 2431 1258 2463 λ.
1285 2428 1464 2463 senarius
1489 2428 1566 2461 Eu-

103 2471 238 2516 ripidis
264 2483 312 2505 ex
337 2472 534 2516 deperdita
558 2473 768 2516 tragoedia:
796 2474 934 2515 Frigus
959 2478 1010 2507 est
1036 2474 1174 2508 homini
1199 2475 1392 2508 tenerioris
1416 2484 1566 2517 corpus-

103 2519 179 2551 culi
203 2518 517 2561 inimicissimwn,
556 2519 680 2562 „denn
706 2520 804 2554 Kiilt'
838 2520 886 2554 ist
917 2528 1041 2554 zai-ter
1065 2522 1206 2555 Leiber
1238 2523 1383 2565 iirgster
1413 2520 1567 2554 Feind.’‘

108 2564 258 2598 WIEL.
286 2583 324 2588 —
373 2565 560 2606 singula-2·
578 2566 655 2599 eius
671 2566 889 2601 testimonia.
940 2567 1022 2600 Hoc
1042 2575 1268 2612 corruptum.
1306 2568 1404 2601 Puto
1431 2565 1564 2601 fuisse:

34 2618 39 2632 ¹
102 2611 252 2652 singula
278 2614 447 2654 σοφίας
480 2611 697 2644 testimonia.
741 2613 857 2647 Omis.
894 2613 971 2646 eius
1002 2613 1155 2647 Ersord.
1191 2614 1289 2647 Crat.
1324 2612 1451 2646 Lamb.
1478 2611 1564 2647 Seh.

102 2656 196 2690 Lun.
226 2657 420 2690 ORELLI.
447 2656 606 2691 Secund.
634 2658 812 2693 Quinctil.
840 2660 890 2700 X,
920 2662 950 2693 1.
979 2662 1094 2704 σοφὸς
1118 2661 1334 2703 Σοφοκλῆς,
1361 2658 1565 2706 σοφώτερος

41 2750 42 2753 ¹
103 2703 310 2751 Εἰριῑιίόης»
339 2703 579 2749 υοφοὶιαιοςὸ
603 2704 804 2751 Σωκράτης,
855 2706 1056 2740 Oraculum
1083 2704 1274 2750 Apollinis
1299 2710 1365 2739 est.
1413 2705 1563 2748 singula
