1795 3043
504 33 818 82 EPISTOLA
854 32 1102 79 CCXXIII.
1419 40 1519 87 105

76 159 230 200 ponam
254 149 295 188 et
313 147 431 189 illam
457 146 644 188 fabulam
664 158 843 197 narrem,
868 143 1216 196 quemadmodum
1239 144 1318 187 tibi
1345 158 1421 198 pro
1449 146 1519 187 be-

77 204 229 245 neficio
259 205 435 257 dederit,
462 205 497 244 si
524 204 635 255 quod
659 203 827 243 iniuriis
853 202 939 242 suis
960 204 1082 253 esset,
1104 204 1150 242 ut
1168 203 1381 243 Vestorius
1406 205 1521 244 tene-

78 264 155 302 ret.
215 263 334 302 Haec
364 274 529 313 quoque
559 273 707 313 magna
736 271 848 299 nunc
887 259 1102 298 contentio
1131 261 1267 299 forum
1295 261 1423 300 tenet.
1453 261 1513 300 M.
1538 258 1568 297 2

79 319 298 371 Servilius,
326 321 555 371 postquam,
585 320 630 356 ut
660 318 869 369 coeperat,
899 315 1090 355 omnibus
1117 315 1160 355 in
1179 316 1305 356 rebus
1327 317 1521 358 turbarat

78 388 180 426 nec,
222 377 333 427 quod
370 388 454 415 non
496 374 719 425 venderet,
756 373 980 424 quicquam
1028 373 1260 422 reliquerat
1298 375 1521 415 maximae-

80 445 163 484 que
192 434 312 473 nobis
340 432 517 472 traditus
548 433 638 471 erat
666 430 870 470 invidiae:
901 441 1039 480 neque
1069 429 1306 470 Laterensis
1334 433 1520 482 praetor,

81 491 319 542 postulante
347 488 568 540 Pausania,
596 486 717 527 nobis
748 487 957 539 patronis,
989 488 1107 535 QUO
1137 487 1222 526 ΕΑ
1251 487 1521 528 PECUMA

81 578 189 611 st01ii
223 589 370 620 quoque
406 577 632 610 mentionem
666 576 815 618 laciam,
853 576 936 608 dass
969 576 1030 609 ich
1065 586 1176 618 sogar
1217 577 1345 610 seinen
1375 579 1524 612 Handel

81 623 147 656 mit
176 624 373 658 Vestorius
404 623 644 656 herbeiziehe
683 622 757 655 und
803 622 867 655 das
906 623 1062 655 saubere
1095 622 1320 656 Historchen
1359 625 1523 668 erzahle,

83 669 156 703 wie
187 671 316 703 albern
348 669 422 703 und
453 670 543 704 eitel
573 681 614 703 er
644 668 722 703 sich
755 667 816 702 bei
850 668 929 702 dies
915 679 974 701 er
999 668 1246 711 Gelegenheit
1277 681 1397 714 gegen
1423 671 1525 704 Dich

82 717 292 759 aufgel'uhit
331 716 438 749 habe.
502 715 540 750 S.
581 727 640 760 ep.
673 715 872 756 CXXXV,
904 715 938 748 2.
992 715 1046 748 Es
1083 715 1241 748 eibellet
1280 727 1344 750 aus
1383 717 1524 751 diesem

80 760 218 801 Bdese,
245 762 327 795 dass
352 762 485 796 Cicero
510 772 591 795 zum
618 760 915 795 Schiedsiichter
939 760 975 794 in
1003 761 1141 794 diesem
1166 762 1311 796 Handel
1335 764 1525 797 zwischen

83 807 322 853 Sempronius
356 819 393 843 u.
427 808 627 843 Vestorius
660 809 817 841 erwahlt
851 818 948 849 war3
983 807 1065 840 dass
1098 807 1201 840 ieuer
1232 809 1322 842 aber
1352 819 1433 843 zum
1460 809 1524 844 Ci-

81 866 168 888 cero
193 855 294 888 nicht
318 855 417 888 hatte
442 854 627 898 hingellen
651 855 803 893 wollen,
829 853 940 888 damit
964 854 1030 887 der
1049 853 1166 887 Streit
1190 853 1292 887 nicht
1315 856 1525 898 geschlich-

82 906 137 935 tet
167 901 309 935 xviirde.
367 901 573 937 Vielleicht
609 902 709 934 hatte
751 901 831 935 sich
872 910 945 932 nun
982 899 1224 943 Sempronius
1254 903 1419 936 nacliher
1458 914 1526 946 ge-

83 947 221 980 riihmt:
250 959 290 981 er
315 948 429 981 wolle
455 948 536 981 dem
563 947 695 981 Cicero
727 957 772 980 zu
800 946 971 981 Gefallen
1006 946 1066 978 die
1093 945 1212 980 Sache
1243 949 1424 991 aufgeben
1451 948 1526 982 und

83 993 164 1026 dem
190 993 386 1029 Vestorius
417 993 475 1027 ein
503 994 699 1027 Geschenk
729 993 794 1026 mit
818 994 915 1027 Dem
940 992 1111 1031 macheu,
1137 1003 1215 1026 was
1240 993 1366 1027 dieser
1390 1006 1431 1028 so
1458 1005 1526 1028 un-

83 1041 279 1084 gerechter
318 1040 446 1073 Weise
485 1041 643 1074 besiisse.
693 1040 818 1073 Ueber
857 1039 960 1072 diese
999 1038 1182 1071 Eitelkeit
1223 1039 1288 1073 des
1321 1041 1525 1074 Menschen

84 1087 260 1129 spottelte
285 1097 357 1118 nun
383 1086 522 1129 Cellius,
548 1086 621 1119 wie
636 1097 676 1119 er
696 1092 789 1129 sagr,
815 1086 852 1119 in
878 1085 1002 1119 seiuer
1026 1085 1144 1119 Rode.
1172 1085 1240 1127 „In
1262 1086 1346 1119 loco
1365 1088 1526 1121 obscuro

85 1132 264 1175 integram
299 1132 384 1165 dedi
419 1133 504 1166 lect.
535 1132 633 1173 Md„
667 1132 731 1175 qui
768 1132 880 1165 habet
913 1131 1018 1175 quod.
1081 1130 1158 1165 Sed
1188 1132 1221 1164 sz·
1253 1133 1341 1176 quid
1372 1134 1527 1167 iniuriis

85 1178 160 1212 sais
184 1182 286 1221 esset,
310 1183 348 1211 ut
377 1178 474 1213 Vest.
501 1183 680 1212 teneretur
706 1178 802 1214 Vict.
828 1180 860 1211 l.
898 1177 1031 1211 GraeV.
1057 1177 1148 1210 Eru.
1177 1178 1240 1212 cfr.
1277 1179 1400 1213 Rostii
1425 1179 1526 1224 spec.

86 1226 118 1259 l.
141 1236 177 1267 p.
204 1226 257 1258 14.
297 1225 330 1257 si
366 1227 453 1268 quid
477 1226 572 1258 iuris
595 1225 654 1258 sui
677 1229 786 1267 esset,
819 1229 858 1257 ut
886 1224 983 1258 Vest.
1016 1227 1160 1257 teneret.
1197 1224 1296 1259 Vict.
1321 1226 1354 1261 2.
1403 1225 1528 1269 (Haud

73 1271 216 1312 ‘male!)
244 1271 405 1312 itemque
429 1272 575 1312 Lamb..
607 1270 671 1304 sed
698 1271 807 1303 mire:
840 1271 874 1303 sc*
898 1270 959 1313 qui
983 1269 1021 1302 in
1047 1270 1142 1302 iaris
1172 1270 1243 1304 sui.
1271 1270 1316 1304 de
1343 1271 1527 1306 Gronovii

89 1316 184 1350 coni.
212 1317 303 1350 Lall.
331 1317 363 1349 si
387 1317 472 1359 quid
496 1317 535 1349 in
563 1317 712 1349 Thuriis
736 1317 813 1349 suis
845 1318 980 1360 (prope
1006 1314 1182 1360 Sybarin)
1222 1321 1333 1359 esset,
1359 1322 1398 1350 ut
1426 1318 1526 1352 Vest.

89 1366 233 1396 teneret.
265 1362 404 1396 Bened.
439 1363 471 1395 si
502 1363 588 1406 quid
618 1363 771 1395 iniuriis
800 1363 877 1395 suis
909 1365 1020 1403 esset,
1054 1362 1146 1403 quod
1181 1361 1224 1396 V.
1250 1367 1397 1399 teneret.
1438 1364 1526 1400 Sch.

87 1408 178 1442 Lsm.
205 1409 355 1452 deflerit,
382 1409 475 1452 quod
498 1409 650 1441 iniuriis
673 1409 750 1441 suis
778 1408 822 1442 V.
848 1411 992 1441 teneret.
1028 1407 1223 1441 ORELLI.

175 1455 208 1488 2.
256 1455 418 1488 Haec...
455 1456 631 1489 contentio
663 1456 688 1496 f.
714 1458 825 1496 tenet,
859 1455 951 1487 auch
974 1453 1171 1496 folgender
1195 1464 1347 1497 grosser
1370 1455 1529 1490 Rechts-

88 1500 224 1534 handel
248 1502 367 1534 macht
392 1500 472 1534 dem
500 1501 675 1534 Gericbte
700 1501 802 1533 nicht
826 1500 951 1543 wenig
976 1510 1021 1532 zu
1047 1500 1223 1534 schaffen.
1249 1520 1294 1526 —
1317 1502 1376 1535 M.
1402 1502 1530 1535 Servi-

88 1547 178 1586 lius,
212 1546 294 1580 eine
325 1547 392 1579 der
417 1546 639 1580 Geschichte
663 1552 766 1580 sonst
795 1546 1030 1579 unbekannte
1054 1546 1200 1580 Person
1232 1557 1296 1580 aus
1321 1548 1403 1581 dem
1429 1549 1530 1582 alten

89 1593 334 1626 Geschlechte
364 1593 431 1626 der
456 1592 638 1627 Servilier
665 1592 702 1625 in
727 1593 835 1626 Rom.
897 1592 982 1627 Von
1009 1592 1184 1626 Metellus
1209 1593 1320 1626 Celer
1345 1595 1451 1628 ward
1475 1596 1529 1630 M.

89 1638 270 1674 Servilius
303 1639 499 1681 Geminus,
532 1639 619 1672 trib.
653 1639 750 1682 pleb.
786 1639 875 1679 694,
908 1638 954 1671 de
986 1644 1104 1682 repet.
1138 1639 1352 1683 angeklagt.
1409 1640 1449 1675 S.
1483 1641 1530 1674 ad

89 1685 203 1720 Attic.
230 1685 298 1727 VI,
323 1687 356 1719 3.
385 1685 605 1728 (CCLXIV,
634 1686 704 1726 10.)
735 1704 780 1710 -—
804 1685 984 1727 turbarat,
1011 1684 1093 1717 eine
1119 1685 1205 1718 sehr
1231 1686 1529 1728 unordentliche,

87 1731 478 1765 verschwenderische
502 1731 749 1765 VVirthschaft
772 1732 923 1774 gel'u11rt
946 1731 1059 1765 hatte.
1109 1730 1161 1765 So
1186 1731 1231 1764 ad
1257 1732 1369 1766 Attic.
1397 1733 1470 1775 IV,
1497 1735 1529 1767 7.

91 1778 212 1822 (CX);
234 1784 323 1812 orat.
350 1789 418 1822 pro
443 1777 597 1811 Plancio
624 1788 653 1811 c.
679 1778 734 1811 23.
764 1797 803 1802 —
830 1789 930 1811 nec...
955 1777 1075 1820 reliq„
1111 1777 1184 1810 uud
1208 1778 1340 1811 Melus
1366 1789 1531 1822 unange-

89 1830 201 1857 tastet
224 1824 390 1867 gelassen
417 1824 537 1863 hatte,
563 1834 605 1857 so
632 1823 714 1857 dass
740 1834 781 1856 er
806 1834 844 1857 es
869 1823 971 1856 nicht
996 1834 1040 1856 au
1066 1823 1199 1866 irgend
1224 1824 1420 1858 Iemanden
1446 1837 1531 1858 ver-

54 1889 57 1893 —
89 1868 226 1903 kaulte.
274 1871 348 1904 Fur
373 1869 475 1903 seine
495 1868 700 1915 Glaubiger
724 1880 803 1903 war
828 1870 905 1903 also
922 1870 1051 1903 Nichts
1078 1869 1188 1913 iibrig
1211 1871 1425 1914 geblieben.
1452 1872 1531 1905 cui-

91 1926 198 1959 quam
227 1927 273 1949 ·-·-
310 1917 502 1960 quoiquam
541 1916 619 1949 Md.
659 1915 758 1951 Vict.
793 1916 828 1949 2.
878 1917 1012 1950 Graev.
1050 1916 1191 1949 Bened.
1247 1917 1417 1950 Distinxi
1448 1929 1531 1950 cum

91 1962 199 1997 Vict.
225 1962 257 1996 2.
312 1962 456 1996 Ceteri:
490 1962 675 2005 venderet,
707 1962 882 2005 cuiquam.
916 1962 1043 1995 Lamb.
1076 1961 1163 1996 Sch.
1196 1963 1289 1996 Liiu.
1323 1964 1527 2016 quidquam.

92 2008 193 2042 Crat.
219 2018 261 2040 ne
285 2009 378 2060 qnod
402 2020 472 2041 non
496 2009 626 2041 vender
629 2012 661 2040 et
686 2009 852 2051 cuiquam
875 2009 1107 2051 relinquevet.
1137 2009 1332 2043 ORELLI.
1358 2028 1402 2035 —
1433 2010 1530 2043 imi-

90 2054 186 2093 diae,
212 2054 285 2087 und
309 2055 378 2088 mir
403 2055 474 2088 des.
471 2066 533 2087 seu
558 2055 593 2089 ἶ
597 2054 860 2098 eitheidigung
893 2065 1011 2098 gegen
1048 2054 1175 2088 seinen
1202 2055 1409 2099 Glaubiger
1431 2057 1531 2090 Pau-

90 2099 210 2137 sanias
234 2110 279 2133 zu
304 2101 444 2134 meiner
467 2104 637 2144 giossten
662 2101 697 2135 V
701 2101 998 2144 erunglimpfung
1024 2101 1247 2144 iibe1tragen
1272 2103 1530 2144 wa1.‚,Denn

92 2146 209 2180 selbst
234 2147 300 2180 der
323 2148 459 2181 Prator
467 2129 567 2180 ”nass
573 2154 607 2179 te
633 2146 703 2180 den
729 2146 824 2181 Vers
829 2148 909 2180 chw
915 2147 1040 2180 ender.
1089 2146 1153 2180 Sic
1178 2147 1325 2191 scripsi,
1358 2154 1397 2181 ut
1428 2149 1531 2181 vole-

94 2192 158 2225 bat
192 2192 384 2227 Graevius.
426 2194 650 2236 maximeque
690 2203 724 2226 11.
757 2196 803 2226 tr.
836 2204 865 2227 e.
900 2192 1063 2226 affut-ideae
1101 2193 1179 2227 Md.
1216 2194 1315 2228 Ciat.
1356 2194 1460 2229 Vict.
1496 2196 1529 2228 1.

96 2238 231 2272 Graev.
256 2239 343 2273 Ern.
375 2239 516 2272 Bened.
548 2239 709 2272 maxima
733 2250 766 2273 n.
792 2243 839 2273 tr.
865 2249 894 2272 e.
928 2239 1071 2271 zuoc'dz'a
1099 2239 1200 2274 Vict.
1224 2240 1258 2273 2.
1289 2240 1416 2276 Lamb.
1443 2240 1530 2274 Sch.

94 2283 188 2317 Liin.
236 2284 319 2318 Non
346 2292 418 2327 est,
451 2296 517 2318 cur
550 2287 763 2318 haeleamus
790 2284 826 2318 in
861 2284 1001 2329 duplici
1026 2284 1170 2319 dativo:
1205 2286 1397 2325 „traditus
1425 2286 1531 2319 nobis

96 2336 176 2362 eiat
200 2328 264 2371 ita,
292 2336 330 2363 ut
354 2331 511 2364 maxima
541 2331 649 2364 nobis
684 2330 823 2364 imidia
855 2331 1126 2365 conciliaretur
1133 2333 1156 2350 “
1204 2310 1279 2366 Sed
1304 2333 1386 2366 adv,
1412 2333 1532 2365 maxi-

94 2385 217 2418 meque
241 2376 275 2409 h.
295 2376 318 2410 l.
345 2376 436 2410 nihil
462 2388 499 2410 es
505 2382 529 2411 t.
557 2377 752 2411 ORELLI.
778 2396 823 2401 —-—
846 2377 1056 2410 Lateoeensz's
1076 2382 1239 2421 pineum-7
1266 2378 1325 2411 bei
1351 2379 1531 2411 welchem

95 2421 315 2463 Pausanias,
347 2422 405 2455 ein
432 2422 591 2456 Grieche
623 2424 696 2456 und
721 2422 941 2457 Romischer
963 2423 1110 2466 Burger
1137 2425 1210 2457 und
1244 2424 1390 2457 reicher
1416 2424 1531 2458 Geld-

95 2467 256 2509 mames,
288 2468 390 2501 einer
414 2468 481 2501 der
505 2469 688 2502 starksten
715 2469 920 2512 Glaubiger
945 2469 1009 2502 des
1035 2469 1236 2511 Servilius,
1263 2470 1365 2503 seine
1389 2470 1532 2504 Forde-

97 2524 191 2556 rung
216 2513 398 2557 anhangig
429 2516 595 2557 gemacht
628 2515 735 2549 hatte.
785 2515 896 2559 Apud
921 2515 1180 2556 Laterensem,
1206 2516 1264 2549 cui
1291 2516 1459 2558 quaestio
1485 2516 1533 2549 de

94 2559 268 2638 peculatu
295 2559 479 2602 obtigerat
504 2561 564 2603 (cf.
587 2561 699 2604 Pigh.
729 2561 766 2595 in
790 2561 925 2596 Annal.
949 2561 994 2594 ad
1021 2564 1116 2594 Anu.
1144 2562 1209 2596 702
1235 2562 1315 2604 [3]),
1348 2562 1394 2595 de
1418 2573 1532 2607 pecu-

114 2612 173 2639 atu
199 2605 381 2639 Servilius
407 2613 595 2640 accusatus
620 2613 675 2640 est
699 2618 720 2640 a
742 2607 939 2642 Pausania.
964 2607 1071 2641 SCH.
1106 2608 1158 2641 M.
1185 2608 1394 2642 Lateverzsis
1425 2619 1445 2641 e
1470 2609 1533 2642 Iu-

96 2651 250 2686 venciis.
299 2651 339 2686 S.
371 2653 417 2687 ad
449 2653 562 2687 Attio.
593 2653 643 2693 ΙΙ,
676 2655 730 2687 17.
764 2654 855 2694 XII,
888 2655 942 2687 17.
976 2654 1102 2687 Plane.
1128 2655 1162 2686 l.
1195 2654 1240 2686 ad
1265 2654 1364 2688 Fam.
1399 2654 1449 2695 Χ,
1473 2655 1530 2689 21.

95 2697 153 2732 23.
179 2697 302 2733 vatin.
336 2699 388 2731 u.
437 2697 543 2732 Noeh
567 2697 663 2732 wird
691 2699 751 2734 ein
776 2699 981 2733 Pausanias
1013 2698 1283 2734 Alabandensis
1321 2701 1366 2734 ad
1400 2700 1529 2735 Fanni.
