1795 3043
201 96 317 154 '354
473 100 538 146 M.
576 99 630 144 T.
679 95 1022 143 olcnRonls
1055 65 1435 145 EPISTOLAE.

217 214 317 256 ludo
358 224 430 254 mo
469 211 666 252 fuerunt:
725 210 988 262 eruptionem
1045 210 1203 251 facturi
1248 210 1378 251 fuisse
1425 210 1688 252 dicebantur.

167 274 195 314 3
219 273 330 313 Sane
359 270 538 311 multum
569 268 614 307 in
646 279 695 308 eo
725 269 789 309 rci
817 267 1016 321 publicae
1045 267 1261 320 provisum
1291 269 1366 308 est.
1434 268 1499 308 De
1542 269 1689 309 mulie-

216 330 336 370 ribus
364 327 538 377 nostris,
578 326 622 364 in
663 325 817 378 quibus
856 327 919 365 est
962 327 1036 364 tua
1065 337 1204 374 soror,
1244 337 1403 377 quaeso
1432 324 1598 378 videas,
1640 326 1690 365 ut

217 387 318 426 satis
348 384 571 424 honestum
599 381 722 423 nobis
750 383 805 423 sit
835 395 905 423 eas
935 382 1093 422 Romae
1123 394 1227 435 esse,
1257 395 1385 434 quum
1414 384 1583 423 ceterae
1610 383 1690 422 illa

219 441 422 495 dignitate
457 440 744 481 discesserint.
811 440 907 480 Hoc
948 439 1100 492 scripsi
1141 440 1194 479 ad
1224 451 1293 479 eas
1324 441 1367 478 et
1397 439 1450 479 ad
1479 440 1521 479 te
1549 440 1689 492 ipsum

219 501 354 540 antea.
412 498 554 538 Velim
583 509 652 538 eas
689 497 938 544 cohortere,
981 498 1028 536 ut
1059 498 1230 538 exeant:
1267 496 1518 548 praesertim
1561 509 1690 547 quum

219 570 269 596 ea
309 554 482 607 praedia
523 554 569 594 in
611 567 686 594 ora
720 555 938 594 maritima
973 553 1223 606 habeamus,
1263 554 1333 594 cui
1373 565 1449 606 ego
1478 565 1690 606 praesum,

219 615 268 654 ut
295 614 341 653 in
371 613 426 653 iis
455 624 533 664 pro
563 624 610 650 re
640 613 739 650 nata
766 623 852 650 non
881 610 1147 651 incommode
1175 611 1336 662 possint
1365 622 1468 650 csse.
1528 610 1634 651 Nam
1654 609 1692 650 si

219 670 322 722 quid
350 668 615 720 offendimus,
644 669 688 707 in
722 679 878 720 genero
899 669 1044 708 nostro
1062 690 1120 698 -—
1141 667 1253 719 quod
1282 667 1453 719 quidem
1471 680 1548 721 ego
1570 679 1692 720 prae-

219 729 332 768 stare
361 739 447 767 non
477 725 609 766 debeo
638 748 697 754 --
725 725 799 764 sed
828 724 871 764 id
899 723 948 764 fit
977 724 1124 776 maius,
1154 725 1267 776 quod
1296 725 1496 765 mulieres
1520 726 1693 765 nostrae

218 786 391 838 praeter
420 785 583 823 ceteras
614 782 772 822 Romae
800 783 1109 824 remanserunt.
1176 783 1241 822 Tu
1278 782 1370 835 ipse
1411 794 1508 823 cum
1546 782 1691 832 Sexto,

219 843 330 882 scire
376 841 524 891 velim,
564 839 666 890 quid
707 837 866 892 cogites
906 838 958 878 de
987 838 1178 878 exeundo
1219 838 1271 878 de
1309 840 1482 891 totaque
1512 851 1559 879 re
1590 838 1695 890 quid

218 898 446 940 existimes.
515 896 725 948 Equidem
754 908 906 948 pacem
936 896 1100 936 hortari
1138 907 1224 934 non
1263 895 1428 936 desino:
1476 908 1584 948 quae
1623 895 1693 937 vel

217 1022 309 1057 Ern.
333 1021 421 1056 Sch.
447 1025 652 1054 seculorum
676 1019 824 1056 Victor.
850 1019 947 1054 coni.
967 1019 1097 1055 Lamb.
1123 1020 1212 1054 Bos.
1235 1019 1373 1055 Graev.
1423 1019 1499 1055 Sed
1524 1026 1599 1054 tum
1624 1030 1695 1053 nu-

217 1067 502 1102 merusnimius
527 1073 598 1101 est.
646 1067 785 1101 Mirum
811 1072 931 1100 tamen
957 1066 1081 1100 videri
1106 1072 1232 1112 potest
1256 1077 1359 1100 arma
1381 1066 1593 1110 dumtaxat,
1618 1077 1693 1100 non

216 1115 294 1149 tela
310 1113 605 1148 commemorari.
655 1114 796 1157 Confer
813 1119 946 1146 contra
960 1113 1098 1146 Milon.
1126 1115 1154 1157 §.
1175 1114 1232 1148 64.
1251 1117 1448 1157 scutorum,
1460 1114 1692 1156 gladiorum,

214 1172 411 1206 sparorum
431 1161 664 1204 pilorumque
688 1160 800 1194 etiam
823 1160 1018 1193 multitudo
1044 1164 1116 1193 cet.
1166 1159 1241 1193 Sed
1272 1171 1383 1193 unum
1410 1166 1549 1194 tantum
1573 1170 1693 1204 genus

217 1206 541 1250 commemoravit,
585 1213 626 1240 ut
670 1206 717 1240 de
756 1205 989 1249 reliquorum
1032 1205 1270 1239 multitudine
1316 1206 1533 1240 coniectura
1569 1206 1693 1239 fieret.

218 1253 419 1287 ORELLI.
458 1253 649 1287 Secutores
680 1263 715 1286 u.
749 1252 993 1285 mimallones
1015 1262 1139 1285 waren
1166 1252 1229 1285 die
1253 1252 1418 1297 Gattung
1442 1264 1514 1287 von
1540 1252 1693 1287 Gladia-

216 1306 340 1343 tores,
366 1299 512 1333 welche
537 1299 603 1332 mit
626 1298 756 1341 Helm,
791 1297 922 1332 Schild
947 1297 1021 1330 und
1048 1297 1223 1332 Schwert
1254 1298 1456 1332 bewaffnet
1482 1309 1604 1343 gegen
1632 1298 1694 1332 die

215 1345 380 1380 Retiarii
416 1345 563 1378 fechten
602 1344 677 1377 und
712 1343 769 1377 sie
801 1344 997 1387 verfolgen
1030 1350 1216 1385 mussten‚
1248 1343 1310 1377 die
1337 1339 1397 1377 eih
1422 1356 1573 1389 grosses
1597 1345 1694 1379 Netz

216 1392 291 1426 und
319 1391 404 1425 eine
429 1390 673 1434 dreizackige
697 1390 818 1424 Gabel
844 1400 927 1423 zum
952 1390 1106 1434 Angriff
1125 1390 1296 1430 siihrten,
1330 1401 1389 1424 um
1415 1391 1477 1425 die
1501 1398 1694 1425 secutores

216 1439 255 1473 in
283 1438 348 1472 das
373 1438 487 1471 ihnen
513 1438 606 1471 iiber
631 1437 702 1470 den
721 1436 828 1480 Kopf
847 1437 1065 1479 geworfene
1082 1437 1178 1470 Netz
1204 1447 1251 1471 zu
1276 1438 1512 1472 vei-strichen
1538 1437 1612 1471 und
1637 1437 1694 1470 ih-

216 1495 289 1519 nen
316 1484 412 1518 daun
438 1483 511 1518 den
535 1483 726 1517 Dreizack
745 1483 781 1516 in
799 1482 870 1516 den
888 1482 983 1516 Leib
1009 1493 1053 1517 zu
1071 1489 1230 1517 stossen.
1246 1479 1253 1490 ¹
1280 1482 1319 1518 S,
1348 1482 1501 1518 Sueton.
1531 1483 1692 1528 Caligul-

217 1542 249 1565 c.
270 1533 327 1566 30.
356 1531 524 1564 Iuvenal.
548 1530 669 1572 VIII,
693 1530 773 1563 210.
832 1528 909 1562 Die
941 1529 1064 1564 Sache
1098 1530 1218 1563 selbst
1252 1530 1396 1563 erziihlt
1429 1531 1543 1564 Ciisar
1574 1531 1620 1564 de
1644 1529 1692 1564 B.

217 1577 297 1612 Civ.
319 1579 357 1616 l,
384 1577 439 1610 14.
467 1576 662 1610 scutorum
686 1587 757 1619 pro
782 1579 1019 1610 scutatorum.
1068 1576 1195 1609 Abstr.
1222 1585 1292 1619 pro
1312 1577 1512 1611 Concreto.
1539 1596 1583 1601 —
1607 1577 1692 1614 100

218 1623 283 1658 Sic
308 1622 386 1657 Md.
404 1622 470 1657 Cd.
492 1622 633 1656 decurt.
661 1621 821 1655 Crusell.
846 1620 963 1664 Seqq.
993 1623 1087 1658 Clo.
1116 1622 1184 1656 Cd.
1211 1622 1393 1656 Tornaes.
1420 1624 1506 1657 Asc.
1532 1625 1563 1657 l.
1591 1624 1691 1657 Crat.

217 1688 263 1696 -
287 1669 327 1703 in
351 1669 460 1712 ludo,
488 1668 526 1701 in
553 1668 622 1701 der
646 1667 948 1701 Fechterschule.
975 1687 1021 1692 —
1068 1668 1227 1710 facturi,
1267 1669 1359 1702 Cod.
1386 1669 1470 1702 Urs.
1501 1669 1602 1704 Crat.
1637 1669 1693 1703 bis

216 1720 333 1760 erztpt.
361 1716 428 1749 Cd.
455 1714 616 1758 Longol.
643 1725 724 1748 cum
748 1714 798 1747 iis
821 1718 936 1757 erupi.
963 1733 1007 1739 —
1052 1715 1256 1758 provisam.
1284 1715 1363 1750 Md.
1386 1717 1582 1759 prefixum.
1631 1717 1691 1749 An

217 1763 290 1796 hoc
316 1767 438 1795 ortum
465 1772 531 1795 ex:
563 1761 796 1805 profectum?
845 1759 919 1794 ΟΕ.

306 1810 342 1843 3.
368 1819 502 1851 soror,
531 1807 660 1843 Quinti
685 1806 880 1841 Ciceronis
906 1816 1014 1840 uxor.
1066 1805 1103 1839 S.
1131 1815 1198 1839 zur
1224 1806 1345 1840 Sache
1371 1817 1430 1851 ep.
1449 1807 1634 1851 CCCVII,
1660 1809 1691 1842 7.

217 1854 391 1897 CCCVI,
418 1856 452 1888 1.
486 1854 639 1897 CCCV,
665 1854 699 1888 6.
725 1872 770 1878 -
817 1853 900 1885 illa.
935 1852 1000 1886 Sic
1031 1852 1108 1887 Md.
1137 1863 1158 1886 a
1183 1863 1257 1886 sec.
1295 1863 1389 1887 man.
1417 1854 1541 1888 Oxon.
1562 1856 1593 1888 l.
1627 1853 1692 1888 fir-

215 1907 357 1935 mantes
383 1900 470 1934 Sch.
497 1900 760 1934 coniecturam.
795 1899 858 1932 illi
881 1898 959 1932 Md.
985 1909 1006 1931 a
1031 1910 1086 1942 pr.
1113 1909 1204 1933 man.
1232 1900 1310 1932 ulla
1336 1905 1421 1933 cett.
1452 1900 1525 1934 OR.
1553 1919 1598 1926 —
1630 1911 1691 1934 ex-

217 1951 300 1979 eant
326 1958 374 1980 ex
400 1947 563 1980 urbffi—
586 1946 701 1980 iniis.
735 1945 801 1980 Sic
826 1944 973 1990 scripsi.
989 1944 1046 1978 his
1061 1945 1152 1979 Cett.
1177 1945 1250 1980 ΟΒ.
1270 1965 1314 1971 -
1334 1956 1463 1990 prore
1480 1950 1580 1989 nata,
1599 1947 1690 1980 nach

216 1993 480 2027 Erforderniss
505 1992 573 2026 der
599 1992 811 2026 Umstande.
863 1991 914 2025 So
942 2002 1001 2035 ep.
1025 1991 1239 2033 CCXCIX,
1266 1993 1298 2025 2.
1325 2011 1368 2016 —
1416 1992 1515 2026 Nam
1541 1993 1690 2026 bezieht

215 2039 297 2073 sich
323 2040 389 2073 auf
409 2044 447 2072 ue
472 2043 612 2073 exeant.
639 2056 683 2064 -—
730 2038 763 2071 si
789 2038 876 2082 quid
901 2038 1028 2080 offend.
1054 2038 1094 2070 in
1117 2048 1254 2080 genero
1286 2043 1429 2081 nostro,
1472 2038 1688 2082 Dolabella,

217 2086 455 2120 Caesariano.
481 2085 571 2121 Vid.
600 2097 658 2130 ep.
684 2084 852 2128 CCCVI,
871 2086 900 2119 1.
940 2084 1136 2126 CCCVII,
1162 2086 1195 2119 3.
1224 2095 1255 2118 u.
1283 2095 1311 2118 s,
1340 2096 1384 2118 w.
1410 2084 1551 2127 ,‚denn‚
1581 2096 1689 2119 wenn

215 2143 256 2166 es
282 2133 397 2166 sehon
422 2132 610 2176 anstiissig
641 2132 709 2175 ist,
748 2131 833 2164 dass
867 2129 965 2164 mein
1002 2129 1319 2173 Schwiegersohn
1357 2131 1424 2163 auf
1450 2130 1518 2163 der
1547 2131 1689 2166 andern

216 2178 345 2212 Partei
363 2178 443 2212 sich
462 2179 638 2213 befindet.
666 2198 710 2203 -
750 2181 954 2221 praestare,
982 2182 1273 2218 verantworten,
1299 2176 1422 2210 wosiir
1439 2183 1688 2212 verantwort-

216 2224 293 2258 lich
307 2225 401 2259 sein.
420 2244 463 2249 -
488 2226 551 2258 secl
566 2225 606 2258 z'sl
624 2227 663 2268 fit
678 2224 808 2265 maius,
825 2235 866 2258 so
884 2223 984 2259 wird
1008 2234 1104 2265 man,
1130 2225 1205 2266 sag'
1230 2223 1289 2256 ich
1305 2249 1315 2265 ‚
1338 2223 1403 2256 das
1424 2233 1484 2256 um
1506 2234 1546 2256 so
1571 2225 1688 2258 iib'ler

217 2271 398 2314 nehmen‚
424 2271 545 2304 iib'ler
569 2272 717 2314 finden,
749 2271 833 2305 dass
860 2282 894 2304 u.
923 2281 950 2304 s.
976 2281 1025 2304 w.
1074 2269 1130 2302 Ea
1155 2270 1313 2303 offensio
1339 2269 1558 2312 augebitur,
1586 2271 1687 2313 quod

195 2314 372 2351 'credent
396 2317 564 2351 homines
597 2318 819 2351 Ciceronem
852 2317 946 2350 clam
980 2326 1062 2350 cum
1094 2316 1253 2349 Caesare
1285 2316 1428 2358 facere,
1468 2315 1556 2360 quia
1590 2327 1688 2350 uxor

217 2362 298 2397 eius
323 2370 360 2398 et
383 2363 462 2397 filia
479 2364 621 2397 Romae
645 2368 828 2407 maneant,
847 2374 959 2407 quum
978 2371 1105 2395 omnes
1126 2361 1223 2395 aliae
1240 2362 1418 2396 honestae
1435 2360 1684 2397 discesserint.

214 2409 332 2444 ERN.
360 2408 425 2445 Sic
450 2409 606 2444 distinxi
633 2421 715 2444 cum
743 2409 861 2452 Vict.,
888 2409 977 2442 item
1002 2419 1083 2441 cum
1103 2407 1201 2442 Crat.
1228 2409 1328 2443 Man.
1345 2408 1491 2451 Lamb„
1519 2409 1582 2450 qui
1609 2415 1686 2443 tres

216 2461 339 2490 tamen
365 2455 471 2491 omis.
498 2457 579 2499 sed,
614 2462 655 2490 ut
685 2467 798 2500 saepe
831 2456 968 2489 factum
1000 2460 1058 2488 est
1087 2460 1172 2497 post
1204 2456 1454 2502 παρευθέσεις.
1485 2454 1682 2489 ORELLI.

179 2542 181 2545 Ι
214 2502 344 2536 Ueber
366 2503 431 2536 sed
453 2503 507 2537 als
526 2502 656 2547 partic.
682 2502 751 2535 der
783 2500 1033 2546 Epanalepsis
1058 2501 1176 2543 vergl.
1201 2500 1350 2535 Ramsh.
1378 2502 1408 2544 ἕ.
1435 2501 1514 2542 206,
1535 2501 1581 2544 B,
1603 2503 1638 2544 6,
1656 2503 1682 2544 ”)

213 2566 258 2573 —-
284 2560 366 2582 cum
388 2549 498 2584 Sexto
521 2549 735 2584 Peducaeo.
783 2548 822 2583 S.
848 2557 894 2580 zu
921 2558 980 2591 ep.
993 2546 1184 2589 CCCVII,
1210 2548 1244 2582 3.
1271 2566 1316 2572 —-
1365 2548 1408 2581 de
1433 2549 1607 2589 exeundo,
1634 2548 1683 2581 ob

212 2594 279 2628 Ihr
304 2596 399 2629 euch
423 2606 489 2630 aus
513 2596 608 2630 Rom
634 2595 828 2628 entfernen
865 2593 958 2626 oder
983 2592 1182 2628 dableiben
1208 2592 1328 2627 wollt.
1356 2612 1400 2618 —
1443 2604 1571 2636 pacem
1596 2592 1682 2626 hor-

210 2641 300 2675 tari.
342 2642 382 2677 S.
417 2643 582 2677 Gronov.
629 2641 675 2675 ad
712 2641 797 2674 Tac.
832 2640 970 2674 Annal.
1004 2639 1063 2683 ΙΙ,
1095 2641 1130 2674 3.
1170 2640 1319 2674 Ramsh.
1351 2641 1379 2684 §.
1402 2641 1489 2683 131,
1537 2639 1624 2673 Not.
1646 2640 1679 2674 2.

207 2686 387 2731 Equidem
408 2690 457 2723 ad
475 2699 604 2733 pacem
627 2688 760 2731 Margo
786 2687 884 2721 Crat.
900 2686 1003 2721 Vict.
1025 2686 1154 2720 Lamb.
1182 2686 1272 2721 Bos.
1298 2686 1434 2721 Giaev.
1463 2685 1537 2720 ΟΕ.
1555 2703 1600 2712 -
1624 2687 1682 2719 vel

205 2732 346 2768 iniusta
368 2745 417 2769 =·.
441 2741 481 2769 ut
505 2735 565 2769 vel
591 2733 729 2769 iniusta
753 2732 824 2776 sit,
853 2743 966 2775 sogal·
990 2742 1100 2766 wenn
1125 2743 1169 2765 er
1195 2733 1400 2777 ungerecht
1425 2732 1485 2767 ist.
1513 2750 1555 2756 —
1606 2732 1681 2765 bel-

197 2778 293 2815 lum.
341 2780 474 2825 Margo
498 2781 576 2817 Md.
603 2781 687 2816 Asc.
715 2786 833 2823 utraq.
860 2779 991 2814 bellum
1016 2779 1053 2812 in
1080 2779 1229 2827 civibus.
1267 2779 1365 2815 Ball.
1393 2779 1551 2815 Helmst.
1579 2779 1611 2813 b.
1637 2779 1678 2813 in
