1795 3043
221 104 321 154 356
487 100 550 147 Μ.
588 100 642 145 Τ.
681 96 1024 146 CICERONIS
1060 98 1436 146 EPISTOLAE.

222 212 472 255 nominatim
501 212 670 252 senatus
700 210 909 262 decrevit,
937 212 984 252 ut
1011 211 1151 252 statim
1180 210 1225 252 in
1251 209 1442 252 Siciliam
1471 209 1554 251 iret
1583 211 1690 253 Fur=

222 273 423 322 sanioque
453 269 720 321 succederet,
749 270 875 321 negat
904 281 949 309 se
978 269 1072 309 sine
1103 268 1259 308 Catone
1289 269 1472 309 iturum:
1501 269 1544 308 et
1574 281 1691 310 suam

222 330 268 369 in
308 328 455 368 senatu
496 338 669 378 operam
713 326 1095 377 auctoritatemque
1135 338 1262 376 quam
1305 325 1446 378 magni
1486 327 1690 366 aestimat.

224 387 290 426 Ita
318 396 385 424 res
414 383 467 424 ad
496 384 703 424 Fannium
732 383 937 434 pervenit.
997 384 1038 424 Is
1079 395 1175 423 cum
1203 382 1383 434 imperio
1421 382 1466 423 in
1497 382 1692 423 Siciliam

175 440 201 479 3
225 441 524 495 praemittitur.
583 441 631 480 In
661 439 1019 492 disputationibus
1047 439 1204 479 nostris
1230 451 1393 479 summa
1410 439 1593 480 varietas
1615 441 1689 479 est.

223 499 423 549 Plerique
452 499 608 550 negant
638 497 859 538 Caesarem
888 497 934 536 in
964 496 1207 537 conditione
1235 508 1507 545 mansurum,
1548 497 1687 548 postu-

223 558 394 606 lataque
424 555 531 595 haec
561 553 614 595 ab
646 566 694 595 eo
725 554 976 606 interposita
1006 566 1117 606 esse,
1148 567 1230 605 quo
1260 554 1412 605 minus,
1443 553 1557 604 quod
1587 565 1691 605 opus

224 614 332 653 esset
361 611 414 652 ad
443 611 624 663 bellum,
665 625 689 650 a
716 611 840 650 nobis
869 613 1104 662 pararetur.
1173 611 1263 663 Ego
1294 612 1435 650 autem
1465 622 1560 649 eum
1588 611 1692 661 puto

223 671 457 720 facturum,
504 671 550 708 ut
589 667 798 720 praesidia
837 667 1033 709 deducat.
1097 667 1257 708 Vicerit
1294 668 1427 717 enim,
1468 667 1503 706 si
1544 667 1692 706 consul

221 727 361 767 factus
391 726 492 777 erit,
538 726 580 764 et
610 724 772 764 minore
803 724 964 764 scelere
992 724 1168 773 vicerit,
1210 737 1335 776 quam
1356 736 1449 775 *quo
1479 724 1692 777 ingressus

224 786 298 823 est.
358 783 440 823 Sed
471 780 721 833 accipienda
750 781 874 833 plaga
904 781 981 822 est.
1048 781 1200 821 Sumus
1239 782 1352 821 enim
1383 781 1589 833 flagitiose
1617 780 1692 820 im-

223 841 362 892 parati
392 851 520 890 quum
549 837 810 889 amilitibuS,
840 839 931 876 tum
960 851 986 877 a
1015 838 1221 890 pecunia:
1252 850 1381 889 quam
1410 838 1580 890 quidem
1609 850 1692 878 om-

223 910 341 946 nem,
382 909 466 936 non
508 894 632 934 modo
671 894 907 946 privatam,
956 906 1064 945 quae
1104 895 1148 934 in
1191 894 1295 934 urbe
1327 896 1413 947 est,
1453 894 1525 934 sed
1565 895 1692 934 etiam

223 953 466 1007 publicam,
503 964 612 1004 quae
642 953 687 992 in
728 952 892 992 aerario
922 953 1010 1003 est,
1046 951 1113 991 illi
1142 952 1402 1002 reliquimus.
1466 951 1693 1002 Pompeius

224 1011 278 1052 ad
305 1012 495 1063 legiones
522 1009 718 1050 Attianas
748 1009 810 1048 est
836 1009 1078 1060 profectus:
1118 1008 1352 1048 Labienum
1379 1019 1524 1048 secum
1553 1007 1695 1048 habet.

224 1068 313 1121 Ego
355 1070 450 1108 tuas
488 1066 709 1118 opiniones
750 1064 802 1105 de
840 1065 908 1105 his
948 1066 1075 1106 rebus
1112 1066 1325 1119 exspect0.
1403 1063 1596 1106 Formias
1625 1076 1694 1106 me

224 1125 427 1166 continuo
457 1123 650 1176 recipere
686 1121 934 1175 cogitabam.

801 1209 1103 1216 *tm

402 1304 720 1351 EPISTOLA
756 1304 931 1352 CCCX.
991 1306 1073 1365 (ad
1107 1306 1212 1351 Div.
1249 1307 1374 1352 XVI.
1410 1306 1514 1364 12.)

376 1381 457 1416 Ser.
482 1381 631 1426 Capuae
655 1381 727 1417 IV.
754 1381 840 1416 Kal.
866 1381 978 1416 Febr.
1004 1382 1048 1416 A.
1074 1381 1120 1415 U.
1147 1381 1185 1416 C.
1212 1381 1292 1416 705.
1324 1383 1372 1425 (a.
1399 1382 1439 1416 C.
1466 1382 1540 1423 49.)

224 1440 410 1484 Deplorat
435 1443 568 1472 statum
595 1438 651 1471 rei
676 1438 871 1482 publicae;
897 1438 1003 1471 initia
1028 1439 1120 1472 belli
1147 1439 1270 1473 civilis
1297 1439 1473 1483 exponit3
1499 1438 1691 1481 Tironem,

331 1491 369 1519 ut
395 1483 620 1520 valetudinis
646 1485 827 1518 rationem
853 1485 1042 1519 rediturus
1068 1486 1221 1529 habeat,
1247 1487 1429 1519 hortatur.
1464 1486 1578 1519 1—6.

508 1553 560 1587 M.
588 1553 633 1586 Τ.
662 1553 848 1587 CICERO
876 1553 1057 1587 TIRONI
1090 1553 1188 1588 SUO
1225 1554 1263 1589 S.
1289 1555 1335 1590 Ρ.
1362 1554 1410 1588 D.

338 1613 429 1660 Quo
458 1612 502 1651 in
533 1611 778 1652 discrimine
808 1615 1000 1652 versetur
1037 1615 1151 1654 salus
1182 1626 1275 1653 mea
1304 1616 1346 1653 et
1374 1613 1582 1652 bonorum
1609 1623 1692 1651 om-

224 1671 339 1711 nium
368 1672 495 1720 atque
524 1669 745 1709 universae
775 1669 839 1708 rei
867 1668 1084 1720 publicae,
1115 1683 1165 1710 ex
1197 1683 1245 1709 eo
1277 1671 1387 1709 scire
1417 1673 1549 1720 potes,
1580 1667 1693 1719 quod

224 1749 287 1784 Sic
311 1749 564 1781 Buenemann.
590 1747 636 1780 ad
666 1747 762 1780 Lact.
790 1748 927 1781 Instat.
953 1749 987 1790 5,
1012 1749 1067 1790 14,
1092 1749 1123 1782 2.
1150 1749 1342 1781 Postumus
1367 1748 1462 1782 Cett.
1493 1746 1689 1780 ORELLI.

225 1814 268 1821 —
305 1796 346 1828 T.
373 1793 574 1836 Furfanio,
614 1793 678 1835 qui
705 1791 874 1826 Siciliam
900 1804 969 1837 pro
996 1801 1173 1838 praetore
1205 1800 1355 1827 rexerat
1381 1794 1459 1828 704.
1509 1793 1616 1826 SCH.
1649 1811 1691 1817 —-

223 1845 345 1884 negat.
395 1841 481 1873 Asc.
504 1841 536 1873 1.
572 1839 671 1873 Crat.
709 1839 743 1872 is
775 1844 898 1882 negat.
933 1840 999 1874 cfr.
1033 1841 1162 1874 Moser
1194 1841 1239 1874 ad
1275 1841 1324 1874 Π.
1364 1840 1408 1873 de
1440 1840 1525 1883 Rep.
1560 1850 1595 1883 p.
1611 1838 1690 1872 550.

222 1887 370 1922 Ramsh.
397 1888 426 1929 §.
447 1886 526 1927 158,
553 1885 592 1926 2,
617 1897 651 1929 g.
679 1896 787 1928 quam
810 1886 941 1928 magni
964 1887 1118 1929 aestivi,
1145 1898 1186 1920 er
1210 1887 1289 1930 legt
1314 1886 1455 1925 darauf,
1480 1896 1558 1919 wer
1582 1883 1690 1927 weis,

223 1934 297 1967 wie
322 1943 478 1976 grossen
504 1932 648 1965 VVerth.
675 1942 782 1974 quam
805 1944 851 1965 =
875 1932 994 1966 valde.
1046 1932 1097 1967 So
1132 1933 1286 1966 Terent.
1320 1932 1436 1965 Andr.
1458 1932 1494 1973 I,
1521 1933 1562 1964 1:
1596 1931 1690 1964 flens

224 1991 332 2023 quam
358 1977 606 2012 familiariter.
654 1977 803 2011 Ramsh.
829 1978 857 2021 ἕ.
885 1980 962 2012 109.
992 1979 1071 2021 156,
1096 1981 1129 2014 3.
1154 1999 1195 2003 -
1245 1989 1315 2020 τες,
1343 1978 1410 2012 der
1426 1977 1690 2019 einstweilige‚

222 2025 431 2068 vorlaufige
451 2023 681 2057 Oberbefehl
707 2024 798 2057 iiber
823 2024 884 2057 die
903 2025 1083 2070 Truppen
1111 2026 1175 2058 auf
1196 2024 1364 2059 Sicilien.
1383 2044 1424 2048 -
1452 2024 1492 2057 C.
1509 2023 1690 2057 Fannium

224 2074 263 2108 C.
291 2074 355 2115 R,
387 2070 450 2114 qui
476 2070 548 2103 fuit
574 2069 743 2103 tribunus
768 2070 818 2114 pl.
846 2070 1007 2105 Caesare
1033 2077 1069 2105 et
1093 2071 1232 2104 Bibulo
1260 2072 1364 2104 Coss.
1397 2070 1506 2104 SCH.

314 2121 347 2153 3.
377 2116 896 2161 postulataque...interpos.
933 2128 1027 2160 esse,
1068 2118 1143 2151 und
1176 2117 1280 2150 diese
1314 2116 1550 2158 Vorschlage
1584 2113 1688 2148 seien

224 2175 296 2199 von
321 2164 394 2198 ihm
422 2162 657 2196 dazwiscben
685 2162 874 2204 gebracht.
914 2183 956 2187 —
1002 2165 1089 2206 fact.
1116 2168 1165 2197 ut.
1204 2163 1355 2196 Ramsh.
1393 2163 1421 2205 §.
1441 2162 1529 2203 204,
1556 2161 1588 2194 5.
1626 2160 1688 2194 Ci-

224 2221 312 2246 cero
344 2209 438 2243 irret
475 2208 553 2241 sich
592 2208 627 2241 in
665 2208 790 2242 Casas.
818 2228 860 2233 —
907 2211 1026 2251 factus
1057 2210 1146 2252 erit,
1180 2213 1265 2242 Asc.
1284 2211 1314 2242 1.
1350 2208 1448 2242 Crat.
1483 2207 1608 2249 fecerit.
1643 2225 1687 2230 —

223 2268 331 2302 quam
355 2266 422 2299 quo
447 2255 605 2297 ingress.
633 2258 702 2296 est,
737 2255 792 2289 als
825 2254 905 2289 sein
939 2256 1082 2290 Einsall
1113 2256 1149 2289 in
1182 2255 1317 2288 Italien
1348 2265 1439 2288 war.
1467 2273 1511 2278 -—
1556 2253 1686 2297 plaga,

224 2304 286 2338 die
310 2301 590 2344 Demiithigung
614 2303 761 2334 mussen
786 2302 872 2335 Wir
898 2313 965 2336 uns
990 2313 1062 2335 von
1088 2302 1161 2335 ihm
1187 2301 1351 2344 gefallen
1376 2301 1511 2334 lassen.
1538 2318 1582 2323 —-—
1621 2299 1687 2339 fla-

222 2350 373 2393 gitiose,
391 2347 609 2381 schandbar.
637 2366 680 2371 —
705 2359 727 2378 a
751 2360 796 2380 z
820 2348 859 2381 in
883 2348 1068 2383 Hinsicht.
1098 2367 1137 2372 —
1164 2358 1253 2391 quae
1277 2348 1316 2380 in
1341 2348 1429 2379 urbe
1455 2351 1523 2388 est,
1554 2345 1621 2379 int.
1648 2344 1686 2377 in

222 2399 306 2431 foro
333 2401 369 2428 et
394 2393 491 2438 apud
516 2393 767 2435 feneratores;
799 2404 881 2427 nam
907 2400 944 2428 et
968 2393 1120 2439 publica
1151 2393 1189 2426 in
1216 2393 1308 2427 urbe
1341 2399 1416 2427 est:
1449 2392 1514 2426 sed
1537 2391 1687 2435 privata

220 2442 373 2489 pecunia
398 2441 439 2473 in
463 2440 550 2472 urbe
574 2438 815 2482 distinguitur
840 2441 886 2473 ab
913 2451 976 2482 ea,
1016 2451 1110 2483 quae
1137 2445 1215 2473 erat
1244 2440 1278 2473 in
1306 2438 1526 2484 provinciis.
1576 2436 1683 2471 SCH.

222 2509 264 2515 —
291 2487 454 2530 legiones
477 2486 669 2526 Atticmas,
697 2496 788 2527 quas
813 2486 858 2520 P.
885 2487 1009 2519 Attius
1036 2487 1162 2522 Varus
1189 2486 1358 2520 habebat.
1407 2486 1468 2519 De
1493 2483 1597 2518 Attio
1624 2493 1685 2516 su-

225 2546 292 2581 pra
318 2539 375 2567 est
400 2544 457 2576 ep.
474 2534 526 2566 13.
560 2532 608 2574 (h.
644 2530 731 2563 edit.
770 2531 961 2573 CCCVII,
989 2534 1052 2573 7.).
1107 2532 1297 2575 Legiones
1332 2533 1401 2565 hae
1436 2531 1571 2565 iterum
1601 2532 1686 2561 sunt

224 2583 321 2616 infra
347 2591 403 2623 ep.
428 2579 484 2612 20.
528 2576 775 2621 (CCCXVII,
802 2578 864 2620 1.).
922 2577 1077 2622 Duplici
1111 2582 1123 2610 t
1160 2584 1215 2611 est
1250 2578 1286 2612 in
1328 2580 1487 2613 Caesare
1524 2574 1683 2609 Ondend.

223 2635 260 2663 et
286 2626 457 2671 Appiano
483 2623 682 2665 Schweigh.
710 2622 863 2666 Lipsius
889 2624 934 2657 ad
962 2624 1071 2665 Belg.
1105 2624 1204 2658 eene.
1221 2625 1253 2659 2.
1285 2626 1352 2668 Ep.
1374 2625 1426 2659 16.
1453 2622 1606 2667 putabat
1631 2620 1684 2653 le-

222 2674 379 2718 gendum
406 2671 614 2714 Appianas,
641 2679 731 2713 quas
757 2669 902 2714 Appius
926 2670 1071 2713 legatus
1094 2670 1266 2707 habebat..
1294 2671 1384 2705 duas
1401 2669 1483 2705 scil.
1512 2668 1594 2701 illas
1621 2666 1684 2699 ab·

223 2722 351 2754 ductas
375 2729 396 2751 a
422 2717 582 2750 Caesare
607 2727 675 2760 per
698 2715 818 2759 ipsum
844 2715 948 2748 illum
973 2716 1125 2751 Attium.
1160 2717 1278 2751 ERN.

314 2767 344 2799 l.
385 2763 573 2797 TIRONI.
612 2762 650 2797 S.
679 2772 723 2796 zu
750 2771 809 2808 ep.
837 2762 1100 2799 CCLXXXV.
1130 2762 1175 2796 im
1204 2763 1286 2796 Auf.
