1795 3043
197 62 298 112 280
455 61 520 109 M.
555 64 611 111 T.
647 64 985 115 CICERONIS
1018 67 1388 119 EPISTOLAE.

201 171 313 226 pisse
341 185 453 214 meas
480 174 626 217 literas
652 178 824 231 gaudeo.
880 179 1205 235 Παραφύλαξον,
1243 182 1280 223 si
1308 194 1376 223 me
1404 194 1539 236 amas,
1575 179 1650 231 τήν
1679 186 1684 193 “

201 229 275 267 τοῦ
302 231 485 279 φυρατοῦ
528 236 762 283 φιλοτιμίαν
799 234 1013 278 αὐτότατα.
1088 240 1232 287 Hanc,
1271 251 1378 292 quae
1407 240 1650 281 mehercule

204 286 307 328 mihi
334 300 483 341 magno
512 289 647 331 dolori
675 295 737 333 est
764 316 822 323 ——
842 296 973 338 dilexi
1003 297 1112 337 enim
1142 297 1352 337 hominem
1370 319 1428 327 —-
1456 308 1650 350 procura,

205 345 575 396 quantulacunque
604 351 679 399 est,
708 351 957 394 Precianam
978 353 1268 402 hereditatem,
1298 366 1468 407 prorsus
1496 354 1568 394 ille
1598 364 1652 393 ne

205 400 391 452 attingat·
474 402 601 444 Dices
641 419 829 449 nummos
871 411 977 451 mihi
1023 423 1127 463 opus
1169 423 1258 450 esse
1304 410 1355 451 ad
1403 412 1653 463 apparatum

205 456 429 509 triumphi:
457 459 500 499 in
531 473 638 514 quc,
668 466 714 504 ut
742 469 968 519 praecipis,
998 480 1077 508 nec
1107 480 1172 508 me
1201 467 1318 505 κενὸν
1345 467 1390 507 in
1420 467 1653 519 expetendo

158 523 184 563 3
208 525 434 566 COgUOSCOS
461 528 541 557 1¹20
570 516 727 568 ἄτυφον
760 522 803 562 in
835 524 1089 567 abiiciendo.
1146 525 1340 565 Intellexi
1368 535 1420 563 ex
1448 524 1530 564 tuis
1558 524 1654 563 lite-

207 569 292 622 ris,
327 574 368 612 te
407 585 458 614 ex
486 575 691 617 Turranio
730 580 894 620 audisse
932 596 956 622 a
995 593 1060 622 me
1087 582 1349 634 provinciam
1377 581 1502 621 fratri
1530 579 1657 620 tradi-

207 628 304 668 tam.
359 629 517 670 Adeou‘
556 645 631 685 ego
675 647 758 675 non
799 649 1092 689 perspexeram
1131 638 1397 691 prudentiam
1437 638 1658 677 literarum

208 684 400 728 tuarum?
428 683 611 734 Ἐπέχειν
630 691 671 730 te
691 693 917 736 scribebas.
959 694 1067 743 Quid
1088 697 1178 735 erat
1195 695 1455 735 dubitatione
1475 693 1658 746 dignum,

208 741 245 781 si
276 745 382 782 esset
412 745 660 799 quidquam,
690 760 766 789 cur
793 751 984 802 placeret
1011 752 1206 805 fratrem,
1243 754 1284 792 et
1312 752 1438 792 talem
1466 751 1658 798 fratrem,

209 798 422 850 relinqui?
469 798 684 852 Ἀθὲτησις
716 806 799 847 ista
836 808 941 848 mihi
980 809 1073 857 tua,
1114 821 1197 849 non
1238 807 1385 858 ἐποχή,
1424 807 1658 849 videbatur.

209 854 411 896 Monebas
441 857 492 898 de
529 859 575 908 Q.
599 861 800 904 Cicerone
828 876 982 917 puero,
1019 866 1066 905 ut
1096 878 1188 906 eum
1218 866 1386 918 quidem
1414 864 1662 915 neutiquam

211 952 293 995 (11).
320 954 427 991 SCH.
463 957 527 992 Sic
559 959 722 1004 Marum„
758 969 797 997 ut
828 963 918 998 alibi
950 963 1127 998 scribitur
1158 968 1195 998 et
1223 964 1323 1009 apud
1353 964 1432 999 Cic.
1467 970 1503 998 et
1532 964 1570 998 iu
1601 964 1664 998 In-

211 999 366 1045 scrippt.
397 1002 583 1038 Tem-annio
609 1007 736 1041 Ceteri
752 1009 823 1043 mei
849 1021 931 1044 cum
953 1010 1070 1045 Codd.
1092 1010 1343 1046 0RELL1.—
1367 1010 1664 1058 Παραφύλ...,

213 1045 372 1098 observa
395 1051 667 1087 conturbatoris
692 1054 887 1090 Philotimi
912 1057 1104 1091 avaritiam
1130 1057 1330 1101 ipsissime‚
1358 1068 1426 1090 vor
1452 1056 1520 1090 der
1534 1055 1666 1090 Philo·

214 1097 317 1126 timie
349 1095 489 1130 meines
522 1097 970 1144 Rechnungsverwirrers
1003 1102 1060 1136 sei
1093 1102 1295 1146 moglichst
1326 1103 1391 1135 auf
1411 1101 1556 1136 Deiner
1578 1102 1665 1137 Hut.

214 1137 314 1190 Dass
345 1139 480 1175 Cicero
518 1143 600 1178 hier
632 1146 697 1180 das
722 1148 833 1181 Wort
863 1147 1096 1191 Philotimia,
1129 1149 1204 1182 wie
1230 1159 1288 1193 ep.
1308 1148 1510 1191 CCXLIV,
1527 1148 1561 1182 5.
1587 1149 1666 1192 Ap-

212 1188 348 1235 pzetas,
374 1186 595 1233 Lentulitas,
630 1192 695 1226 auf
715 1192 781 1227 des
805 1193 1029 1228 Philotimus
1053 1195 1285 1238 Hochmuffl,
1318 1193 1398 1228 sich
1429 1194 1466 1227 in
1489 1194 1597 1228 Alles
1619 1204 1668 1229 zu

215 1232 398 1272 mrschen,
440 1235 514 1267 und
544 1235 638 1271 Geiz
669 1240 890 1283 anspielend
920 1241 1144 1284 gebraucht,
1184 1251 1245 1273 um
1282 1239 1411 1274 seinen
1442 1239 1585 1274 Namen
1620 1250 1667 1274 zu

215 1276 424 1311 verdecken
456 1280 528 1313 und
561 1281 632 1315 den
664 1284 918 1328 langi‘ahrigen
944 1285 1181 1319 Hausfreund
1211 1295 1257 1318 zu
1283 1286 1467 1328 schonen,
1498 1286 1573 1320 wie
1606 1297 1665 1330 ep.

215 1321 447 1358 CCLXVIII
472 1337 505 1360 u.
526 1328 719 1363 CCLXIX
751 1331 867 1364 durch
893 1331 964 1365 den
991 1332 1188 1365 Gebrauch
1214 1331 1478 1365 Griechischer
1502 1330 1669 1377 Sprache

215 1385 260 1392 -·
285 1368 332 1401 da
356 1370 439 1403 Wir
463 1371 500 1405 in
527 1374 679 1409 solchen
702 1377 833 1411 Fallen
858 1377 1103 1411 Franzosisch
1128 1377 1322 1411 schreiben
1347 1397 1413 1419 —,
1447 1376 1511 1410 das
1535 1377 1584 1411 ist
1607 1377 1673 1411 auf

216 1413 350 1448 dessen
377 1416 674 1463 Gutmuthigkeit
700 1423 775 1457 und
800 1423 1077 1467 VVeltklugheit
1101 1434 1146 1457 zu
1173 1424 1346 1457 rechnen.
1385 1423 1438 1457 Er
1463 1424 1564 1456 hatte
1589 1424 1670 1457 sich

218 1458 341 1512 dieses
365 1463 675 1507 Freigelassenen
702 1469 769 1502 der
785 1470 963 1503 Terentia
988 1470 1025 1502 in
1045 1469 1173 1503 seinen
1198 1469 1415 1503 h'auslichen
1432 1470 1672 1513 Angelegen-

218 1505 343 1540 herten
368 1519 403 1544 u.
432 1509 510 1545 bes.
535 1511 572 1544 iu
599 1513 911 1557 Geldgeschasten
937 1515 1103 1550 bedient.
1127 1534 1171 1540 —-
1209 1515 1436 1551 αὖτότατα
1457 1527 1504 1548 =
1534 1526 1602 1559 per
1634 1522 1672 1549 te

217 1551 339 1595 ipsum
372 1555 509 1599 solum,
555 1560 701 1593 nemine
740 1561 814 1594 alio
860 1561 1137 1604 intercedente,
1178 1560 1251 1595 wie
1287 1572 1344 1605 ep.
1372 1561 1622 1606 CCLXVIII,
1649 1563 1674 1597 3

217 1597 269 1639 εἷς
292 1598 421 1643 δήπου.
459 1602 626 1638 Imitatus
651 1612 708 1640 est
731 1606 853 1640 iocum
878 1607 1140 1651 Aristophanis
1175 1606 1212 1640 in
1245 1607 1389 1649 Nubb.‚
1422 1607 1484 1641 ubi
1519 1613 1576 1641 est
1606 1607 1674 1643 αὖ·

217 1643 374 1695 τᾷτατος.
402 1665 446 1672 -—
496 1660 667 1693 procura.
722 1653 825 1687 Ordo
863 1654 1082 1687 verborum:
1120 1663 1299 1697 procura,
1340 1663 1386 1686 ne
1426 1653 1492 1686 ille
1527 1653 1673 1695 (Philo-

219 1694 345 1734 timus)
371 1703 525 1737 prorsus
550 1697 705 1741 attingat
729 1699 821 1733 hanc
838 1700 1056 1733 Precianam
1081 1698 1323 1733 hereditatem
1348 1697 1453 1741 (mihi
1478 1699 1676 1742 relictam),

219 1747 315 1779 quae
357 1740 452 1773 meh.
490 1741 580 1776 mihi
619 1755 751 1788 magno
798 1745 921 1780 dolori
958 1751 1034 1788 est3
1087 1745 1205 1778 dilexi
1254 1744 1350 1778 enim
1388 1744 1572 1779 hominem
1619 1747 1677 1787 (ut

220 1783 335 1833 multo
368 1786 484 1830 magis
519 1789 631 1823 velim
668 1801 750 1824 eum
784 1791 933 1834 vivere,
978 1802 1086 1834 quam
1124 1802 1182 1825 me
1221 1790 1302 1825 eius
1342 1790 1519 1824 heredem
1561 1792 1673 1833 esse).

219 1828 465 1879 Ct.·ep.283,3
490 1834 561 1875 „de
587 1836 794 1871 hereditate
812 1838 1016 1881 Preciana,
1042 1848 1137 1880 quae
1162 1837 1311 1880 quidem
1336 1836 1426 1870 mihi
1451 1847 1583 1880 magno
1608 1837 1678 1870 do-

222 1873 294 1907 lori
320 1882 394 1919 θεῖς
426 1879 536 1913 valde
561 1881 659 1916 enim
684 1883 788 1917 illum
814 1883 967 1918 amavi.⁷'
1012 1883 1213 1918 Precianus
1238 1882 1545 1925 iurisconsultus,
1571 1882 1676 1917 cuius

220 1920 359 1955 mentio
395 1922 436 1956 fit
468 1936 525 1969 ep.
551 1928 635 1968 139,
668 1929 860 1964 Ciceronis
893 1929 1031 1963 amicus
1064 1929 1275 1963 decesserat
1310 1934 1348 1961 et
1373 1929 1546 1963 Ciceroni
1579 1930 1678 1963 bona

221 1976 287 2000 sua
312 1967 509 2011 legaverat.
536 1972 644 2007 SCH.
665 1994 706 1999 -—
739 1976 967 2011 Precianam.
1004 1975 1067 2009 Sic
1092 1977 1178 2009 Asc.
1196 1977 1227 2008 l.
1255 1975 1352 2009 Crat.
1380 1974 1467 2009 Sch.
1494 1975 1610 2018 Lim„
1637 1981 1679 2010 ut

221 2012 268 2046 ad
293 2013 441 2050 Divers.
464 2018 520 2059 14,
535 2020 569 2054 5.
598 2020 793 2056 ORELLI.
811 2042 856 2047 —
887 2033 929 2055 ne
953 2022 1135 2064 attingam
1170 2020 1395 2056 Philotimus
1422 2020 1518 2054 enim
1544 2020 1613 2054 iam
1638 2020 1678 2054 in

220 2058 431 2095 nominibus
458 2064 609 2100 Milonis
635 2068 857 2103 turbaverat.
894 2067 982 2104 Vid.
1009 2079 1069 2113 ep.
1090 2066 1341 2108 CCLXVHI,
1365 2068 1400 2101 3.
1421 2085 1462 2091 —-
1499 2066 1609 2100 Dices
1632 2078 1679 2101 =

221 2104 283 2138 dic
307 2106 388 2141 scil.
413 2109 631 2156 Philotimo,
657 2113 688 2147 si
713 2125 753 2148 se
788 2114 997 2148 immiscere
1028 2113 1192 2147 voluerit
1216 2112 1421 2147 Precianae
1459 2112 1680 2146 hereditatis

222 2151 446 2194 negotio.—·
482 2156 521 2190 in
546 2169 614 2202 quo
639 2165 678 2193 tu
703 2172 760 2194 me
787 2172 852 2194 nec
877 2160 970 2194 adeo
996 2170 1127 2194 vanum
1153 2169 1377 2202 cognosces,
1410 2165 1448 2191 ut
1471 2158 1579 2192 nimis
1604 2169 1680 2192 am-

224 2196 360 2231 bitiose
385 2200 560 2246 triumphi
586 2206 764 2240 honorem
789 2214 978 2251 appetam,
1011 2217 1080 2239 nec
1109 2206 1204 2238 adeo
1237 2204 1356 2238 omnis
1388 2205 1501 2238 fastus
1534 2210 1571 2238 et
1605 2215 1681 2238 am-

227 2242 382 2278 bitionis
406 2256 619 2294 expertem,
645 2260 685 2286 ut
708 2264 791 2287 eum
816 2252 905 2286 mihi
930 2252 1093 2285 oblatum
1119 2250 1302 2285 abiiciam.
1330 2250 1437 2284 SCH.

321 2303 354 2336 3.
379 2312 423 2336 ez
446 2305 518 2338 tuis
541 2307 678 2351 literis,
711 2321 784 2343 non
811 2309 878 2350 iis,
912 2318 1002 2352 quas
1026 2310 1183 2342 Acastus
1208 2307 1402 2347 attulerat,
1429 2305 1494 2339 sed
1519 2316 1610 2349 quas
1634 2306 1683 2339 ab

230 2345 355 2380 Attico
381 2350 538 2395 scriptas
563 2354 695 2388 Cicero
720 2367 741 2388 a
764 2356 923 2389 Xenone
947 2360 1152 2398 acceperat.
1189 2353 1244 2386 Cl‘.
1270 2352 1682 2404 ‘³1³⁸CCLXXXIY·T”

232 2393 373 2427 Adeon’
394 2406 462 2437 ego
488 2403 578 2442 cet.‚
610 2399 669 2433 ich
694 2401 792 2435 hatte
817 2402 896 2435 also
922 2401 993 2434 deu
1024 2400 1148 2434 feinen
1173 2399 1310 2442 Wink,
1342 2399 1412 2432 den
1445 2398 1506 2432 Du
1539 2408 1609 2432 mir
1643 2407 1683 2430 m
1723 2407 1725 2410 ’

233 2437 391 2474 Deinem
414 2442 543 2478 Briefe
567 2447 735 2490 gegeben
763 2448 860 2490 haist,
888 2457 928 2480 so
955 2456 1047 2489 ganz
1072 2446 1143 2478 und
1171 2456 1237 2489 gar
1260 2445 1360 2478 nicht
1387 2443 1683 2477 verstanden‘l—

234 2485 432 2530 Ἐπέχειιι
470 2493 520 2533 te,
562 2492 624 2526 Du
668 2494 832 2527 nahmest
867 2491 1053 2534 Austaud,
1099 2493 1243 2535 triigest
1283 2491 1515 2540 Bedenken3
1548 2488 1587 2523 S.
1622 2499 1681 2531 ep.

233 2530 591 2578 CCLXXV1,3.—
635 2539 788 2574 dubitat.
819 2545 899 2579 tua,
937 2549 1014 2572 was
1044 2538 1215 2571 bedurt'te
1251 2548 1290 2571 es
1323 2537 1417 2570 noch
1442 2535 1586 2569 Detnes
1610 2534 1685 2567 Be-

233 2575 418 2624 denkens;
443 2593 520 2617 was
545 2585 827 2619 brauchtestDu
848 2585 943 2617 noch
954 2584 1118 2618 Austand
1138 2594 1183 2617 zu
1207 2584 1432 2617 nehmenie—
1455 2581 1685 2630 Ἆῑξθησςς

263 2646 295 2656 ..
323 2635 393 2659 non
419 2629 572 2675 ἐποχή.
621 2631 739 2666 Quum
764 2636 800 2663 te
826 2629 996 2663 dubitare
1028 2629 1286 2672 significabas,
1326 2628 1414 2671 quid
1440 2626 1485 2659 de
1509 2627 1623 2676 tratre
1649 2634 1685 2657 m

233 2670 428 2712 provincia
454 2675 697 2721 relinquendo
730 2676 909 2720 agendum
941 2676 1009 2718 sit,
1050 2675 1262 2720 improbare
1288 2686 1384 2716 rein,
1417 2682 1491 2725 nou
1517 2671 1688 2726 dubitare:

235 2713 434 2754 videbaris.
461 2720 568 2757 SGH.
608 2724 783 2767 α’τέθησις
808 2722 904 2756 enim
927 2728 983 2756 est
1013 2721 1259 2767 improbatim
1296 2721 1468 2760 reiect103
1504 2723 1542 2752 ut
1574 2719 1687 2758 ἐποχη
