1795 3043
245 96 349 145 542
554 93 617 138 Μ.
654 93 709 138 Τ.
746 91 1087 139 CICERONIS
1121 93 1496 143 EPISTOLAE.

247 205 372 246 bebis
401 208 443 245 et
472 206 588 246 talia.
648 205 703 245 Et
734 205 900 257 quidem
930 207 1077 258 paucis
1101 205 1249 248 diebus
1280 207 1446 260 aliquid
1475 208 1614 251 audiri
1642 222 1715 251 ne-

197 265 226 306 3
249 277 368 305 cesse
398 265 474 304 est.
534 262 616 304 Sed
646 262 771 303 redeo
802 262 854 302 ad
885 264 1091 304 Servium.
1148 264 1402 306 Distulimus
1431 266 1602 307 omnino
1630 280 1716 308 ser-

247 333 415 363 monem
444 322 487 359 in
520 322 756 372 posterum:
811 320 883 359 sed
913 320 1058 360 tardus
1088 322 1149 360 est
1181 321 1234 362 ad
1263 322 1524 363 exeundum:
1583 326 1715 365 multo
1761 349 1764 381 i

248 393 294 419 se
324 380 368 418 in
397 391 471 417 suo
494 379 655 418 lectulo
686 378 829 427 malle,
861 377 1065 429 quidquid
1097 379 1222 421 soret.
1281 379 1459 420 Odiosus
1489 382 1714 434 scrupulus

248 436 301 476 de
338 435 419 476 filii
457 437 612 476 militia
641 435 908 475 Brundisina.
969 436 1108 475 Unum
1145 436 1255 476 illud
1284 436 1523 478 firmissime
1554 450 1715 478 asseve-
1761 464 1763 485 s

246 492 397 544 rabat,
445 494 483 533 si
519 493 703 533 damnati
743 493 1092 545 restituerentur,
1145 493 1190 533 in
1232 494 1409 534 exilium
1449 507 1495 535 se
1538 496 1714 536 iturum.

245 550 333 591 Nos
363 551 503 590 autem
542 550 594 590 ad
630 550 758 590 haec:
807 552 850 589 et
884 550 1023 600 ipsum
1062 551 1179 590 certo
1222 552 1337 592 sore:
1386 553 1448 604 et,
1490 563 1600 603 quae
1630 552 1714 593 iam

245 607 371 657 fiant,
402 612 486 647 non
517 620 607 648 esse
636 607 819 654 leviora3
857 607 1076 658 multaque
1101 606 1419 660 colligebamus.
1474 608 1632 648 verum
1662 621 1714 650 ea

244 677 332 705 non
374 665 563 705 animum
603 665 694 704 eius
729 661 958 715 augebant,
1006 664 1078 703 sed
1117 665 1331 717 timorem,
1373 667 1422 706 ut
1458 664 1543 705 iam
1573 666 1715 706 celan·
1763 704 1764 717 2

245 723 323 764 dus
352 724 485 775 magis
515 723 567 762 de
597 722 740 760 nostro
772 719 971 768 consilio,
1017 733 1144 772 quam
1174 723 1227 762 ad
1255 723 1370 763 idem
1407 733 1450 752 Μ
1483 722 1712 763 videretur.
1762 747 1765 780 ἶ

245 781 386 828 Quare
416 780 460 819 in
483 779 564 820 hoc
593 790 678 820 non
704 779 883 817 multum
912 778 988 819 est.
1046 776 1132 819 Nos
1163 781 1246 820 ate
1268 779 1472 821 admoniti
1500 779 1552 820 de
1569 779 1714 821 Caelio

244 837 536 890 cogitabimus

394 996 709 1043 EPISTOLA
744 993 1070 1041 CCCLXXXI.
1117 993 1199 1053 (ad
1232 995 1326 1042 Att.
1363 996 1419 1041 X.
1458 998 1562 1054 15.)

324 1085 407 1121 Ser.
434 1085 471 1120 in
498 1086 663 1120 Cumano
689 1095 721 1118 a.
747 1082 783 1117 d.
808 1083 877 1120 VI.
903 1083 959 1118 Id.
986 1082 1077 1118 Mai.
1102 1083 1149 1117 A.
1174 1083 1220 1118 U.
1249 1083 1290 1118 C.
1317 1083 1385 1118 705
1417 1086 1466 1128 (a.
1492 1085 1534 1120 C.
1558 1084 1631 1127 49.)

239 1155 303 1190 De
332 1153 553 1190 Funisulani
585 1152 760 1197 negotio,
806 1151 855 1186 de
874 1150 1041 1231 lgintoiiii
1066 1151 1204 1232 {nlntio
1237 1162 1281 1186 ac
1312 1152 1359 1186 de
1389 1152 1565 1198 pluribus
1596 1153 1709 1188 rebus

850 1209 946 1232 aus.
1013 1217 1055 1222 -—
1092 1224 1100 1232 .

737 1266 926 1301 CICERO
951 1266 1144 1301 ATTICO
1169 1266 1209 1301 S.

356 1328 529 1370 Servius
559 1339 688 1378 quum
719 1328 829 1366 esset
857 1325 969 1377 apud
997 1337 1085 1374 me,
1117 1324 1322 1377 Cephalio
1353 1338 1449 1366 cum
1466 1326 1550 1367 tuis
1571 1325 1708 1367 literis

240 1400 301 1429 VI.
331 1387 431 1427 Idus
467 1385 606 1427 venit:
645 1396 754 1436 quae
782 1382 904 1423 nobis
933 1394 1126 1434 magnam
1156 1395 1273 1434 spem
1301 1383 1535 1423 attulerunt
1563 1384 1708 1424 melio-

238 1457 335 1486 rum
354 1456 496 1484 rerum
527 1442 578 1482 de
595 1443 691 1482 octo
716 1440 983 1481 cohortibus:
1012 1462 1070 1469 —
1108 1439 1264 1479 etenim
1282 1440 1363 1480 hae
1389 1453 1569 1494 quoque,
1598 1454 1707 1493 quae

236 1583 297 1616 ep.
329 1571 420 1612 378,
449 1570 482 1604 6.
523 1586 569 1593 —-
615 1570 650 1600 et
680 1566 774 1600 talia
806 1564 963 1600 scribes.
1005 1582 1049 1589 —-
1097 1563 1226 1598 audiri
1257 1575 1331 1598 nec.
1367 1568 1431 1600 est.
1481 1563 1519 1600 S.
1547 1564 1706 1610 vorigen
1764 1568 1765 1588 ³

234 1617 641 1701 Br¹e{.9·D{stulirizzaes‚
680 1657 768 1692 weil
803 1656 876 1690 wir
908 1656 1011 1690 nicht
1041 1665 1089 1689 zu
1115 1656 1223 1689 Ende
1248 1656 1419 1690 kommen
1444 1657 1624 1691 konnten.
1658 1675 1704 1682 —

236 1711 366 1744 tardus
382 1713 442 1744 est.
484 1707 547 1742 Sic
572 1706 701 1740 Lamb.
743 1715 815 1738 om.
842 1707 894 1736 est
917 1703 1009 1737 Cett.
1034 1710 1191 1746 propter
1216 1703 1346 1747 script.
1373 1705 1526 1738 tardust.
1557 1704 1631 1738 ΟΠ.
1657 1722 1703 1729 -

233 1758 347 1790 malle
371 1760 603 1799 exspectare.
635 1771 680 1777 —
727 1750 901 1795 quidquid
925 1750 1037 1792 foret,
1074 1759 1151 1782 was
1177 1749 1271 1782 auch
1295 1749 1465 1783 kommen
1491 1750 1632 1784 werde.
1656 1767 1702 1775 ·—·

231 1804 372 1838 militia
397 1801 561 1843 Brund„
601 1798 661 1832 ein
686 1797 868 1841 widriger
893 1795 998 1830 Stein
1024 1795 1090 1829 des
1116 1797 1315 1829 Anstosses
1341 1795 1389 1830 ist
1416 1807 1454 1829 es
1479 1796 1576 1839 ihm,
1615 1796 1701 1830 dass
1756 1808 1757 1811 ¹

233 1861 277 1884 er
308 1850 438 1884 seinen
472 1847 574 1882 Sohn
605 1845 697 1878 nach
729 1842 969 1877 Brundisium
1005 1852 1127 1885 gegen
1158 1841 1363 1886 Pompeius
1396 1843 1592 1885 geschickt
1623 1843 1698 1876 hat.

233 1896 272 1931 S.
290 1907 350 1941 ep.
366 1896 445 1930 359.
470 1895 539 1928 363
565 1903 600 1925 u.
630 1892 726 1924 oben
752 1901 797 1923 zu
810 1890 834 1932 ἕ.
851 1891 882 1922 l.
898 1908 942 1913 —
966 1889 1205 1930 condemnati,
1232 1888 1293 1922 die
1318 1893 1426 1922 unter
1452 1889 1535 1923 dem
1560 1889 1700 1923 letzten

231 1943 435 1978 Consulate
462 1940 526 1973 des
545 1937 748 1981 Pompeius
766 1935 1066 1971 Verurtheiiten.
1091 1954 1135 1958 -
1171 1938 1204 1966 et
1228 1934 1346 1978 ipsum
1362 1939 1459 1968 certo
1473 1937 1572 1979 fore,
1598 1934 1699 1970 diess

231 1990 338 2024 stehe
363 1988 438 2022 ihm
465 1985 662 2019 unfehlbar
685 1984 814 2017 bevor.
849 1981 913 2016 Sic
938 1983 1066 2015 Asel.
1094 1980 1192 2014 Crat.
1220 1980 1321 2016 Vict.
1338 1982 1369 2014 1.
1384 1982 1414 2015 2.
1442 1982 1531 2016 Bos.
1559 1982 1696 2016 Graev.

229 2047 314 2069 cum
340 2034 435 2069 cdd.
461 2033 573 2066 notis.
611 2035 644 2063 et
668 2031 708 2064 id
731 2030 850 2073 ipsum
874 2028 1002 2062 Lamb.
1037 2028 1128 2060 ΕΓΗ.
1161 2025 1247 2061 Sch.
1280 2028 1374 2060 Liin.
1413 2028 1478 2062 cfr
1501 2028 1699 2072 Wopkens

227 2082 372 2116 Handii
397 2091 435 2126 p.
451 2081 531 2115 391.
568 2078 641 2112 ΟΒ.
669 2096 714 2101 --
755 2076 916 2117 leviora,
951 2073 1209 2116 ertriiglieher.
1235 2091 1280 2098 -
1311 2074 1412 2107 mult.
1439 2075 1587 2117 collig.‚
1621 2073 1698 2108 und

229 2128 304 2162 wir
336 2128 513 2171 belegten
538 2125 617 2159 Das
652 2123 718 2157 mit
748 2122 874 2155 vielen
898 2120 1125 2165 Beispielen.
1162 2139 1207 2145 —
1255 2123 1294 2152 ut
1325 2120 1401 2153 iam
1432 2122 1603 2154 celandus
1627 2145 1662 2155 ..
1684 2143 1695 2154 .

230 2184 338 2220 quam
363 2174 411 2207 ad
436 2174 531 2206 idem
556 2179 599 2197 *ᾗ
623 2171 830 2209 videretur,
872 2178 913 2202 so
948 2167 1031 2201 dass
1067 2177 1106 2200 es
1143 2166 1213 2199 mir
1238 2166 1408 2199 sicherer
1431 2167 1580 2208 schien,
1621 2167 1695 2200 ihm

229 2220 329 2255 mein
360 2220 566 2255 Vorhaben
600 2228 645 2251 zu
676 2215 900 2258 verhehlen,
943 2214 997 2247 als
1028 2223 1073 2246 zu
1105 2212 1332 2255 versuchen‚
1373 2212 1421 2245 ob
1454 2213 1515 2247 ich
1546 2213 1610 2247 ihn
1646 2223 1693 2247 zu

229 2267 352 2303 einem
377 2266 550 2307 gleichen
569 2263 790 2298 Entschluss
816 2261 1024 2294 iiberreden
1050 2259 1200 2292 konnte.
1238 2259 1333 2292 Post
1358 2259 1406 2292 ad
1429 2259 1525 2293 idem
1550 2258 1694 2293 excidit
1754 2273 1758 2293 1

230 2307 464 2355 excitandus,
497 2311 725 2351 incitandus,
758 2307 1022 2348 cohortandus,
1054 2306 1112 2339 vel
1137 2305 1258 2338 Simile
1283 2304 1388 2347 quid.
1424 2305 1620 2339 ORELLI.
1648 2322 1693 2330 -
1756 2346 1758 2349 ι

228 2371 302 2394 non
325 2360 428 2393 mult.
454 2362 525 2400 est,
562 2368 634 2389 von
660 2356 754 2389 Dein
781 2354 830 2388 ist
854 2355 933 2387 also
958 2352 1089 2387 Nichts
1113 2362 1156 2385 zu
1184 2357 1382 2385 erwai'ten.
1409 2370 1452 2377 —
1496 2352 1539 2385 de
1565 2352 1693 2386 Cc'aelio
1755 2357 1758 2389 ἓ,

229 2406 361 2442 Caldo.
410 2404 448 2439 S.
475 2415 532 2448 ep.
557 2404 643 2445 378,
676 2404 710 2437 6.
759 2402 835 2435 Das
861 2402 1010 2443 fortuna
1034 2399 1183 2431 meliore
1209 2397 1310 2430 blieb
1336 2407 1416 2432 aus.

320 2455 353 2486 1.
387 2451 549 2486 Servius,
597 2449 636 2484 S.
663 2446 783 2492 vorig.
810 2448 876 2481 ΒΓ.
901 2448 930 2491 §.
958 2446 990 2479 2.
1018 2456 1053 2478 u.
1078 2447 1112 2479 3.
1139 2463 1182 2469 -—-
1232 2443 1418 2488 Cephalio.
1463 2443 1502 2479 S.
1530 2455 1589 2489 ep.
1607 2444 1691 2479 322.
1722 2484 1726 2497 A
1759 2470 1760 2474 ,

225 2499 307 2534 360.
338 2500 420 2533 361.
458 2497 597 2532 Servus
624 2494 740 2528 Attici
767 2492 995 2528 tabellarius.
1022 2510 1064 2516 -
1102 2491 1169 2527 VI.
1196 2491 1284 2523 Idus
1308 2490 1420 2533 Mai„
1444 2501 1501 2524 am
1526 2493 1581 2525 10.
1598 2490 1688 2525 Mai.

225 2563 273 2570 -—
304 2545 447 2578 melior.
474 2555 547 2577 rer.
574 2543 617 2576 (le
642 2545 720 2574 octo
745 2540 844 2581 colu,
876 2539 974 2582 „der
999 2548 1066 2571 uns
1090 2547 1222 2581 wegen
1249 2536 1316 2570 der
1339 2537 1446 2571 darin
1471 2537 1688 2581 gegebenen
1756 2569 1758 2572 ,

225 2591 432 2627 Nachricht
461 2601 532 2624 von
567 2589 638 2622 den
671 2588 768 2621 acht
793 2586 1026 2620 Cohorten
1052 2594 1184 2627 grosse
1209 2584 1401 2628 Hoffuung
1424 2584 1567 2626 macht,
1601 2583 1688 2617 dass
1754 2590 1755 2593 ’

225 2638 290 2672 die
314 2636 460 2672 Sachen
485 2637 569 2670 eine
595 2636 748 2669 bessere
763 2632 962 2674 Wendung
988 2631 1145 2664 nehmen
1169 2630 1360 2664 werden.’'
1406 2629 1481 2663 Die
1506 2629 1602 2663 zwei
1614 2630 1688 2663 Le·
1754 2652 1759 2685 ζ

224 2684 364 2728 gionen
388 2695 433 2716 =
457 2683 502 2717 2o
521 2683 729 2723 Cohorten‚
761 2679 907 2713 welche
933 2678 1000 2711 der
1023 2676 1155 2720 vorige
1180 2676 1292 2711 Brief
1310 2676 1364 2711 als
1388 2685 1461 2710 von
1486 2676 1598 2710 Cssisar
1621 2676 1687 2709 ab·
1753 2697 1757 2703 ι

223 2731 388 2775 gesallen
413 2729 562 2774 angibt,
602 2737 730 2761 waren
753 2726 831 2760 also
858 2724 994 2759 binnen
1018 2723 1190 2766 wenigen
1216 2723 1344 2775 Tagen
1368 2723 1434 2775 auf
1452 2723 1474 2758 8
1496 2722 1685 2773 Cohorten

225 2789 272 2814 =
299 2778 405 2821 3,000
429 2777 541 2813 Manu
576 2772 967 2819 herabgeschmolzen.
1010 2770 1162 2806 WIEL.
1209 2769 1338 2805 Alleni
1361 2769 1507 2814 gcicero
1542 2768 1687 2814 spricht
