1795 3043
244 68 558 118 EPISTOLA
594 69 958 118 CCCLXXXIV.
1013 68 1352 115 CCCLXXXV.
1422 72 1522 118 551

79 185 394 236 persequentur.
445 184 510 224 Ex
522 180 646 224 Balbi
666 183 801 223 autem
823 194 1032 229 sermone,
1063 194 1188 234 quem
1206 182 1344 222 tecum
1366 179 1526 229 habuit,

79 253 163 280 non
194 239 415 293 probamus
443 240 495 280 de
524 240 683 281 Melita.
739 238 917 279 Dubitas
946 240 1101 292 igilur,
1146 238 1249 290 quin
1273 250 1349 278 nos
1380 237 1423 276 in
1454 238 1527 276 lio-

80 298 206 337 stium
235 309 408 337 numero
435 296 618 337 habeat?
675 296 834 348 Scripsi
863 297 1052 348 equidem
1073 295 1206 336 Balbo
1236 298 1277 335 te
1306 294 1357 335 ad
1379 306 1446 333 me
1475 293 1527 333 de

82 353 374 395 benevolentia
403 354 619 405 scripsisse
659 355 700 393 et·
737 352 788 392 de
819 354 1068 404 suspicione.
1126 353 1206 404 Egi
1236 352 1403 405 gratias
1463 349 1528 390 Ile

84 412 219 451 altero
257 412 296 451 ei
338 423 404 450 me
432 411 621 464 purgavi.
679 410 868 461 Ecquem
899 412 944 450 tu
975 410 1185 449 hominem
1215 407 1525 449 infeliciorem?
1550 412 1577 452 3

84 467 177 508 Non
206 469 358 518 loquor
385 469 528 519 plura,
558 479 611 507 ne
640 467 682 506 te
702 479 869 518 quoque
899 468 1151 509 excruciem.
1209 466 1305 517 Ipse
1325 464 1528 506 conficior

83 525 245 564 venisse
262 527 444 577 tempus,
477 536 602 575 quum
630 523 715 564 iam
744 536 822 564 nec
852 524 1020 565 fortiter
1047 536 1125 564 nec
1155 522 1383 576 prudenter
1410 521 1529 573 quid-

83 593 207 632 quam
235 582 375 622 sacere
401 582 570 635 possim.

204 754 517 800 EPISTOLA
553 754 889 800 CCCLxxxv.
936 755 1018 812 (aa
1053 755 1157 800 niv.
1193 734 1321 799 xlv.
1351 753 1421 811 7.)

85 839 165 875 Ser.
195 842 231 875 in
256 848 367 886 portu
382 843 558 877 Caietano
585 853 677 877 nave
703 852 920 933 {onsccerigai
947 842 1016 876 111.
1039 834 1220 876 Iduslun.
1247 843 1293 876 A.
1320 840 1362 875 U.
1389 840 1430 874 C.
1454 839 1535 874 705,

719 900 750 923 a.
809 915 816 923 .
891 915 898 923 .

87 956 297 990 Molestiam
332 963 369 991 et
400 957 690 992 sollicitudinem
725 969 774 992 ex
805 958 960 991 adversa
985 957 1197 990 valetudine
1230 956 1349 990 eiecta
1371 955 1449 988 bile
1474 954 1539 987 de-

88 1003 230 1047 pulsam
262 1014 346 1037 esse
379 1004 520 1038 nuntiat
555 1010 612 1047 et,
653 1010 693 1037 ut
726 1016 767 1038 se
798 1005 949 1037 absente
980 1004 1097 1037 fortes
1123 1003 1197 1037 sint
1229 1008 1265 1036 et
1289 1000 1539 1036 valetudinem

551 1058 699 1094 curent,
737 1051 916 1084 hortatur.
955 1052 1068 1084 1—3.

471 1119 521 1153 M.
555 1119 854 1153 TERENTIAE
880 1118 1011 1152 SUAE
1044 1118 1081 1152 S.
1106 1119 1152 1152 P.

205 1177 356 1217 Omnes
384 1178 598 1218 molestias
628 1179 670 1217 et
699 1178 1025 1229 sollicitudines,
1071 1177 1224 1229 quibus
1262 1177 1303 1217 et
1331 1177 1373 1216 te
1402 1175 1547 1215 miser-

91 1233 239 1274 rimam
268 1234 397 1274 habui
427 1242 490 1281 et,
540 1235 583 1274 id
612 1235 723 1286 quod
753 1235 857 1274 mihi
887 1235 1226 1274 molestissimum
1257 1236 1345 1281 est,
1385 1232 1545 1273 Tullio-

90 1293 200 1343 lam,
244 1303 352 1342 quae
391 1291 512 1331 nobis
549 1293 692 1332 nostra
718 1292 805 1332 vita
834 1291 999 1332 dulcior
1027 1293 1110 1343 est,
1149 1290 1322 1343 deposui
1352 1291 1394 1329 et
1422 1288 1545 1330 eieci.

91 1411 234 1444 eaedem
267 1411 400 1454 Margo
424 1411 501 1445 Md.
527 1412 612 1446 Asc.
638 1413 672 1446 1.
698 1414 797 1447 Crat.
831 1413 933 1449 Vict.
961 1415 992 1448 1.
1019 1414 1052 1447 2.
1087 1414 1195 1459 prob.
1221 1415 1350 1451 Lamb.
1377 1414 1413 1447 in
1438 1412 1548 1448 Curis

92 1456 277 1491 secundis.
315 1459 437 1491 eodem
460 1458 702 1493 Lamb.1584.
733 1460 874 1494 Verum
891 1461 961 1493 hoc
981 1466 1083 1504 puto.
1113 1461 1307 1495 ORELLI.
1334 1479 1377 1484 —-—
1411 1462 1547 1503 furiae,

94 1503 287 1536 custodiae
320 1503 429 1546 illae,
469 1504 728 1538 solicitudines
760 1517 875 1539 meae.
918 1525 960 1530 —-
1004 1518 1074 1539 non
1101 1508 1298 1550 probamus
1332 1508 1375 1540 de
1407 1506 1547 1548 Melit„

93 1549 225 1593 gefallt
248 1549 317 1582 mir
342 1550 409 1583 der
426 1551 547 1584 Punct
572 1552 665 1585 iiber
680 1551 796 1585 Malta
821 1552 934 1585 nicht.
974 1553 1154 1588 Quantum
1180 1565 1228 1587 ex
1244 1553 1352 1587 Balbi
1378 1562 1550 1587 sermone

94 1595 278 1635 colligere
304 1595 411 1638 licet,
436 1596 609 1640 intelligo
636 1597 787 1631 Caesari
813 1599 1010 1632 consilium
1037 1606 1201 1633 nostrum
1227 1599 1265 1633 in
1291 1599 1459 1634 Melitam
1485 1599 1549 1632 ab-

96 1641 209 1675 eundi
244 1652 316 1675 non
347 1641 511 1686 probari.
541 1643 649 1677 SCH.
684 1662 726 1668 -—
775 1643 902 1678 habeat
927 1645 1074 1680 Caesar.
1111 1665 1153 1671 —-
1202 1647 1246 1680 de
1270 1646 1426 1680 benevol.
1458 1646 1552 1680 Cae-

95 1687 189 1723 saris
216 1698 305 1731 erga
328 1699 385 1721 me
409 1692 442 1721 et
467 1689 509 1721 de
534 1689 613 1723 eius
637 1690 859 1733 suspicione,
886 1702 994 1732 quam
1021 1692 1067 1724 de
1092 1703 1149 1726 me
1174 1693 1257 1726 alat.
1290 1693 1334 1738 de
1359 1693 1436 1726 eins
1460 1702 1555 1733 erga

96 1745 152 1767 me
170 1735 244 1767 ben.
271 1735 400 1767 Lamb.
434 1746 452 1769 e
477 1735 595 1769 benev.
624 1736 701 1770 Md.
719 1747 806 1780 apr.
822 1748 869 1772 m.
896 1738 1031 1771 Fuitne
1056 1742 1089 1770 et
1114 1739 1156 1772 de
1181 1740 1330 1772 taenea?
1356 1738 1552 1773 ORELLI.

96 1799 142 1806 —
174 1779 251 1822 Egi
272 1781 437 1824 gratim,
468 1783 627 1816 n'amlich
652 1782 712 1815 fiir
736 1782 840 1816 seine
864 1790 952 1827 gute
977 1783 1197 1828 Gesinnung
1221 1796 1342 1829 gegen
1366 1785 1476 1818 mich.
1509 1802 1555 1809 -

98 1828 154 1861 De
186 1828 302 1860 altero
339 1827 363 1860 i.
395 1838 426 1860 e.
465 1828 511 1862 de
542 1828 769 1873 suspicione.
809 1848 852 1853 —
906 1831 1080 1874 purgavi.
1139 1830 1204 1865 Sic
1237 1831 1314 1865 Md.
1349 1842 1370 1865 a
1401 1842 1474 1866 sec.
1507 1841 1553 1865 m.

99 1874 225 1907 Oxon.
263 1874 292 1906 1.
318 1872 351 1905 2.
391 1873 486 1907 Ball.
520 1875 674 1909 Helmst.
708 1880 779 1909 cet.
826 1875 877 1909 Et
910 1883 966 1910 est
997 1877 1268 1919 necessarium,
1310 1884 1370 1921 ut,
1412 1877 1476 1920 qui
1508 1876 1556 1910 de

98 1918 359 1954 benevolentia
384 1920 522 1961 gratias
547 1927 650 1965 agat,
676 1927 739 1954 aut
763 1920 845 1965 ipse
870 1933 1018 1965 quoque
1044 1922 1091 1956 de
1105 1923 1318 1968 suspicione
1343 1935 1383 1958 se
1406 1930 1556 1968 purget,

100 1973 163 2000 aut
192 1965 442 2008 suspicionem
476 1966 556 2000 eius
588 1978 629 2000 se
659 1977 769 2001 nosse
800 1979 952 2010 prorsus
985 1968 1134 2003 silentio
1168 1976 1388 2013 praetereat.
1431 1980 1558 2013 purga

101 2012 180 2048 Md.
207 2022 228 2045 a
252 2022 308 2056 pr.
336 2022 382 2045 m.
417 2012 506 2046 C2d.
541 2012 639 2046 Iunii
670 2018 739 2047 cet.
787 2013 956 2049 Deberet
986 2015 1116 2048 saltem
1143 2026 1240 2049 esse:
1282 2020 1320 2049 tu
1343 2027 1398 2049 me
1421 2026 1558 2059 purga.

191 2060 225 2093 3.
263 2057 506 2099 infeliciorem
530 2059 610 2092 scil.
638 2070 695 2092 me
720 2060 840 2093 nosti&
870 2080 914 2086 —
962 2062 1134 2103 conficior
1156 2072 1203 2094 =
1227 2061 1286 2096 ich
1310 2061 1436 2095 werde
1461 2060 1560 2095 noch

103 2104 343 2148 aufgerieben
382 2105 461 2140 scil.
496 2105 560 2138 illa
584 2105 810 2149 cogitatione
834 2106 972 2140 venisse
997 2111 1144 2151 tempus,
1176 2127 1222 2133 —
1268 2119 1374 2152 quum
1398 2120 1444 2140 =
1468 2118 1559 2150 quo,

104 2163 176 2186 wo,
227 2149 266 2184 S.
293 2150 440 2184 Ramsh.
476 2151 505 2193 §.
531 2152 617 2194 203,
649 2151 726 2193 IV,
759 2152 797 2194 l,
823 2151 859 2185 b.
896 2171 940 2177 ——
986 2153 1081 2193 iam,
1118 2154 1234 2187 mehr.
1282 2155 1396 2188 Diess
1421 2153 1469 2187 ist
1493 2153 1561 2186 der

103 2200 218 2234 letzte
228 2195 336 2230 Brief
347 2208 390 2230 an
402 2197 551 2231 Attikus
577 2209 659 2231 vom
676 2197 785 2231 Iahre
795 2200 871 2233 705.
907 2199 1039 2234 Cicero
1057 2200 1202 2235 schiffte
1221 2201 1298 2236 sich
1316 2214 1370 2236 am
1389 2205 1418 2236 7.
1432 2198 1561 2236 Iunius

105 2245 170 2280 mit
194 2243 332 2277 seinem
352 2243 501 2277 Bruder
526 2244 599 2277 und
625 2244 696 2276 den
724 2244 858 2278 beiden
882 2245 1018 2288 iungen
1044 2247 1252 2282 Ciceronen
1278 2249 1357 2289 ein,
1384 2260 1441 2281 um
1470 2246 1563 2279 nach

105 2289 382 2336 Dyrrhachium
403 2289 469 2323 in’s
483 2290 608 2333 Lagei·
626 2290 692 2324 des
708 2290 911 2335 Pompeius
937 2293 1031 2326 iiber
1055 2303 1100 2327 zu
1126 2294 1266 2328 sahren.
1305 2295 1380 2328 Die
1398 2295 1563 2328 naheren

106 2336 307 2371 Umstande
332 2335 412 2369 sind
439 2336 659 2371 unbekannt.
707 2336 750 2369 In
776 2337 845 2371 fast
871 2348 966 2371 neun
993 2339 1192 2374 Monathen
1220 2341 1281 2374 hat
1307 2341 1400 2374 daun
1428 2340 1563 2374 Cicero

107 2394 151 2417 an
178 2382 305 2416 seinen
331 2381 480 2460 Atssikus
505 2383 608 2417 nicht
630 2382 893 2427 geschrieben3
934 2384 1010 2419 wie
1035 2385 1113 2420 sich
1137 2397 1202 2421 aus
1228 2387 1310 2421 dem
1336 2387 1469 2420 Datum
1497 2384 1563 2419 des

107 2430 184 2466 384.
202 2429 267 2462 ΒΓ.
293 2428 373 2470 ergi
403 2433 426 2461 t.

205 2484 510 2519 TERENTIAE.
559 2485 598 2520 S.
625 2496 670 2520 zu
697 2498 756 2530 ep.
774 2486 865 2520 LIX
890 2487 939 2521 im
965 2488 1050 2522 Ans.

204 2545 235 2577 l.
276 2542 424 2575 sollicit.
457 2553 588 2587 nempe
621 2543 667 2576 de
697 2544 853 2578 adversa
883 2544 1078 2579 Ciceronis
1103 2545 1329 2579 valetudine.
1376 2547 1565 2585 nem-otus

115 2589 208 2621 enirn
248 2589 385 2629 suerat,
425 2588 544 2622 donec
582 2588 637 2622 vis
669 2590 789 2624 morbi
829 2590 946 2625 eiecta
980 2591 1056 2624 bile
1092 2593 1334 2635 frangeretur.
1377 2592 1484 2625 SCII.
1522 2610 1566 2616 --

116 2635 358 2667 miseri-imam
385 2633 509 2676 habui,
547 2635 692 2669 zeither
724 2636 758 2669 in
792 2637 909 2670 einem
939 2638 1057 2670 hohen
1086 2638 1209 2671 Grade
1236 2637 1475 2681 uiigl'uclslicll
1502 2648 1568 2680 ge-

115 2681 254 2722 macht,
279 2680 510 2713 bekiimmert
534 2681 640 2714 habe.
664 2700 708 2706 —
741 2686 773 2715 et
798 2706 806 2714 .
823 2709 830 2716 .
851 2709 858 2718 .
888 2683 1096 2716 Tulliolam.
1128 2682 1192 2718 Sic
1212 2684 1312 2719 Vict.
1332 2685 1363 2716 l.
1399 2683 1568 2724 Rectius,

117 2735 233 2770 puto,
268 2736 376 2769 quam
411 2724 536 2762 ceteri.
585 2727 658 2762 Cl'r.
686 2727 830 2773 Ep.11.
882 2729 1007 2764 Ceteri
1043 2728 1179 2764 omisso
1205 2734 1239 2764 et
1275 2729 1454 2775 praebent
1482 2729 1570 2763 Tul-
