1795 3043
337 51 654 103 EPISTOLA
688 51 1015 100 cccxxxlx.
1083 50 1300 99 CCCXL.
1446 57 1546 107 425

91 167 166 222 qui
195 179 278 209 non
311 167 532 209 Caesarem
560 164 694 219 magis
724 164 916 218 diligame
956 164 1032 217 qui
1059 163 1096 206 si
1125 177 1274 217 passus
1302 165 1436 217 esset,
1470 177 1548 206 nos

90 238 256 275 secum,
299 226 347 266 ut
381 235 699 275 consueramus,
740 223 858 274 loqui
898 222 940 262 et
975 235 1059 262 non
1099 234 1144 262 se
1180 223 1313 264 totum
1352 222 1478 263 etiam
1505 224 1549 263 et

90 284 218 323 etiam
258 282 311 323 ab
350 292 539 322 sermone
575 282 720 321 nostro
758 277 1004 330 avertisset,
1052 280 1191 320 minus
1219 280 1369 328 miser,
1418 291 1548 331 quam

91 353 205 388 sum,
245 351 389 379 essem.
446 337 554 379 Nam
583 348 686 378 cave
714 337 836 388 putes
864 335 947 375 hoc
977 336 1165 387 tempore
1196 337 1291 389 plus
1318 348 1386 377 me
1406 348 1550 389 quem-

92 408 219 448 quam
258 394 465 445 cruciari,
506 394 618 445 quod
654 405 772 441 eum,
814 403 939 443 quem
977 393 1075 432 ante
1118 406 1184 434 me
1224 393 1378 448 diligo,
1425 393 1549 434 video

92 454 137 493 in
177 454 397 494 consulatu
433 451 599 503 quidvis
632 449 776 502 potius
805 460 896 489 esse
923 461 1048 500 quam
1078 451 1305 490 consulem.
1366 449 1485 500 Quod
1512 450 1549 491 si

92 510 276 552 voluerit
311 509 390 550 tibi
427 508 718 559 obtemperare
758 506 801 546 et
835 504 958 546 nobis
997 505 1048 546 de
1087 506 1266 546 Caesare
1301 507 1474 548 credere
1507 508 1551 547 et

93 567 360 608 consulatum
401 564 612 616 reliquum
646 563 803 603 Romae
847 573 1076 616 peragere,
1127 563 1332 615 incipiam
1378 574 1551 617 sperare

93 624 220 664 etiam
259 622 438 663 consilio
472 622 666 670 senatus,
711 619 885 660 auctore
922 620 991 669 te,
1040 620 1119 660 illo
1168 621 1374 669 relatore,
1429 621 1552 661 Pom-

92 681 234 734 peium
273 680 315 720 et
345 679 565 719 Caesarem
603 677 805 729 coniungi
841 688 975 728 posse.
1033 677 1154 724 Quod
1192 677 1229 718 si
1256 678 1417 719 factum
1453 678 1549 727 erit,

93 749 161 779 me
191 737 292 777 satis
320 735 473 776 vixisse
490 734 662 788 putabo.
719 734 901 774 Factum
924 733 1112 774 Caesaris
1139 734 1191 775 de
1209 734 1393 776 Corfinio
1417 737 1551 777 totum
1573 734 1602 773 3

94 797 137 836 te
167 793 442 845 probaturum
472 792 575 835 scio.
633 790 848 838 Quomodo
877 791 922 830 in
945 791 1181 832 huiusmodi
1195 804 1263 839 re,
1294 792 1553 833 commodius

94 850 247 892 cadere
285 860 368 888 non
408 850 574 901 potuit,
626 859 753 899 quam
789 849 838 887 ut
873 859 941 886 res
980 847 1069 888 sine
1098 849 1303 901 sanguine
1334 850 1552 892 confieret.

92 907 219 949 Balbi
256 906 339 945 mei
376 906 522 957 tuique
560 904 743 945 adventu
771 903 1027 944 delectatum
1054 905 1097 945 te
1126 905 1249 946 valde
1277 907 1452 958 gaudeo.
1510 907 1554 948 Is

95 974 375 1016 quaecunque
415 962 497 1002 tibi
536 962 587 1002 de
618 962 793 1002 Caesare
823 960 931 1002 dixit
968 972 1161 1012 quaeque
1191 962 1342 1003 Caesar
1370 964 1556 1016 scripsit,

95 1022 210 1068 scic,
258 1032 306 1060 re
347 1017 430 1060 tibi
471 1018 690 1071 probabit,
738 1029 1015 1070 quaecunque
1052 1019 1222 1062 fortuna
1271 1019 1362 1061 eius
1406 1020 1556 1072 fuerit,

0 1101 2 1127 ‚
95 1077 311 1120 verissime
339 1077 574 1130 scripsisse.

3 1240 5 1281 ἓ
257 1236 569 1284 EPISTOLA
605 1236 822 1284 CCCXL.
869 1237 951 1295 (ad
984 1238 1077 1285 Att.
1113 1238 1244 1285 VIII.
1281 1241 1386 1299 16.)

203 1326 284 1362 Ser.
315 1322 477 1360 Formiis
510 1323 578 1359 ιν.
601 1323 698 1360 Non.
731 1325 842 1359 Mart.
875 1324 919 1359 A.
950 1324 998 1359 U.
1032 1325 1074 1360 c.
1108 1326 1186 1361 7o5.
1228 1329 1277 1371 (a.
1309 1328 1352 1364 c.
1385 1327 1457 1372 49.)

295 1405 357 1441 De
382 1413 451 1439 suo
476 1403 514 1438 in
539 1402 734 1438 Graeciam
759 1403 1022 1449 proficiscendi
1048 1405 1219 1442 consilio.
1250 1408 1364 1443 1-2.

0 1455 4 1560 Ἰ
592 1483 781 1519 CICERO
814 1474 1001 1520 ATTICO
1027 1484 1066 1521 S.

2 1605 6 1640 ἱ

215 1555 366 1597 Omnia
403 1553 508 1595 mihi
543 1553 714 1605 provisa
751 1559 848 1596 sunt
881 1558 1051 1607 praeter
1088 1556 1303 1599 occultum
1343 1559 1385 1599 et
1420 1559 1559 1600 tutum

100 1612 183 1653 iter
221 1613 274 1653 ad
309 1623 424 1653 mare
458 1623 667 1663 superum.
723 1610 818 1652 Hoc
858 1613 971 1653 enim
998 1614 1105 1654 mari
1132 1615 1197 1655 uti
1225 1627 1309 1655 non
1339 1627 1560 1669 possumus

102 1671 185 1711 hoc
215 1672 402 1723 tempore
431 1668 545 1708 anni.
600 1668 711 1708 Illuc
730 1670 889 1719 autem,
920 1682 1005 1722 quo
1029 1672 1192 1722 spectat
1222 1673 1381 1714 animus
1410 1674 1452 1713 et
1476 1685 1559 1725 quo

4 1737 7 1780 Ι
100 1739 170 1767 res
198 1730 346 1775 vocat,
387 1728 471 1778 qua
497 1724 694 1766 veniam?
753 1725 991 1767 Cedendum
1028 1728 1138 1768 enim
1175 1730 1238 1770 est
1266 1731 1476 1779 celeriter,
1505 1742 1562 1770 ne

103 1848 225 1884 Italia.
258 1866 304 1873 -·
352 1846 414 1891 qui
437 1857 509 1881 non
531 1857 576 1880 =
599 1850 639 1880 ut
662 1857 732 1880 non
764 1847 918 1891 Lamb.‚
958 1849 1263 1892 quemadmodum
1296 1852 1444 1887 volebat
1467 1852 1560 1887 Ern.

104 1895 145 1930 S.
170 1894 318 1928 Ramsh.
344 1893 374 1936 ξ.
390 1894 477 1937 185,
508 1893 595 1927 Not.
621 1894 654 1926 1.
697 1893 841 1928 Grotef.
868 1895 992 1937 §.404.
1016 1914 1061 1920 -—
1108 1897 1170 1940 qui
1193 1903 1278 1933 ante
1300 1899 1334 1933 si
1356 1898 1402 1932 ad
1422 1900 1563 1933 Lentu-

104 1941 181 1974 lum
213 1939 461 1974 referendum.
497 1957 540 1965 —-
598 1939 707 1972 etiam
738 1943 770 1972 et
802 1940 922 1974 etiam.
964 1941 1058 1977 Cdd.
1090 1943 1247 1989 Malasp.
1285 1945 1411 1979 Lamb.
1452 1946 1563 1978 etiam

105 1991 211 2031 atque
242 1986 364 2019 etiam.
405 1985 484 2020 Md.
527 1988 640 2018 totum
672 1989 704 2018 et
732 1989 807 2019 tum
839 1987 958 2022 etiam.
998 1988 1073 2023 ΟΒ.
1118 1988 1155 2024 S.
1190 2001 1248 2035 ep.
1279 1992 1563 2034 CCCXXXVI‚

105 2034 251 2077 Anlage
275 2032 318 2068 Β,
341 2031 378 2065 2,
405 2035 566 2082 -sznte
589 2041 645 2064 me
668 2042 714 2064 =
739 2032 843 2066 mehr
867 2034 920 2067 als
944 2033 1042 2068 mich
1066 2035 1194 2069 selbst.
1219 2056 1264 2062 —
1299 2037 1392 2070 mihi
1414 2039 1457 2071 de
1473 2039 1566 2073 Cae-

105 2090 190 2113 sare
220 2079 385 2120 credere,
423 2088 494 2111 m1r
527 2077 620 2111 iiber
651 2078 782 2112 Ciisars
815 2079 1034 2125 Gesinnung
1067 2082 1236 2117 Glauben
1275 2084 1495 2120 beimessen.
1520 2103 1566 2110 --

106 2125 244 2160 consul.
274 2124 456 2167 reliquum
496 2127 540 2157 st.
580 2124 791 2158 consulatus
826 2125 884 2160 sui
916 2127 1101 2172 reliquum
1134 2135 1288 2174 tempus.
1319 2150 1361 2156 —
1410 2131 1566 2166 consilio

106 2175 270 2214 senalus,
304 2170 422 2203 durch
449 2169 704 2213 Vermittlung
729 2171 795 2204 des
821 2171 965 2207 Senats.
990 2192 1035 2199 —
1082 2179 1230 2209 auctore
1253 2181 1308 2219 te,
1341 2178 1567 2212 aufDeinen

109 2219 265 2261 Antrag.
299 2234 344 2241 -—
391 2216 458 2249 illo
491 2226 623 2260 nempe
648 2216 809 2250 Lentulo
843 2219 1024 2263 relatore,
1064 2220 1187 2256 indem
1211 2223 1393 2260 Lentulus
1417 2225 1568 2259 Deinen

110 2266 253 2306 Antrag
278 2262 377 2296 heim
402 2261 518 2296 Senat
541 2264 796 2298 unterstiitzte.

198 2310 234 2344 3.
270 2309 372 2342 Fact.
399 2308 502 2342 Caes.
529 2309 572 2342 de
598 2308 721 2352 θανῇ,
755 2309 819 2344 das
844 2311 1058 2347 Benehmen
1081 2313 1148 2348 des
1173 2315 1305 2351 Ciisars
1330 2315 1368 2351 in
1394 2315 1572 2351 Hinsicht

110 2354 181 2389 der
205 2353 314 2389 stadt
337 2354 540 2388 Corfinium
566 2354 602 2389 d.
629 2354 655 2389 i.
678 2367 799 2400 gegen
825 2357 1028 2392 Corfinium
1057 2360 1132 2394 und
1157 2361 1220 2396 die
1244 2363 1408 2398 daselbst
1433 2363 1573 2398 Gesan-

112 2410 246 2444 genen.
287 2417 332 2424 —-
381 2401 565 2435 Quomodo
596 2407 667 2435 cet.
712 2403 782 2436 Bei
808 2403 928 2438 einem
953 2405 1125 2442 Vorsalle
1148 2407 1218 2442 der
1241 2411 1312 2443 Art
1336 2409 1477 2443 konnte
1508 2407 1572 2442 die

113 2446 235 2482 Sache
270 2444 367 2496 doch
396 2447 499 2480 wohl
524 2446 637 2498 ‘nicht
669 2448 905 2492 glucklicher
937 2452 1138 2494 ausfallen,
1181 2455 1235 2488 als
1268 2455 1353 2489 dass
1385 2455 1441 2489 sie
1473 2454 1573 2489 ohne

114 2493 423 2544 Blutvergnessen
457 2492 582 2527 abl1ef.
612 2511 657 2520 --·
722 2496 834 2530 Balbi
859 2497 1036 2542 minoris,
1082 2501 1204 2534 seines
1234 2501 1380 2537 Neffen.
1434 2500 1574 2534 Dieser

114 2544 219 2581 zengt
243 2538 323 2572 sich
348 2547 385 2570 m
410 2537 477 2570 der
497 2539 615 2581 Folge
641 2539 735 2575 eben
760 2542 863 2576 nicht
888 2553 934 2577 zu
958 2545 1099 2580 seinem
1114 2546 1328 2583 Vortheile.
1354 2565 1396 2573 —
1435 2548 1576 2581 Caesar

115 2584 263 2619 delend.
290 2593 387 2634 cens..
414 2583 546 2620 GraeV.
573 2586 662 2619 Em.
688 2592 725 2622 et
748 2588 823 2623 del.
846 2589 932 2624 Sch.
958 2591 1053 2627 Liin.
1081 2610 1123 2617 —·-
1158 2604 1219 2636 re,
1244 2593 1361 2626 durch
1384 2592 1447 2627 die
1464 2594 1572 2627 That.

209 2633 241 2665 1.
275 2630 405 2663 Omma
421 2653 439 2680 ,²
457 2653 495 2681 ··.
517 2641 707 2675 superum,
750 2635 824 2669 alle
849 2635 970 2671 meine
994 2639 1188 2673 Anstalten
1220 2638 1301 2673 sind
1334 2649 1406 2672 nun
1434 2640 1575 2683 getros-

120 2677 200 2717 scn3
246 2686 315 2709 nur
357 2685 450 2709 wets
486 2676 545 2709 1ch
578 2677 672 2710 noch
704 2678 839 2715 keinen
864 2683 1062 2725 geheimen
1087 2684 1160 2718 und
1186 2685 1332 2719 sichern
1359 2686 1458 2729 Weg
1482 2685 1574 2720 nach

121 2722 202 2756 dem
239 2722 381 2756 obern
413 2721 585 2758 Meere.
617 2741 663 2749 —
712 2726 789 2762 Hoc
817 2753 825 2763 .
844 2754 852 2763 .
871 2753 879 2763 .
907 2729 1004 2764 mari
1034 2731 1059 2766 i.
1087 2742 1117 2767 e.
1142 2731 1262 2767 insero
1286 2731 1390 2766 mari.
1414 2750 1458 2757 -
1506 2743 1577 2777 qna
