1795 3043
505 60 818 108 EPISTOLA
864 62 1158 109 CCCXVIII.
1471 72 1572 117 369

251 175 567 222 EPISTOLA
603 174 890 221 CCCXVIII.
936 175 1018 233 (ad
1048 179 1138 223 Att.
1176 177 1281 223 VII.
1314 179 1419 236 21.)

190 251 271 286 Ser.
301 253 454 287 Calibus
478 263 510 287 a.
537 250 572 286 d.
602 252 671 288 vl.
705 252 760 286 ld.
787 251 899 285 Febr.
933 253 977 285 Α.
1006 253 1050 286 U.
1076 254 1118 288 C.
1144 254 1221 289 705.
1257 257 1306 298 (a.
1332 255 1372 289 e.
1399 255 1473 298 49.)

159 320 323 354 Tristem
355 327 487 356 statum
520 320 694 366 Pompeii
728 326 765 354 et
800 320 1117 365 Pompeianorum
1149 322 1333 367 deplorat.
1381 324 1498 359 1—3.

591 400 778 435 CICERO
804 400 995 435 ATTICO
1021 400 1061 436 S.

207 459 271 499 De
310 460 430 500 malis
468 459 620 499 nostris
660 462 705 499 tu
742 460 861 511 prius
898 459 1043 511 audis,
1094 472 1220 511 quam
1271 474 1360 514 ego.
1426 460 1561 502 Istinc

95 514 206 555 enim
235 519 445 558 emanant.
502 517 611 556 Boni
642 518 782 556 autem
803 517 903 557 hinc
934 517 1049 568 quod
1080 519 1311 569 exspectes,
1341 518 1450 558 nihil
1481 522 1557 559 est.

94 572 200 611 Veni
232 573 417 626 Capuam
456 573 508 613 ad
537 573 678 613 Nonas
718 572 868 622 Febr.,
909 574 970 614 ita
1011 575 1059 614 ut
1097 575 1308 615 iusserant
1348 575 1558 619 consules.

93 628 156 668 Eo
187 629 255 669 die
285 631 487 670 Lentulus
515 630 631 670 venit
657 643 771 670 sero:
804 632 914 670 alter
945 632 1092 672 consul
1120 631 1290 671 omnino
1320 644 1404 671 non
1434 645 1557 673 vene·

92 687 159 724 rat
197 699 274 728 vn.
307 688 418 728 Idus.
498 686 561 726 Eo
601 687 709 733 enim
747 687 815 727 die
854 700 929 740 ego
975 688 1118 740 Capua
1147 688 1319 728 discessi
1349 690 1390 728 et
1419 690 1556 730 mansi

92 741 277 786 Calibus.
335 744 438 784 Inde
467 744 543 784 has
572 743 717 784 literas
741 745 946 796 postridie
975 748 1073 785 ante
1093 746 1232 786 lucem
1248 744 1359 786 dedi.
1417 746 1552 795 Haec,

91 797 258 850 Capuae
287 800 385 840 dum
415 801 502 849 fui,
535 802 731 854 cognovi:
771 802 880 841 nihil
910 802 954 841 in
985 801 1252 852 consulibus,
1291 803 1456 842 nullum
1485 816 1553 843 us—

90 866 215 905 quam
259 857 483 899 delectum.
553 858 642 898 Nec
696 858 808 898 enim
848 859 1153 910 conquisitores
1199 864 1554 908 φαινοπροσωπεῖν

88 912 256 962 audent,
287 927 412 965 quum
444 916 519 955 ille
550 915 660 955 adsit
690 917 859 965 contra3
900 928 1028 968 quum
1057 917 1199 955 noster
1227 916 1312 956 dux
1343 929 1549 968 nusquam

88 969 163 1021 sit,
193 971 305 1010 nihil
335 975 449 1024 agat:
480 984 560 1013 nec
589 973 760 1012 nomina
788 972 902 1013 dant.
961 971 1117 1012 Deficit
1147 972 1259 1012 enim
1288 985 1371 1012 non
1402 976 1547 1015 volun·

87 1026 172 1078 tas,
211 1028 281 1066 sed
311 1041 418 1079 spes.
479 1029 641 1070 Cnaeus
684 1031 823 1068 autem
852 1030 995 1068 noster
1023 1051 1076 1057 -
1108 1040 1132 1067 ο
1162 1041 1250 1068 rem
1279 1029 1476 1070 miseram
1506 1033 1549 1071 et

84 1081 395 1126 incredibilem!
426 1106 484 1113 -—
513 1088 559 1126 ut
578 1087 690 1125 totus
710 1086 838 1126 iacet!
895 1085 992 1126 >Non
1012 1084 1174 1125 animus
1190 1087 1267 1133 est,
1299 1098 1381 1125 non
1412 1087 1548 1127 consi·

83 1140 212 1188 lium,
242 1153 324 1181 non
356 1141 525 1194 copiae,
558 1154 641 1182 non
673 1142 907 1194 diligentia.
979 1142 1147 1182 Mittam
1176 1143 1273 1194 illa,
1313 1144 1453 1195 fugam
1489 1143 1544 1185 ab

83 1196 189 1236 urbe
218 1198 525 1250 turpissimam,
557 1199 840 1240 timidissimas
869 1199 913 1238 in
944 1199 1110 1252 oppidis
1140 1200 1388 1252 conciones,
1428 1200 1545 1254 igno-

84 1254 290 1295 rationem
319 1269 400 1296 non
433 1257 567 1296 solum
591 1256 835 1306 adversarii,
866 1256 937 1295 sed
957 1257 1085 1296 etiam
1109 1269 1279 1295 suarum
1309 1257 1542 1308 copiarum.

83 1310 176 1350 Hoc.
197 1312 429 1351 cuiusmodi
451 1311 547 1353 est?
606 1325 685 1352 vu.
716 1312 764 1351 Id
783 1312 906 1351 Febr.
930 1312 1115 1363 Capuam
1143 1312 1189 1354 C.
1217 1312 1382 1352 Cassius
1411 1315 1544 1355 tribu·
1566 1315 1594 1355 2

82 1379 160 1406 nus
189 1369 248 1418 pl.
277 1369 412 1420 venit,
454 1369 595 1408 attulit
626 1369 820 1408 mandata
848 1368 901 1408 ad
932 1369 1146 1420 consules,
1190 1371 1238 1408 ut
1269 1369 1442 1410 Romam
1472 1384 1543 1413 ve-

80 1424 236 1472 nirent,
266 1426 487 1476 pecuniam
517 1425 568 1465 de
598 1427 808 1465 sanctiore
838 1425 1002 1464 aerario
1023 1425 1254 1475 auferrent,
1284 1427 1425 1467 statim
1455 1429 1540 1470 exi·

171 1523 203 1555 1.
230 1522 349 1556 istinc.
376 1522 452 1556 Md.
479 1533 501 1556 a
525 1533 580 1566 pr.
602 1523 652 1556 M.
678 1523 799 1556 istam.
826 1523 953 1557 Lamb.
982 1524 1094 1558 istim.
1124 1524 1201 1558 ,ΟΠ
1226 1522 1262 1559 S.
1286 1536 1331 1559 zu
1350 1538 1409 1572 ep.
1422 1530 1534 1573 XIX,

14 1603 15 1607 Ἰ
79 1567 112 1600 4.
141 1567 326 1610 CCCVII,
353 1570 383 1602 7.
404 1587 446 1592 —
486 1569 579 1612 quod
603 1579 720 1613 exsp„
747 1569 840 1602 nihil
865 1573 926 1602 est.
955 1568 996 1603 S.
1017 1569 1166 1604 Ramsh.
1193 1572 1314 1614 §.18ss
1341 1573 1373 1606 2.
1398 1574 1486 1609 Not.
1502 1577 1535 1612 1.

79 1612 223 1647 Grotef.
251 1615 280 1657 §.
293 1615 372 1649 396.
399 1614 578 1648 Anmerk.
605 1633 649 1639 -
695 1626 796 1657 sero,
822 1615 974 1649 Abeuds
1000 1617 1092 1660 spat.
1119 1634 1164 1641 ——-
1209 1617 1252 1652 L.
1273 1619 1535 1655 Corne1.Len-

79 1660 175 1692 tulus
199 1660 291 1693 Crus
321 1660 388 1693 der
420 1660 503 1693 eine
528 1661 666 1694 Consul
700 1661 764 1695 des
790 1661 895 1694 Iahrs
922 1662 1007 1704 7053
1056 1663 1096 1696 C.
1125 1663 1304 1698 Claudius
1329 1666 1534 1703 Marcellus

79 1705 146 1739 der
180 1706 329 1740 andere.
361 1725 405 1731 —
458 1706 545 1740 VII.
572 1707 651 1749 Ιώ,
697 1718 752 1740 am
786 1710 816 1741 7.
845 1708 1024 1741 Februar.
1051 1727 1094 1732 --
1143 1709 1304 1743 Calibus.
1333 1711 1372 1746 S.
1399 1722 1445 1746 zu
1472 1725 1533 1758 ep.

14 1746 17 1757 ’
76 1751 237 1793 CCCXI,
263 1753 294 1785 2.
320 1771 364 1776 -
410 1752 504 1785 nihil
528 1753 727 1797 praesidii,
753 1753 846 1786 nihil
865 1753 1014 1787 consilii
1041 1765 1122 1788 esse
1147 1755 1185 1787 in
1209 1767 1328 1795 cous„
1357 1758 1440 1792 dass
1459 1771 1533 1794 von

77 1797 147 1830 den
174 1798 335 1832 Cousuln
362 1799 493 1832 Nichts
519 1809 564 1832 zu
591 1806 775 1832 erwarten
802 1799 859 1833 ist.
901 1800 994 1843 Vgl.
1022 1812 1080 1844 ep.
1101 1801 1322 1845 CCCXVII,
1349 1806 1384 1838 l:
1422 1805 1533 1849 quid-

75 1854 180 1887 quam
206 1855 287 1877 esse
313 1844 466 1878 minoris
493 1844 549 1877 his
575 1845 800 1879 consulibus.
827 1864 870 1870 -—
918 1847 1098 1889 conquis„
1125 1847 1187 1880 die
1204 1849 1378 1883 Werber.
1411 1851 1532 1886 Erant

76 1889 139 1932 qui
165 1889 211 1922 ad
236 1890 383 1923 diversa
409 1891 490 1923 loca
515 1890 752 1924 mittebantur
777 1897 932 1936 propter
956 1892 1095 1926 milites
1120 1895 1329 1929 evocandos
1361 1903 1398 1930 et
1422 1898 1530 1932 colli-

75 1936 218 1979 gendos
244 1937 443 1971 exercitus.
496 1936 635 1970 Eorum
662 1936 825 1970 meminit
852 1938 985 1971 Cicero
1012 1950 1078 1982 pro
1105 1939 1248 1973 Milone
1281 1952 1310 1975 c.
1328 1942 1404 1985 25.;
1442 1944 1526 1979 Liv.

73 1982 160 2015 libr.
179 1982 242 2023 21,
272 1984 323 2016 11.
352 1989 386 2016 et
414 1982 556 2016 Hirtius
583 1983 629 2016 de
654 1983 697 2016 Β.
725 1984 837 2016 Alex.
865 1994 895 2016 c.
916 1984 948 2018 2.
982 1984 1173 2019 POPMA.
1200 2005 1244 2010 ——-
1292 2002 1527 2038 φαινοπρ.,

73 2039 144 2061 non
172 2028 307 2061 audent
332 2029 368 2061 iu
396 2029 585 2073 publicum
612 2029 765 2072 prodire
792 2035 827 2062 et
852 2040 891 2062 se
919 2031 1037 2064 oculis
1053 2032 1238 2064 hominum
1256 2035 1454 2068 ostendere
1478 2036 1525 2070 ad

71 2075 260 2118 cogendos
292 2074 439 2108 milites.
464 2075 572 2109 SCH.
600 2094 642 2099 —
691 2086 797 2118 quum
822 2075 909 2117 ille,
949 2077 1105 2118 Caesar,
1143 2078 1239 2110 adsit
1264 2085 1410 2124 contra,
1439 2081 1462 2115 i.
1488 2094 1520 2117 e.

73 2132 93 2154 e
118 2121 292 2164 regione,
330 2121 521 2164 proxime,
563 2121 649 2154 weil
677 2122 790 2155 Casar
815 2131 880 2154 uns
905 2121 1034 2156 immer
1059 2123 1174 2156 niiher
1199 2125 1319 2159 riickt.
1345 2145 1389 2152 -—
1436 2138 1522 2161 nus—

70 2178 175 2210 quam
199 2168 265 2209 sit,
307 2167 410 2199 nullo
437 2172 540 2200 certo
565 2167 649 2200 loco
677 2167 873 2209 consistat,
915 2168 981 2201 sed
1012 2169 1121 2201 modo
1146 2169 1341 2204 Luceriam
1359 2198 1369 2214 ,
1408 2175 1520 2207 modo

69 2213 254 2255 Larinum,
280 2223 374 2246 nunc
386 2213 561 2257 Capuam,
588 2224 682 2246 nunc
708 2224 796 2246 vero
814 2213 977 2247 Teanum
1001 2214 1273 2258 proficiscatur.
1303 2219 1518 2255 GORRAD.

70 2258 108 2292 S.
137 2259 348 2302 ep.CCCV‚
374 2260 406 2293 2.
427 2279 470 2284 —-
502 2270 564 2293 nec
589 2260 735 2293 nomina
761 2260 847 2292 dant
872 2260 951 2293 scil.
974 2260 1305 2307 conquisitoribus,
1333 2272 1372 2298 ut
1397 2277 1519 2300 sacra-

67 2312 190 2338 mento
216 2304 370 2338 militiae
395 2305 619 2349 obligentur.
661 2306 765 2339 SCH.
799 2305 902 2346 „und
927 2304 1159 2350 Freiwillige
1184 2308 1308 2342 bieten
1334 2311 1415 2344 sich
1441 2312 1517 2348 nir-

67 2351 186 2394 gends
211 2352 291 2383 anfi
313 2369 358 2375 —
395 2362 465 2384 non
490 2353 634 2395 copiae,
658 2352 769 2384 keiue
788 2352 1060 2394 Hiill'squellen.
1085 2371 1128 2377 -—
1176 2354 1329 2389 Mittam
1346 2368 1392 2390 ..·-.:
1408 2358 1517 2391 omit-

67 2405 139 2431 tam
163 2397 251 2438 illa,
291 2407 368 2430 was
393 2399 457 2431 auf
476 2397 542 2432 das
566 2398 756 2441 Folgende
793 2398 987 2432 hinweis't,
1030 2399 1154 2434 Oxou.
1172 2400 1206 2434 2.
1242 2403 1330 2435 Asc.
1348 2405 1378 2436 1.
1413 2404 1513 2439 Crat.

65 2443 190 2477 Lamb.
219 2443 307 2476 1566
331 2443 447 2477 illam.
474 2461 516 2467 -—
562 2446 702 2486 fugam.
731 2443 768 2478 S.
789 2455 846 2487 ep.
864 2444 1000 2486 CCIV,
1022 2445 1056 2478 4.
1084 2463 1125 2470 —
1173 2447 1290 2481 timid.
1397 2459 1514 2493 conc„

19 2511 21 2526 .
66 2490 168 2524 seiue
201 2489 331 2521 hochst
362 2489 568 2523 muthlosen
593 2490 724 2523 Reden
757 2492 832 2523 an’s
858 2490 961 2525 Volk
985 2490 1022 2523 in
1049 2491 1120 2525 den
1146 2493 1511 2537 llluuicipalstiidten.¹

18 2542 30 2587 Q
153 2537 186 2570 2.
221 2536 299 2568 Hoc
330 2536 532 2567 cuiusmodi
563 2537 640 2569 est?
675 2536 786 2578 Nam,
821 2542 862 2569 ut
886 2542 1009 2570 cetera
1032 2537 1193 2581 mittam,
1221 2541 1349 2580 fugam
1449 2554 1511 2575 co-

26 2591 30 2622 }
61 2582 228 2625 piarum,
266 2581 376 2624 quale
402 2581 472 2613 hoc
496 2588 570 2624 est,
606 2582 705 2625 quod
731 2582 801 2615 iam
826 2582 894 2615 tibi
921 2584 1101 2617 narraboz
1138 2595 1244 2628 quam
1272 2586 1422 2619 stultum
1450 2595 1511 2622 aut

26 2624 31 2656 ἒ
66 2639 171 2670 quam
187 2626 522 2661 inconsideratum?
546 2628 653 2661 SCH.
680 2628 809 2669 „Aber
825 2628 900 2662 wie
919 2628 1148 2672 gestilltDir,
1175 2631 1510 2677 Wasietzttolgtz”

27 2664 33 2711 ζ
65 2692 108 2698 --
145 2675 184 2707 C.
213 2673 372 2707 Cassius.
416 2672 453 2706 S.
487 2683 533 2706 zu
568 2684 625 2718 ep.
647 2673 831 2717 CCCXV‚
864 2674 886 2708 2
918 2676 991 2708 und
1024 2687 1067 2709 zu
1103 2676 1255 2710 CCXLI
1280 2676 1329 2710 im
1354 2680 1438 2713 Ans.
1467 2699 1510 2705 -—

28 2717 35 2759 ἐκ
63 2721 231 2753 mandata
255 2721 277 2752 a'
299 2719 496 2763 Pompeio.
523 2738 565 2744 —
613 2720 794 2763 venirent,
820 2719 875 2754 sie
899 2721 1034 2755 sollten
1059 2721 1138 2755 sich
1164 2720 1283 2756 sosort
1311 2725 1511 2760 uachnom

29 2764 34 2822 ξ
118 2779 184 2806 σεο.
205 2779 316 2806 eriere
338 2788 371 2805 v.
396 2777 536 2805 Billerb.
568 2779 609 2805 11.
1183 2783 1237 2821 24
