1795 3043
149 66 218 117 72
405 57 472 106 M.
509 58 565 105 Τ.
602 16 945 106 CICERONIS
965 56 1356 106 EPISTOLAE.

155 174 378 215 Caesarem
408 174 450 213 ct
478 172 742 224 provinciam
770 174 917 214 tenere
958 185 1055 214 cum
1094 171 1286 214 exercitu
1321 171 1364 211 et
1393 168 1611 211 consulem

155 245 258 272 esse.
317 232 411 282 lpse
453 231 592 269 tamen
620 231 730 272 hanc
761 232 1012 271 sententiam
1041 229 1171 277 dixit,
1203 229 1367 270 nullum
1397 228 1479 268 hoc
1514 230 1615 268 tem-

156 302 261 342 pore
291 289 459 328 senatus
490 289 728 328 consultum
743 288 1007 329 faciendum:
1039 287 1184 339 Scipio
1214 287 1339 333 hanc,
1371 285 1419 324 ut
1434 283 1614 326 Kalend.

157 345 323 387 Martiis
353 345 402 383 de
432 345 665 395 provinciis
696 346 872 398 Galliis,
901 359 985 386 neu
1016 344 1117 396 quid
1148 341 1411 383 coniunctim
1439 343 1616 382 referre-

157 405 243 443 tur.
315 401 585 441 contristavit
633 403 739 443 haec
786 404 996 443 sententia
1044 401 1222 441 Balbum
1263 398 1529 439 Cornelium:
1574 399 1618 438 et

159 460 248 499 scio
287 471 382 498 eum
415 459 606 508 questum
647 472 737 500 esse
778 472 875 500 cum
904 460 1117 512 Scipione.
1180 457 1365 497 Calidius
1394 457 1440 497 in
1471 455 1612 496 defen-

159 517 276 556 sione
307 529 382 556 sua
411 516 495 556 suit
525 515 835 565 disertissimus,
869 517 912 557 in
947 515 1218 558 accusatione
1248 515 1350 555 satis
1379 513 1568 567 frigidus.

378 620 691 667 EPISTOLA
729 621 912 666 CCXII.
952 621 1033 681 (ad
1054 621 1159 666 Div.
1195 618 1291 666 XV.
1329 618 1396 676 3.)

163 707 244 743 Ser.
271 707 309 742 in
335 707 465 741 castris
491 707 537 742 ad
562 708 728 743 Iconium
753 708 826 743 ΙΙΙ.
851 708 937 743 Kal.
963 708 1068 754 Sept.
1092 708 1138 743 A.
1165 707 1211 742 U.
1240 707 1281 742 C.
1302 707 1379 742 703.
1409 707 1456 750 (a.
1484 704 1526 741 C.
1545 705 1620 748 51.)

194 777 254 811 De
279 787 428 812 rumore
452 776 545 811 belli
568 777 736 812 Parthici
762 776 893 811 scribit
919 783 969 820 et,
995 788 1062 811 cur
1085 776 1236 822 publice
1261 775 1355 811 nihil
1381 773 1588 820 scripserit,

657 824 839 859 rationem
864 824 1001 859 reddit.
1026 824 1128 859 1—2.

464 892 516 928 M.
544 893 732 930 CICERO
757 893 864 929 IMP.
892 891 931 928 S.
958 893 1008 928 D.
1034 893 1085 928 M.
1112 892 1316 928 CATONI.

281 963 417 1012 Quum
448 963 501 1004 ad
529 977 596 1005 me
626 965 755 1019 legati
784 964 902 1005 missi
932 963 984 1005 ab
1013 962 1226 1004 Antiocho
1259 963 1535 1016 Commageno
1557 974 1625 1002 ve-

168 1063 337 1098 x‘erliess.
366 1065 402 1100 S.
429 1065 473 1099 ad
499 1066 611 1101 Attic.
630 1067 701 1110 IX,
728 1067 760 1103 6.
810 1066 864 1100 Zu
890 1076 960 1098 non
985 1064 1071 1107 fecit
1096 1065 1217 1109 suppl.
1241 1067 1450 1108 praetorem
1473 1074 1520 1094 =
1544 1073 1627 1095 eum

167 1111 383 1155 praeteriit3
418 1122 463 1145 zu
490 1118 562 1156 opt.
598 1115 744 1158 quisque
769 1114 843 1157 vgl.
871 1113 1019 1146 Ramsh.
1047 1112 1073 1154 ξ.
1103 1113 1180 1155 156,
1207 1112 1236 1144 1.
1266 1110 1411 1144 Grotef.
1440 1111 1470 1153 §.
1496 1109 1563 1143 279
1589 1119 1625 1142 u.

169 1158 249 1192 3⁵34.
277 1176 319 1181 —
354 1158 623 1202 †Pompeius„.
660 1162 743 1204 Ipse
777 1165 907 1194 tamen.
973 1158 1037 1193 Sic
1070 1157 1157 1191 dedi
1190 1168 1270 1190 cum
1303 1157 1422 1199 Beug.
1456 1156 1493 1188 in
1526 1157 1625 1199 App.

171 1207 295 1246 aperte
330 1215 400 1237 non
426 1206 502 1238 vult
529 1206 722 1239 Caesarem
749 1217 854 1250 prov.
883 1211 954 1238 cet.
980 1205 1109 1239 Lamb.
1147 1208 1270 1248 aperte
1306 1203 1500 1236 Caesarem
1531 1205 1630 1234 vetat

173 1249 225 1293 (si
251 1250 339 1291 quid
367 1251 522 1294 excidit,
549 1263 590 1285 ac
616 1263 687 1285 uon
713 1253 838 1295 potius
864 1251 1079 1295 corruptela
1104 1251 1199 1283 inest
1220 1250 1255 1282 in
1277 1253 1400 1293 aperte
1419 1260 1453 1282 v.
1470 1260 1500 1282 c.
1517 1258 1629 1290 aegre

171 1297 258 1338 fert,
281 1296 317 1329 id
345 1297 416 1330 erit
448 1298 573 1341 potius
595 1299 786 1342 prohibet,
819 1303 977 1342 propter
1010 1296 1292 1330 similitudinem
1319 1306 1398 1328 curn
1424 1305 1457 1328 v.
1485 1299 1517 1328 et
1538 1305 1629 1338 pro-

172 1342 350 1383 vinciam)
385 1347 418 1377 et
446 1355 550 1387 prov.
583 1349 702 1378 tenere
727 1349 760 1378 et
785 1344 966 1378 consulem
991 1353 1076 1376 esse.
1130 1343 1264 1376 Tamen
1298 1341 1389 1375 ΕΓΗ.
1418 1340 1504 1375 Sch.
1531 1341 1627 1374 Lim.

176 1388 372 1424 ORELLI.
416 1390 492 1423 Zur
527 1390 646 1425 Sache
682 1392 758 1435 vgl.
801 1403 858 1435 ep.
892 1391 981 1431 223,
1018 1389 1095 1424 9:“
1130 1389 1250 1423 Quid?
1285 1388 1337 1430 si,
1372 1388 1491 1430 inquit
1521 1388 1632 1430 alius,

174 1435 344 1479 (Caesar)
364 1439 397 1468 et
422 1437 547 1470 consul
572 1449 645 1470 esse
670 1441 703 1471 et
729 1438 925 1471 exercitum
951 1436 1080 1469 habere
1104 1435 1224 1468 volet?
1248 1445 1283 1468 u.
1313 1445 1373 1479 ep.
1397 1434 1485 1468 260:
1516 1434 1634 1470 Valde

174 1485 294 1515 autem
325 1493 396 1515 non
422 1484 500 1516 vult
534 1484 772 1527 (Pompeius)
808 1488 841 1517 et
867 1484 977 1526 plane
1012 1484 1112 1515 timet
1139 1482 1334 1515 Caesarem
1365 1480 1547 1514 consulem
1572 1480 1634 1513 de-

174 1528 325 1569 signari
345 1529 470 1571 prius,
496 1540 603 1572 quam
628 1531 824 1563 exercitum
850 1533 882 1562 et
902 1528 1135 1572 provinciam
1161 1528 1375 1560 tradiderit.
1401 1546 1446 1551 —-
1479 1528 1521 1560 de
1542 1537 1633 1570 pro-

174 1574 309 1607 vinciis
336 1575 471 1608 Galliis
495 1576 589 1609 male
616 1576 753 1609 omittit
778 1576 842 1610 Cd.
877 1575 994 1608 Go1·l.:
1022 1585 1102 1607 nam
1129 1580 1203 1606 tuni
1230 1584 1296 1606 neu
1322 1574 1443 1606 locum
1469 1584 1542 1606 non
1569 1574 1635 1606 ha-

174 1620 295 1654 beret.
336 1621 531 1656 ORELLI.
581 1621 769 1666 Scipionis
803 1621 986 1656 sententia
1008 1621 1077 1653 hoc
1102 1620 1328 1664 postulabat,
1357 1626 1395 1652 ut
1420 1620 1504 1653 Kal.
1523 1620 1633 1653 Mart.

176 1666 285 1699 unice
318 1667 363 1700 de
397 1669 603 1711 provinciis
631 1668 778 1710 Galliis,
804 1678 878 1701 non
904 1666 1128 1700 coniunctim
1155 1666 1201 1698 de
1232 1665 1367 1699 ceteris
1401 1677 1550 1708 quoque
1574 1676 1635 1699 re·-

178 1713 353 1747 ferretur.
387 1714 492 1748 SCH.
529 1715 574 1749 P.
600 1715 727 1758 Scipio
744 1714 893 1756 Nasica,
924 1714 968 1748 P.
1004 1724 1053 1747 ex
1089 1712 1236 1746 Licinia
1276 1711 1399 1745 Crassi
1442 1712 1540 1745 filius
1574 1711 1635 1753 (ad

178 1759 291 1793 Attic.
318 1760 369 1802 ΙΙ,
397 1762 443 1799 1.)
469 1761 644 1805 Pompeii
676 1762 726 1795 M.
754 1761 900 1804 collega
926 1760 991 1793 702
1018 1765 1053 1792 et
1080 1759 1244 1792 eiusdem
1269 1769 1388 1791 socer.
1416 1758 1508 1793 vid.
1535 1758 1635 1793 ver-

179 1805 252 1839 rin.
281 1807 354 1849 IV,
379 1807 435 1841 35.
472 1808 547 1840 Dio
581 1808 682 1842 Cass.
710 1807 792 1841 XL.
818 1818 855 1851 p.
883 1806 961 1839 144.
988 1805 1198 1849 Adoptatus
1224 1810 1303 1837 erat
1329 1805 1521 1837 aMetello
1547 1804 1634 1848 Pio,

180 1853 277 1885 unde
303 1853 345 1888 Q.
364 1853 551 1887 Caecilius
577 1854 754 1887 Metellus
778 1853 870 1887 Pius
898 1852 1026 1896 Scipio
1054 1858 1090 1885 et
1108 1851 1216 1884 modo
1235 1851 1278 1885 P.
1294 1851 1403 1884 modo
1424 1852 1465 1886 Q.
1486 1850 1634 1884 dicitur.

179 1897 268 1933 Vid.
297 1898 540 1944 Oudendorp.
567 1900 612 1934 ad
638 1899 792 1934 Sueton.
818 1899 905 1933 Tib.
931 1900 962 1933 4.
989 1917 1033 1922 —-
1058 1899 1215 1932 Balbum
1243 1897 1475 1935 Gaditanum.
1503 1897 1637 1932 Caesa—

180 1944 234 1978 ris
261 1945 567 1989 amantissimum,
603 1957 672 1990 pro
707 1957 779 1989 quo
815 1951 937 1979 exstat
963 1944 1157 1978 Ciceronis
1190 1943 1323 1977 oratio,
1355 1943 1564 1978 ssslANUT.
1591 1963 1634 1968 —-

181 1991 234 2024 M.
261 1991 440 2026 Calidius.
477 1991 513 2026 S.
548 2002 595 2025 zu
620 2004 679 2036 ep.
708 1992 844 2034 CCVI,
872 1992 920 2024 im
945 1991 1028 2024 Ans.
1056 2010 1096 2016 —
1121 1991 1161 2023 in
1186 2001 1322 2031 accus„
1357 1990 1419 2032 (da
1443 1991 1498 2031 er)
1533 1996 1636 2024 sonst

180 2036 244 2070 bei
278 2037 405 2071 seinen
431 2038 625 2081 Auklageu
654 2039 713 2072 eiu
740 2038 912 2072 ziemlich
937 2036 1115 2080 frostiger
1140 2036 1291 2070 Reduer
1318 2035 1409 2079 (ist).
1458 2037 1512 2070 Er
1536 2036 1638 2080 legte

182 2083 267 2116 eine
302 2085 429 2118 solche
454 2085 581 2119 Probe
607 2085 673 2128 ab,
700 2085 752 2118 als
779 2096 820 2118 er
844 2084 914 2117 den
942 2084 986 2118 Q.
1014 2083 1158 2117 Gallius
1184 2082 1378 2126 anklagte,
1404 2082 1476 2116 den
1502 2083 1637 2117 Cicero

182 2130 445 2172 vertheidigte.
496 2131 535 2165 S.
574 2131 681 2166 Brut.
718 2142 748 2165 e.
777 2132 830 2166 79.
856 2132 884 2174 ξ.
911 2131 989 2164 274.

273 2177 329 2211 M.
367 2178 572 2211 CATONI.
629 2179 778 2212 Marcus
817 2176 977 2212 Porcius
1011 2176 1102 2210 Cato
1142 2185 1222 2208 war
1265 2173 1332 2207 der
1363 2173 1531 2208 Urenkel
1565 2184 1638 2207 von

185 2222 277 2256 Cato
305 2224 525 2266 Censorius,
552 2224 645 2257 ebeu
671 2224 751 2267 der,
777 2224 944 2258 welches
969 2223 1039 2256 den
1054 2222 1212 2257 Verlust
1237 2220 1304 2253 der
1329 2221 1497 2254 Freiheit
1522 2221 1640 2254 durch

186 2269 301 2302 Cesar
326 2269 426 2303 nicht
461 2277 635 2314 ertragen
661 2271 820 2311 kounte‚
853 2270 1014 2303 sondern
1039 2268 1119 2302 sich
1151 2268 1189 2301 in
1215 2267 1324 2300 Utica
1349 2268 1530 2300 entleibte
1564 2266 1639 2300 und

185 2315 308 2348 davon
333 2317 403 2349 den
429 2317 631 2351 Beinamen
649 2317 836 2350 Uticensis
860 2316 1002 2350 bekam.
1053 2314 1128 2347 Die
1149 2313 1372 2347 classischen
1391 2313 1548 2357 Stellen‚
1575 2323 1640 2347 aus

186 2362 355 2396 welchen
381 2362 599 2397 Schmieder
624 2363 732 2397 einen
757 2363 890 2397 Abriss
917 2360 1195 2396 seinesLebens
1222 2360 1430 2393 entworfen
1456 2361 1532 2403 hat,
1557 2359 1640 2394 sind

186 2408 262 2442 Cic.
291 2408 337 2442 de
373 2409 482 2444 Offic.
509 2411 551 2452 1,
575 2411 634 2444 31.
666 2409 802 2444 Parad.
830 2412 861 2449 1,
887 2410 920 2444 3.
956 2418 1026 2452 pro
1051 2408 1149 2441 Mur.
1185 2407 1219 2449 2,
1245 2408 1279 2441 3.
1312 2406 1357 2439 ad
1383 2406 1496 2440 Attic.
1523 2406 1554 2450 1,
1582 2407 1639 2440 14.

185 2465 255 2498 pro
283 2454 388 2490 Sext.
416 2457 473 2490 26.
499 2467 555 2500 pr.
581 2456 704 2490 Domo
730 2457 763 2490 8.
790 2456 822 2489 9.
860 2455 942 2489 Liv.
971 2454 1048 2487 105.
1075 2455 1152 2487 107.
1182 2454 1260 2486 108.
1293 2453 1397 2486 Caes.
1424 2452 1520 2486 Bell.
1557 2451 1639 2486 Civ.

186 2503 220 2539 1,
245 2503 302 2536 30.
329 2502 386 2537 32.
421 2502 500 2536 Cic.
533 2502 579 2536 ad
612 2502 700 2536 Div.
736 2501 826 2541 VH,
852 2503 885 2537 3.
920 2500 1033 2541 vm,
1067 2501 1122 2534 11.
1157 2499 1202 2532 ad
1234 2499 1349 2532 Attic.
1383 2499 1433 2543 X,
1466 2500 1521 2532 16.
1554 2497 1638 2532 Liv.

187 2549 265 2582 113.
299 2549 378 2583 114.
429 2549 526 2582 Hirt.
563 2549 609 2582 de
642 2548 741 2582 Bell.
777 2547 895 2583 Afric.
931 2548 988 2581 36.
1015 2547 1072 2580 88.
1111 2545 1188 2578 Cic.
1225 2546 1330 2579 Orat.
1358 2547 1413 2579 10.
1452 2544 1498 2578 ad
1521 2544 1624 2578 Attic

185 2594 275 2635 XII,
300 2597 355 2629 41.
379 2627 381 2629 .
404 2595 544 2629 Dieser
559 2595 669 2629 Brief
691 2594 738 2628 ist
763 2604 808 2627 an
827 2594 960 2628 Cicero
987 2592 1247 2636 geschrieben,
1274 2592 1392 2625 bevor
1417 2591 1542 2624 dieser
1565 2600 1639 2623 von

185 2640 310 2674 seiner
335 2643 471 2676 Armee
496 2642 531 2675 iu
562 2641 722 2675 Cilicien
747 2641 958 2684 Imperator
983 2644 1146 2682 geuauut
1170 2638 1314 2681 wurde,
1339 2637 1510 2671 welchen
1537 2636 1639 2670 Titel

185 2697 227 2719 er
252 2694 326 2720 erst
351 2699 408 2722 am
434 2690 490 2724 13.
519 2689 685 2722 October
711 2686 859 2721 erhielt.
887 2685 926 2720 S.
954 2685 999 2718 ad
1024 2685 1137 2719 Attic.
1165 2684 1215 2727 V,
1241 2685 1285 2718 20
1312 2684 1422 2727 (228).
1472 2683 1524 2718 Es
1541 2693 1639 2717 muss

184 2731 357 2767 desshalb
383 2735 495 2769 ΙΜΡ.
528 2735 565 2768 in
591 2735 658 2769 der
683 2732 935 2768 Unterschrift
961 2731 1096 2776 geu'lgt
1122 2730 1288 2764 werden.
