1795 3043
561 77 881 125 EPISTOLA
916 77 1158 125 CCXXIX.
1495 89 1592 136 131

115 206 216 234 usus
246 205 363 245 sum,
392 191 445 233 ad
472 203 564 239 me,
595 192 644 231 ut
673 190 868 242 scripsit,
900 203 997 231 cum
1030 191 1308 233 Ciceronibus
1339 193 1593 238 Laodiceam

115 253 317 293 venturus
336 251 441 291 erat.
482 250 594 290 Tuas
614 249 740 288 etiam
756 248 1000 300 Epiroticas
1023 252 1220 302 exspecto
1249 251 1396 291 literas
1408 265 1421 301 3
1452 255 1498 292 ut
1517 253 1590 293 ha-

116 308 238 349 beam
268 308 473 349 rationem
502 318 586 345 non
618 306 742 345 modo
772 305 944 358 negotii,
977 318 1123 346 verum
1153 307 1279 348 etiam
1297 309 1373 348 otii
1395 309 1468 349 tui.
1514 310 1589 351 Ni-

114 378 247 407 canor
276 366 320 405 in
353 364 493 405 officio
524 364 586 403 est
616 365 659 403 et
688 377 714 402 a
742 375 808 403 me
836 363 1075 403 liberaliter
1101 366 1334 406 tractatur:
1363 379 1509 419 quem,
1540 370 1587 409 ut

114 426 243 476 puto,
276 423 448 463 Romam
477 433 573 461 cum
601 420 737 460 literis
766 419 951 472 publicis
980 421 1166 470 mittam3
1198 423 1245 461 nt
1273 424 1316 462 et
1345 423 1587 477 diligentius

117 481 391 533 perferantur
421 479 463 518 et
492 477 604 517 idem
635 478 686 517 ad
716 490 782 517 me
800 479 917 517 certa
938 475 989 517 de
1004 479 1046 517 te
1067 479 1109 517 et
1127 492 1152 517 a
1172 479 1213 518 te
1235 481 1405 520 referat.
1437 482 1585 523 Alexis

115 537 229 589 quod
261 537 365 576 mihi
396 535 520 575 toties
549 535 728 575 salutem
746 534 966 584 adscribit,
997 536 1059 575 est
1079 537 1259 587 gratum.
1304 537 1386 577 Sed
1407 550 1584 580 curnon

114 595 201 635 suis
232 594 367 634 literis
389 593 500 632 idem
515 593 634 639 facit,
667 591 778 643 quod
799 604 917 632 meus
937 591 990 631 ad
1011 593 1053 631 te
1070 593 1215 633 Alexis
1235 593 1368 634 facit?
1407 595 1584 638 Phemio

114 652 332 704 quaeritur
361 650 494 698 κέρας.
555 649 638 690 Sed
668 650 775 690 haec
804 650 1023 690 hactenus.
1070 649 1192 702 Cura,
1222 652 1269 690 ut
1288 653 1445 704 valeas,
1473 655 1515 692 et
1534 655 1583 695 ut

111 710 258 760 sciam,
278 707 443 760 quando
467 707 627 760 cogites
646 706 831 747 Romam.
879 706 1023 747 Etiam
1044 708 1168 758 atque
1191 708 1318 748 etiam
1335 710 1445 751 vale.
1491 710 1584 751 Tua
1605 720 1660 762 10

113 769 295 817 tuosque
324 765 508 805 Thermo
539 766 581 804 et
609 776 810 816 praesens
836 764 996 815 Ephesi
1025 764 1344 816 diligentissime
1374 778 1584 808 commen·

112 823 257 864 daram
288 823 330 862 et
366 835 480 862 nunc
511 834 588 874 per
616 822 782 861 literas:
824 821 1046 873 ipsumque
1074 821 1269 862 intellexi
1299 836 1388 863 esse
1417 827 1584 877 perstu-

44 913 45 923 ,
112 881 275 921 diosum
304 879 381 921 tui.
439 880 503 920 Tu
533 878 684 925 velim,
718 878 830 929 quod
862 881 987 919 antea
1017 878 1069 919 ad
1099 880 1140 918 te
1170 880 1344 931 scripsi,
1377 881 1428 921 de
1457 882 1582 923 domo

44 941 46 975 ἐ
110 937 343 988 Pammeni,
372 936 445 976 des
474 948 661 988 operam,
691 938 752 984 ut,
783 936 894 987 quod
924 938 996 975 tuo
1027 948 1203 987 meoque
1232 935 1441 978 beneficio
1475 952 1583 991 puer

46 1013 47 1048 3
110 994 260 1042 habet,
294 1006 430 1041 cures,
463 1006 517 1033 ne
546 1007 629 1046 qua
658 993 823 1032 ratione
855 994 1133 1034 convellatur.
1186 994 1366 1046 Utrique
1395 998 1582 1038 nostram

0 1072 7 1081 ·
30 1051 48 1117 f}
107 1052 332 1094 honestum
360 1051 578 1103 existim03
614 1052 704 1091 tum
732 1050 836 1091 mihi
865 1051 947 1090 erit
974 1054 1233 1103 pergratum.

287 1189 603 1236 EPISTOLA
638 1188 883 1234 CCXXIX.
922 1188 1003 1247 (ad
1031 1189 1137 1234 Div.
1157 1188 1264 1236 VII.
1295 1191 1401 1250 32.)

256 1276 338 1313 Ser.
363 1277 401 1311 in
427 1275 562 1311 Cilicia
587 1281 749 1310 exeunte
774 1276 868 1310 Dec.
895 1276 939 1310 A.
966 1276 1011 1310 U.
1039 1277 1079 1311 C.
1105 1279 1183 1312 703.
1218 1279 1265 1321 (a.
1293 1277 1333 1312 C.
1359 1278 1433 1320 51.)

0 1344 14 1377 Ε
51 1347 53 1363 a
111 1336 292 1369 Hortatur
317 1333 562 1370 Volumnium
593 1339 634 1366 ut
665 1337 812 1376 caveat,
853 1343 900 1365 ne
931 1332 1088 1366 aliorum
1125 1334 1243 1377 dicta,
1279 1346 1373 1377 quae
1404 1342 1583 1380 putentur

1 1391 15 1424 ‘15
51 1383 53 1417 j
111 1382 205 1416 falsa
229 1389 266 1416 et
290 1380 469 1424 ridicula,
501 1380 539 1415 in
573 1379 1008 1459 59.{‘?¹¹se¹'³13¹‘¹¹st⁰²l¹¹t
1033 1380 1258 1461 lgolabellae
1283 1382 1582 1418 benevolentiam

608 1437 639 1460 si
671 1437 682 1459 1
710 1436 778 1458 con
797 1436 889 1459 irme
910 1451 917 1459 .
986 1444 1029 1449 —
1073 1452 1081 1460 .

3 1495 16 1517 Ρ
476 1495 529 1529 Μ.
557 1495 746 1529 CICERO
779 1494 818 1529 S.
846 1495 896 1528 D.
924 1494 1213 1531 VOLUMNIO.

0 1587 18 1610 η.
224 1564 345 1613 Quod
371 1564 463 1605 sine
492 1564 768 1618 praenomine
798 1564 1087 1616 familiariter,
1118 1568 1166 1606 ut
1196 1566 1401 1619 debebas,
1434 1569 1486 1610 ad
1517 1583 1584 1611 me

58 1727 60 1730 y
110 1691 230 1725 Cicer.
268 1688 306 1724 S.
334 1700 393 1734 ep.
414 1688 584 1731 CCXIV,
601 1688 694 1722 4.—
720 1688 800 1728 otii,
827 1687 1094 1731 Zeitvertreib‚
1122 1688 1306 1725 Studium.
1326 1709 1369 1715 —-
1401 1691 1586 1736 Nicanor,

0 1718 20 1752 ἂι·
57 1751 59 1772 τ
110 1737 173 1771 ein
198 1742 408 1770 vertrauter
433 1734 549 1769 Sklav
574 1735 639 1769 des
663 1735 823 1769 Atticus.
857 1734 897 1769 S.
917 1736 1241 1779 cp.CLXXXVI,
1258 1738 1291 1771 3.
1307 1755 1350 1760 —
1374 1737 1413 1771 in
1440 1740 1499 1780 off.
1519 1744 1585 1783 est,

58 1783 59 1786 ’
112 1784 194 1818 thut
218 1783 322 1816 seine
349 1781 622 1824 Schuldigkeit.
647 1800 692 1805 —
728 1781 861 1815 Alexis
885 1792 1015 1815 servus
1040 1782 1158 1816 Attici
1192 1782 1299 1825 isque
1332 1782 1366 1816 ei
1399 1784 1584 1821 iucundus

58 1817 60 1848 *³
113 1832 161 1874 (v.
187 1829 232 1862 ad
258 1828 372 1862 Attic.
392 1828 567 1871 V11‚2),
602 1832 640 1861 ut
670 1828 758 1860 Tiro
784 1828 979 1871 Ciceroni,
1015 1840 1122 1871 quem
1155 1828 1215 1861 hic
1246 1836 1448 1874 propterea
1480 1843 1585 1868 suum

60 1891 62 1903 ι
112 1876 250 1910 Alexin
275 1874 376 1908 dicit.
411 1874 517 1909 SCH.
538 1893 578 1898 -
608 1874 786 1908 adscribit
812 1874 884 1908 tuis
910 1874 1099 1909 literis.—
1130 1874 1301 1910 Phemius
1324 1877 1475 1912 videtur
1501 1891 1585 1914 cor-

61 1918 63 1955 ὲ
113 1922 222 1955 nicen
255 1921 369 1954 fuisse
400 1920 437 1954 in
469 1919 585 1955 Attici
616 1920 753 1954 familia
788 1921 848 1953 vel
882 1931 931 1954 ex
964 1921 1044 1955 eius
1078 1921 1247 1965 liberti53
1287 1933 1328 1956 ac
1360 1924 1519 1959 fortasse
1548 1927 1583 1962 ei

61 1981 63 1998 ι,
115 1978 249 2002 nomen
282 1967 435 2001 dederat
469 1977 490 2000 a
522 1967 769 2001 celeberrimo
795 1966 863 2000 illo
888 1968 1047 2002 Phemio
1074 1968 1286 2004 Homerico.
1322 1969 1430 2005 SCH.
1470 1972 1509 2007 S.
1536 1974 1583 2008 ad

8 2010 27 2032 W·
62 2027 66 2037 ⁴
114 2014 228 2048 Attic.
256 2015 306 2057 V,
328 2014 372 2047 21
399 2013 537 2057 (CCL).
562 2032 607 2038 -—-
639 2015 793 2059 κέρας,
830 2024 958 2046 cornu.

206 2061 260 2094 10.
298 2060 377 2093 Tua
401 2064 567 2104 tuosque,
602 2059 725 2093 Deine
751 2059 1096 2103 Angelegenheiten
1131 2060 1205 2094 und
1231 2059 1355 2095 Deine
1379 2062 1511 2100 Leute.
1537 2084 1583 2091 -—·

118 2105 291 2150 Thermo,
326 2107 396 2139 hoc
421 2117 516 2139 anno
541 2102 655 2140 Asiae
688 2106 948 2150 propraetori,
983 2106 1028 2139 ad
1063 2118 1171 2150 quem
1197 2113 1281 2140 sunt
1307 2109 1489 2152 epistolae
1514 2112 1582 2147 230

0 2151 31 2174 11¹·
65 2164 67 2166 ·
114 2158 153 2187 et
178 2153 271 2186 duae
295 2159 506 2196 sequentes.
543 2152 650 2186 SCH.
684 2152 773 2195 Vgl.
800 2163 859 2197 ep.
879 2153 973 2195 CCI,
990 2153 1023 2186 2.
1043 2172 1087 2177 —-
1117 2153 1318 2197 Pammeni,
1345 2157 1445 2191 Man.
1471 2157 1582 2192 Pam·

66 2219 67 2222 =
114 2200 247 2242 menis,
273 2198 336 2241 qui
362 2198 515 2233 coniicit
541 2199 761 2234 Ciceronem
787 2205 824 2232 et
839 2199 1002 2232 Atticum
1029 2199 1115 2232 huic
1140 2211 1257 2244 puero
1284 2207 1426 2237 tutores
1451 2203 1579 2240 fuisse.

8 2232 33 2267 id
68 2280 69 2284 ,
114 2245 223 2279 SCH.
254 2245 342 2287 Vgl.
370 2245 416 2278 ad
441 2245 556 2279 Attic.
580 2246 648 2288 VI,
667 2246 698 2279 2.
734 2246 787 2278 Im
809 2245 949 2279 Brutus
975 2257 1004 2279 e.
1024 2247 1079 2280 97.
1117 2247 1221 2280 Orat.
1249 2259 1280 2282 c.
1295 2248 1351 2282 29.
1385 2249 1482 2283 wird
1520 2251 1579 2284 ein

68 2307 71 2324 1
117 2290 268 2325 Griech.
297 2291 450 2324 Redner
481 2291 554 2325 und
586 2292 784 2328 Verehrer
816 2292 882 2325 des
907 2292 1182 2327 Demosthenes
1218 2293 1282 2327 mit
1310 2295 1450 2329 Nanien
1476 2297 1587 2330 Pam-

8 2376 35 2408 Μ.
70 2354 73 2369 1
116 2338 448 2418 &aresieggithnn
474 2357 516 2363 —
547 2339 699 2373 convell.
732 2339 781 2373 Ut
805 2349 895 2382 nos,
929 2338 1006 2374 Md.
1035 2339 1137 2375 Vict.
1158 2341 1190 2374 1.
1211 2340 1243 2375 2.
1281 2340 1376 2385 Sqq.
1404 2343 1586 2377 avellatur

0 2419 37 2478 {td}
210 2428 499 2465 VOLUMNIO.
547 2429 592 2463 P.
626 2429 852 2466 Volumnius
882 2430 1111 2475 Eutrapelus
1147 2431 1198 2474 (d.
1218 2431 1240 2466 i.
1274 2431 1334 2465 ein
1360 2434 1472 2467 Mann
1507 2435 1587 2470 voll

3 2478 38 2518 ὑφ’
117 2475 222 2509 losen
240 2474 425 2518 VVitzes),
452 2475 511 2508 ein
536 2476 682 2511 blosser
697 2477 835 2519 Ritter,
861 2477 1105 2511 verschieden
1130 2489 1202 2511 von
1219 2478 1383 2513 Cicero's
1399 2480 1586 2525 Freunde,

0 2521 39 2550 {51⁸5
72 2524 74 2548 ἰ
119 2520 200 2554 dem
227 2520 386 2556 Senator
411 2520 454 2554 L.
475 2522 697 2557 Volumnius
726 2523 788 2566 (ad
813 2523 962 2558 Divers.
980 2525 1072 2567 Vll,
1087 2524 1169 2568 32),
1195 2524 1255 2558 ein
1272 2525 1487 2560 Liebhaber
1513 2527 1587 2561 sei-

2 2569 39 2606 eppr
73 2565 74 2569 ’
119 2576 185 2601 ner
210 2567 536 2611 Freigelasseneu,
572 2568 639 2602 der
664 2569 1011 2615 Mimenspielerinn
1038 2570 1233 2616 Cytheris,
1267 2572 1360 2605 nach
1395 2572 1467 2605 ilim
1493 2574 1588 2608 auch

77 2617 78 2620 ’
120 2612 324 2649 Volumnia
348 2619 523 2656 genannt,
549 2614 617 2648 der
641 2616 891 2662 nachherigen
912 2616 1111 2651 Maitrcsse
1136 2627 1209 2650 von
1228 2617 1426 2652 Cornelius
1445 2619 1589 2664 Gallus,

122 2657 216 2692 dann
241 2671 325 2693 vom
351 2659 544 2693 Triumvir
569 2662 619 2695 M.
647 2663 831 2696 Antonius
859 2665 902 2706 (s.
929 2664 973 2697 ad
998 2663 1152 2696 Divers.
1172 2664 1241 2706 IX,
1263 2664 1344 2706 26),
1371 2665 1589 2701 bekleidete

4 2698 42 2736 esde
122 2711 246 2740 zuerst
271 2706 333 2740 bei
358 2707 471 2741 Casas
497 2706 534 2740 in
561 2707 708 2742 Gallien
733 2712 777 2752 (s.
804 2709 952 2744 Plinius
971 2710 1162 2751 XXXVI,
1180 2709 1241 2752 6),
1268 2709 1362 2742 dann
1390 2711 1487 2745 beim
1513 2714 1590 2746 An-

8 2754 41 2782 [ΝΜ
124 2751 245 2787 tonius
269 2753 313 2796 (s.
329 2752 480 2787 Cornel.
505 2753 603 2799 Nep.
622 2755 827 2799 XXV,l2)
852 2756 923 2789 den
940 2756 1080 2791 Posten
1107 2755 1209 2791 eines
1226 2756 1415 2792 Praefecti
1432 2758 1591 2803 fabrum,

1253 2816 1311 2856 9.
