1795 3043
566 84 881 131 EPISTOLA
927 74 1144 130 CCLXV.
1499 86 1602 133 239

136 199 243 242 mihi
271 200 370 239 sunt
398 210 482 239 uno
510 199 700 249 tempore
729 210 754 237 a
781 199 824 237 te
855 197 1059 249 epistolae
1088 197 1210 245 duae,
1242 208 1345 249 quas
1374 195 1427 236 ad
1456 207 1522 235 me
1552 195 1600 243 Q.

138 257 345 298 Servilius
382 257 514 296 Tarso
557 255 742 296 miserat.
824 255 982 294 Earum
1020 254 1063 293 in
1102 256 1236 295 altera
1274 255 1364 294 dies
1402 255 1492 293 erat
1531 252 1601 292 ad-

135 315 298 366 scripta
325 313 542 354 Nonarum
569 313 804 364 Aprilium:
843 311 888 351 111
917 313 1074 358 altera,
1117 324 1226 363 quae.
1254 311 1359 352 mihi
1388 310 1602 351 recentior

135 371 376 423 videbatur,
406 371 498 411 dies
517 382 601 410 non
619 371 724 410 erat.
771 369 1047 421 Respondebo
1077 369 1208 421 igitur
1235 369 1445 420 superiori
1467 367 1599 420 prius,

137 428 183 469 in
214 442 298 480 qua
335 428 487 468 scribis
526 427 578 467 ad
619 439 685 466 me
715 427 767 466 de
795 426 1059 466 absolutione
1097 427 1344 467 maiestatis.
1402 426 1465 465 De
1505 437 1602 476 qua,

138 486 219 526 etsi
258 487 514 538 permultum
552 485 649 524 ante
689 484 850 523 certior
893 484 1032 523 sactus
1075 495 1187 523 eram
1224 484 1382 530 literis,
1426 482 1601 526 nuntiis,

136 544 250 583 fama
291 543 472 594 denique
511 540 624 593 ipsa3
671 563 729 570 —-
762 541 872 580 nihil
912 540 1024 580 enim
1064 540 1147 580 suit
1182 541 1354 580 clarius:
1395 552 1478 579 non
1519 549 1603 589 quo

139 601 358 652 quisquam
388 600 513 641 aliter
540 600 748 650 putasset3
777 598 849 638 sed
881 599 992 638 nihil
1022 598 1073 637 de
1102 598 1335 649 insignibus
1357 597 1408 636 ad
1433 596 1605 636 laudem

137 657 243 697 viris
283 657 459 697 obscure
494 656 685 696 nuntiari
722 657 831 695 solet
867 677 926 684 -—-
955 659 1094 695 tamen
1134 655 1276 695 eadem
1321 655 1396 694 illa
1424 654 1607 693 laetiora

137 715 333 755 fecerunt
361 714 467 753 mihi
495 715 593 753 tuae
620 714 798 753 literae:
836 725 920 752 non
962 714 1097 753 solum
1126 714 1227 764 quia
1255 712 1423 764 planius
1462 712 1608 762 loque·

138 771 297 812 bantur
319 772 361 810 et
390 769 586 822 uberius,
619 783 745 821 quam
773 771 888 823 vulgi
918 783 1076 817 sermo,
1109 770 1182 810 sed
1212 771 1362 821 etiam,
1393 768 1492 820 quia
1520 781 1608 808 ma-

138 829 202 881 gis
229 827 403 868 videbar
431 826 512 867 fibi
542 828 762 880 gratulari,
793 840 922 879 quum
953 827 1004 867 de
1033 829 1075 867 te
1105 840 1156 867 ex
1186 829 1228 866 te
1252 827 1342 879 ipso
1369 825 1604 866 audiebam.

141 886 394 937 Complexus
430 885 562 937 igitur
600 898 691 925 sum
732 886 989 937 cogitatione
1027 886 1069 924 te
1108 884 1343 924 absentem:
1383 881 1657 935 epistolamz

139 955 241 982 vero
263 943 495 991 osculatus,
526 943 651 982 etiam
680 943 773 994 ipse
803 943 911 982 mihi
939 943 1174 993 gratulatus
1203 954 1307 980 sum.
1356 940 1471 987 Quae
1493 941 1608 980 enim

141 1013 167 1040 a
196 1002 350 1040 cuncto
381 1001 553 1051 populo,
584 1015 608 1040 a
638 1003 800 1046 senatu,
832 1013 855 1039 a
884 999 1099 1039 iudicibus
1127 999 1323 1050 ingenio,
1353 998 1606 1045 industriae,

139 1057 291 1098 virt-uti
319 1058 584 1108 tribuuntur,
626 1057 727 1107 quia
755 1057 858 1096 mihi
895 1057 986 1107 ipse
1017 1059 1207 1096 assentor
1234 1056 1437 1102 fortasse,
1477 1067 1609 1105 quum

141 1127 191 1155 63
221 1126 311 1154 esse
340 1115 382 1153 in
415 1126 480 1153 me
510 1113 645 1166 fingo,
686 1114 790 1153 mihi
831 1126 999 1164 quoque
1036 1114 1120 1165 ipsi
1159 1113 1290 1153 tribui
1328 1115 1443 1163 puto.
1517 1111 1608 1152 Nee

139 1173 225 1211 tam
255 1173 483 1224 gloriosum
513 1172 670 1211 exitum
701 1171 764 1210 tui
792 1171 941 1210 iudicii
972 1171 1194 1218 exstitisse,
1227 1170 1300 1209 sed
1322 1172 1406 1209 inm
1434 1182 1611 1222 pravam

140 1229 409 1268 inimieorum
445 1232 612 1268 tuorum
650 1230 832 1268 mentem
876 1229 1004 1267 fuisse
1039 1228 1239 1269 mirabar.
1313 1227 1408 1278 „Be
1445 1225 1608 1267 ambitu

141 1299 243 1326 vero
275 1285 375 1336 quid
403 1285 594 1336 interest,
623 1286 814 1335 inquies,
845 1298 897 1324 an
928 1285 979 1324 de
1008 1283 1288 1325 maiestate&
1330 1283 1397 1323 Ad
1426 1296 1517 1323 rem
1545 1284 1609 1324 ui·

142 1344 224 1383 hil:
267 1343 448 1382 alterum
478 1343 589 1382 enim
618 1355 703 1381 11011
733 1342 925 1394 attigisti,
959 1343 1134 1382 alteram
1165 1342 1334 1382 auxisti.
1390 1341 1609 1389 Verumta-

141 1492 395 1525 durchstromt
408 1501 442 1523 11.
465 1488 544 1522 sich
557 1488 618 1522 bei
632 1490 760 1532 Aegae
784 1488 821 1522 in
845 1489 916 1522 den
936 1487 1163 1522 Cilicischen
1180 1488 1406 1523 Meerbusen
1432 1488 1606 1533 ergiesst.

141 1539 232 1573 von
259 1538 329 1571 den
350 1535 504 1570 Tiirken
527 1535 623 1569 wird
649 1546 691 1568 er
712 1535 976 1568 Dscheihan
1002 1541 1176 1578 genannt.
1196 1554 1237 1559 —-
1276 1535 1317 1570 Q.
1335 1535 1468 1569 Servil.
1494 1535 1532 1570 S.
1558 1546 1608 1569 zu.

143 1596 202 1629 ep.
230 1583 402 1624 CCLXI,
423 1582 455 1615 2.
474 1600 516 1605 --
555 1581 652 1614 Non.
679 1582 804 1625 April.
838 1582 872 1615 5.
890 1580 1013 1625 April.
1037 1600 1082 1605 —
1120 1582 1163 1615 de
1187 1581 1302 1615 absol.
1325 1593 1394 1625 m.‚
1433 1582 1517 1616 dass
1542 1582 1608 1616 Du

143 1642 216 1663 von
243 1630 310 1663 der
334 1629 687 1671 Maiestiitsanklage
712 1628 1009 1672 losgesprochen
1033 1627 1135 1661 seist.
1182 1628 1387 1662 Dolabella
1417 1629 1518 1662 hatte
1543 1629 1610 1662 ihn

143 1677 191 1711 (le
216 1676 406 1709 maiestate
432 1685 464 1707 11.
491 1673 538 1707 (16
564 1675 703 1707 ambitu
729 1675 940 1718 angeklagt.
975 1673 1013 1708 S.
1042 1685 1100 1718 ep.
1121 1675 1282 1709 CCLXI.
1306 1694 1350 1698 —
1384 1676 1611 1718 permultum

144 1727 246 1764 ante,
277 1722 353 1756 Md.
379 1732 401 1754 a
427 1725 471 1753 te.
492 1739 536 1744 —
578 1721 736 1764 clarius,
764 1719 1006 1763 ruchtbarer,
1032 1721 1251 1763 bekannter‚
1279 1721 1326 1754 im
1348 1720 1508 1764 Gegens.
1534 1731 1611 1755 von

141 1770 302 1803 obscure.
318 1788 362 1793 —
395 1778 466 1800 non
489 1777 556 1810 quo
580 1778 626 1800 =
650 1767 753 1801 nicht
778 1768 831 1800 als
857 1768 975 1802 ob.——
1010 1767 1122 1800 aliter
1146 1779 1222 1800 rem
1249 1767 1401 1801 evenire
1425 1767 1611 1812 potuisse.

142 1835 187 1841 -—
220 1816 268 1849 ad
290 1827 337 1846 z
360 1814 397 1847 in
424 1812 610 1854 Hinsicht,
636 1813 674 1846 in
690 1814 847 1847 Betreff.
883 1813 920 1848 S.
948 1814 1099 1847 Ramsh.
1127 1814 1156 1856 §.
1174 1814 1254 1856 203,
1270 1817 1301 1856 7,
1322 1814 1356 1852 b,
1374 1815 1407 1855 1,
1425 1815 1459 1847 b.
1486 1814 1612 1848 Nach-

144 1861 303 1902 richten‚
329 1860 475 1893 welche
501 1859 571 1892 den
596 1859 718 1893 Ruhm
744 1860 1067 1904 hervorrageuder
1092 1861 1251 1894 manner
1275 1861 1478 1902 betreffen,
1504 1871 1613 1894 erre-

144 1919 216 1952 gen
241 1908 302 1940 die
327 1905 548 1950 allgemeine
571 1906 932 1949 Austuerksamkest,
958 1906 1171 1940 schleichen
1197 1918 1232 1940 u.
1254 1906 1406 1940 bleiben
1432 1907 1535 1941 nicht
1558 1906 1611 1940 im

143 1954 333 1988 Dunkeln.
352 1972 396 1977 —
434 1952 556 1994 magis
659 1956 783 1996 grat„
808 1953 1014 1987 lebhastern
1033 1953 1189 1987 Antheil
1213 1964 1259 1986 an
1285 1954 1353 1987 der
1375 1952 1510 2015 srohebl
1533 1953 1613 1987 Be-

140 2000 344 2045 gebenheit
366 2009 413 2033 zu
438 1999 609 2032 nehmen.
703 2010 706 2011 ⁷

235 2058 268 2091 2.
299 2058 377 2101 ipse
407 2055 516 2095 mihi,
550 2055 635 2090 sch.
666 2055 759 2090 mila·
787 2056 876 2100 ipsi,
909 2055 963 2089 315
996 2056 1044 2089 ob
1069 2066 1109 2090 es
1133 2056 1256 2089 meine
1281 2055 1402 2090 Sache
1426 2058 1541 2091 ware.
1564 2075 1611 2083 —-

146 2103 233 2148 quia
262 2103 384 2137 deleV.
420 2103 510 2136 ΕΓΗ.
544 2102 640 2136 coni.
677 2103 897 2146 Maru-Lag.
934 2101 1019 2136 Scb.
1054 2103 1147 2136 Lun.
1167 2121 1212 2127 —-
1254 2113 1296 2136 ea
1326 2114 1373 2135 =
1403 2103 1611 2147 ingenium,

146 2150 380 2191 industriam,
405 2149 594 2183 virtutem.
617 2168 661 2173 -—
695 2160 853 2193 pravam
878 2174 886 2181 .
907 2173 915 2181 .
941 2153 1093 2182 mentem
1116 2149 1151 2182 h.
1172 2160 1203 2181 6.
1230 2150 1490 2193 temeritatem,
1517 2150 1614 2183 stul-

146 2196 285 2238 titiam,
312 2196 595 2240 perversitatem
619 2196 786 2239 cons-ilii,
814 2206 921 2239 quam
954 2195 991 2228 in
1019 2195 1219 2228 Dolabella
1242 2195 1359 2239 Appii
1390 2202 1611 2230 3661531016

146 2241 371 2287 improbavit
394 2253 452 2286 ep.
471 2241 635 2276 CCLVI.
661 2241 768 2275 SCH.
787 2262 832 2266 —
869 2242 925 2275 De
949 2242 1086 2275 ambitu
1110 2252 1194 2274 vero
1220 2242 1385 2275 accusari
1411 2248 1504 2285 cet.‚
1530 2252 1611 2276 was

145 2289 208 2322 fiir
232 2288 341 2321 einen
363 2287 610 2321 Unterschied
635 2288 725 2321 aber
750 2288 833 2332 gibt
854 2299 893 2321 es
920 2288 1110 2321 zwischen
1135 2288 1240 2321 einer
1265 2287 1436 2332 Anklage
1460 2289 1508 2322 de
1533 2299 1612 2321 ma-

146 2334 280 2368 iestate
305 2344 340 2367 u.
364 2333 409 2367 de
434 2334 597 2367 ambitu?
630 2335 738 2368 Kann
763 2334 823 2368 ich
848 2335 986 2377 hoffen,
1012 2345 1085 2367 von
1110 2334 1290 2368 letzterer
1314 2334 1611 2379 losgesprochen

148 2391 194 2414 zu
220 2379 391 2422 werden,
414 2390 522 2413 wenn
549 2381 607 2413 ich
627 2381 719 2414 auch
744 2392 817 2414 von
843 2386 1007 2415 ersterer
1030 2381 1326 2425 losgesprochen
1351 2381 1440 2414 bin?
1470 2380 1612 2415 Schiitz

146 2426 357 2460 vermuthet
381 2436 465 2458 num
489 2427 575 2468 quid
597 2427 765 2470 interest,
804 2428 884 2471 gibt
917 2439 956 2461 65
988 2428 1063 2461 wol
1096 2427 1204 2460 einen
1235 2427 1484 2460 Unterschied
1517 2426 1613 2460 zwi-

147 2474 261 2507 schen
285 2472 356 2505 den
383 2471 516 2505 beiden
541 2473 759 2517 Anklagen?
792 2473 839 2508 ist
865 2474 926 2508 die
951 2474 1034 2507 eine
1065 2474 1294 2517 wenigstens
1319 2473 1421 2506 nicht
1446 2472 1543 2506 eben
1566 2483 1611 2506 so

147 2518 315 2554 schlimm
341 2518 395 2551 als
420 2517 481 2551 die
506 2519 719 2553 311116162-
760 2521 823 2554 Ad
847 2532 924 2553 rem
949 2521 1012 2564 (ad
1037 2524 1070 2553 te
1093 2520 1238 2560 Lamb.)
1271 2518 1385 2561 nihil,
1419 2518 1456 2552 in
1489 2519 1612 2552 Anse-

147 2566 249 2609 hung
272 2564 417 2598 Deiner
440 2564 632 2598 Unschuld
657 2566 738 2609 gibt
762 2578 802 2601 es
825 2567 961 2601 keinen
986 2566 1234 2600 Unterschied
1259 2565 1447 2607 zwischen
1474 2564 1613 2599 beiden

148 2611 354 2654 Anklagen.
372 2629 416 2634 —
441 2611 546 2644 aller.
566 2621 595 2645 e.
611 2623 645 2645 n.
661 2613 770 2655 attz'g.
783 2638 794 2655 ‚
819 2613 915 2647 denn
941 2624 1014 2647 von
1031 2613 1114 2646 dem
1136 2613 1244 2646 einen
1260 2612 1406 2645 Puncte
1423 2611 1457 2644 d.
1472 2611 1498 2645 i.
1524 2621 1612 2645 vom

147 2657 353 2699 Vergehen
377 2656 445 2690 der
470 2657 822 2703 Volksbestechung
846 2660 1005 2704 (ambit.)
1040 2659 1169 2693 weisst
1192 2659 1254 2692 Du
1280 2657 1380 2690 Dich
1404 2666 1501 2700 ganz
1524 2657 1610 2691 frei.

148 2722 192 2728 —-
215 2704 370 2737 alteram
393 2702 474 2736 scil.
500 2704 633 2749 populi
658 2704 885 2740 maiestatem
911 2717 985 2739 non
1008 2705 1195 2747 minuisti,
1221 2703 1286 2738 sed
1313 2703 1462 2737 auxisti.
1488 2702 1610 2738 Gebh.

146 2749 267 2794 Beng.
291 2749 389 2785 Rob.
416 2748 546 2795 Steph.
579 2750 804 2785 alterum-
861 2751 998 2786 Verum
1020 2756 1140 2786 tamen
1251 2750 1389 2784 liceret.
1427 2748 1495 2785 Sic
1524 2759 1612 2783 cor-
