1795 3043
211 68 315 115 362
517 64 582 111 Μ.
620 65 674 109 Τ.
712 63 1053 111 CICERONIS
1087 65 1459 112 EPISTOLAE.

213 175 369 226 Effice,
400 177 436 217 si
465 188 533 216 me
569 175 733 229 diligis,
773 178 821 216 ut
850 178 991 218 valeas
1021 179 1063 218 et
1093 180 1141 219 ut
1169 177 1222 220 ad
1250 191 1326 219 nos
1356 178 1500 220 firmus
1529 193 1579 222 ac
1608 195 1677 222 va·

213 235 305 274 lens
336 246 464 330 quagi-
488 233 672 330 ptrimum
702 234 856 275 venias.
915 234 1022 275 Ama
1061 248 1157 288 nos,
1198 238 1240 276 et
1265 237 1372 277 vale.
1439 237 1486 286 Q.
1518 238 1568 280 F.
1596 239 1675 279 tibi

213 294 394 332 salutem
452 303 509 331 ici
533 322 542 330 .

1778 140 1781 203 Ι

383 486 696 534 EPISTOLA
743 486 982 534 CCCXIV.
1029 486 1109 545 (ad
1154 488 1244 534 Att.
1280 488 1385 536 VII.
1424 491 1529 548 17.)

306 564 387 599 scr.
419 563 455 599 in
482 564 681 600 Formiano
706 564 774 600 1v.
799 564 898 600 Non.
924 565 1034 600 Febr.
1059 565 1103 599 A.
1130 564 1176 600 U.
1201 565 1239 600 C.
1267 566 1344 600 705.
1380 567 1425 609 (a.
1452 566 1492 601 c.
1511 566 1587 608 49.)

211 633 274 669 De
298 633 480 669 mandatis
505 632 679 677 Pompeii
694 633 740 666 ad
765 633 960 668 Caesarem
977 633 1145 677 perlatis,
1171 634 1219 667 de
1243 634 1412 668 Trebatii
1437 633 1558 669 literis.
1583 633 1677 668 Cae-

211 679 307 714 saris
332 686 465 724 rogatu
491 680 539 714 ad
572 680 794 714 Ciceronem
825 678 975 724 scriptis
1002 685 1038 712 et
1062 680 1139 714 suis
1165 681 1211 714 ad
1236 691 1299 715 eas
1324 680 1526 726 responsis.
1557 680 1676 715 1—5.

707 748 895 783 CICERO
927 748 1119 783 ATTICO
1154 749 1193 784 S.

326 809 442 849 Tuae
469 808 622 848 literae
651 807 759 847 mihi
788 808 931 860 gratae
952 807 1246 859 iucundaeque
1275 810 1384 849 sunt.
1441 808 1505 849 De
1534 809 1678 862 pueris

211 865 256 906 in
288 865 512 907 Graeciam
540 865 878 917 transportandis
920 866 1010 905 tum
1038 865 1300 918 cogitabam,
1340 879 1468 919 quum
1496 867 1596 919 fuga
1625 878 1678 907 ex

209 923 337 964 Italia
367 923 516 975 quaeri
543 922 781 964 videbatur.
854 922 942 963 Nos
979 923 1092 962 enim
1132 923 1381 974 Hispaniam
1417 924 1676 977 peteremus}

209 981 300 1022 illis
331 981 413 1021 hoc
452 993 586 1032 aeque
615 979 879 1020 commodum
907 992 991 1020 non
1023 981 1126 1020 erat.
1207 981 1272 1021 Tu
1301 981 1391 1033 ipse
1422 993 1519 1022 cum
1550 981 1678 1021 Sexto

210 1039 339 1078 etiam
367 1050 481 1078 nunc
509 1037 617 1078 mihi
644 1037 802 1078 videris
833 1037 990 1078 Romae
1020 1039 1136 1078 recte
1172 1050 1264 1078 esse
1302 1051 1440 1090 posse.
1507 1037 1678 1078 Etenim

209 1096 381 1137 minime
410 1094 537 1136 amici
565 1095 764 1148 Pompeio
794 1097 937 1134 nostro
957 1107 1048 1134 esse
1073 1094 1246 1135 debetis.
1301 1095 1433 1136 Nemo
1463 1095 1574 1135 enim
1603 1107 1679 1134 un-

211 1165 336 1204 quam
381 1154 546 1192 tantum
586 1152 639 1192 de
678 1151 853 1192 urbanis
895 1151 1079 1203 praediis
1117 1151 1314 1192 detraxit.
1389 1152 1571 1192 Videsne
1609 1163 1677 1192 me

159 1207 188 1247 2
213 1210 341 1250 etiam
370 1208 535 1251 iocari?
596 1209 717 1249 Scire
752 1209 836 1248 iam
872 1210 915 1248 te
955 1209 1145 1260 oportet,
1183 1210 1231 1250 L.
1273 1209 1426 1249 Caesar
1465 1221 1572 1260 quac
1614 1220 1678 1249 re-

209 1279 364 1319 sponsa
393 1266 551 1306 reserat
579 1279 605 1305 a
634 1265 861 1317 Pompeio,
891 1277 994 1316 quas
1024 1265 1077 1305 ab
1107 1265 1253 1305 eodem
1284 1266 1336 1306 ad
1367 1266 1589 1306 Caesarem
1618 1267 1678 1306 fe-

209 1327 278 1364 rat
306 1325 467 1365 literas.
527 1322 720 1374 Scriptae
762 1321 874 1361 enim
903 1325 944 1361 et
980 1321 1103 1361 datae
1139 1322 1199 1362 ita
1234 1324 1353 1374 sunt,
1386 1325 1434 1363 ut
1471 1335 1678 1375 propone-

209 1382 358 1422 rentur
385 1382 429 1420 in
458 1380 653 1433 publico:
684 1380 729 1419 in
759 1391 843 1430 quo
874 1379 1071 1420 accusavi
1102 1391 1265 1419 mecum
1294 1380 1385 1432 ipse
1416 1380 1678 1432 Pompeium,

210 1440 307 1491 qui,
343 1451 473 1490 quum
503 1437 687 1490 scriptor
727 1437 971 1477 luculentns
1003 1437 1132 1488 esset,
1172 1438 1311 1479 tantas
1340 1449 1409 1477 res
1438 1439 1565 1488 atque
1593 1449 1678 1489 eaS,

210 1508 319 1548 quae
348 1497 391 1535 in
421 1496 608 1536 omnium
638 1506 786 1534 manus
816 1495 1019 1534 venturae
1049 1495 1200 1540 essent,
1233 1495 1370 1534 Sestio
1399 1496 1542 1534 nostro
1575 1494 1678 1534 scri-

209 1620 419 1655 testz'monia
441 1623 528 1663 puto
555 1618 578 1652 i.
606 1629 639 1652 e.
668 1623 740 1652 tam
767 1628 876 1651 veros
910 1624 945 1651 et
977 1623 1099 1651 certos
1126 1629 1234 1660 quam
1262 1618 1473 1652 testimonia
1497 1618 1679 1663 religiose

210 1667 310 1701 dicta
334 1666 358 1701 i.
381 1677 414 1700 e.
441 1664 667 1709 gerichtlich
686 1665 955 1698 beschworene
969 1663 1187 1707 Zeugnisse.
1237 1664 1344 1698 SCH.
1372 1666 1579 1699 testimonia
1603 1666 1680 1699 for-

210 1714 305 1749 sitan
339 1713 503 1746 oracula.

303 1762 336 1793 1.
362 1762 445 1792 sunt
470 1769 539 1803 pro
564 1758 722 1800 fuerunt.
750 1774 793 1781 ·-
825 1756 869 1789 de
889 1757 1017 1800 pueris
1036 1782 1045 1790 .
1070 1781 1077 1789 .
1101 1760 1297 1800 transpore.
1347 1755 1461 1791 Suum
1486 1763 1524 1792 et
1550 1756 1678 1795 Quinti

210 1806 338 1841 fratris
355 1806 473 1839 filium
491 1804 528 1838 in
549 1803 744 1838 Graeciam
763 1808 1018 1847 transportare
1043 1803 1212 1843 volebat,
1240 1802 1410 1847 quoniam
1437 1804 1489 1837 ibi
1517 1814 1678 1838 commo-

211 1853 296 1887 dius
323 1851 466 1885 erudiri
491 1854 679 1895 poterant,
706 1860 813 1894 quarn
840 1850 871 1883 si
898 1859 963 1883 eos
989 1860 1111 1882 secum
1140 1849 1175 1882 in
1203 1849 1420 1893 Hispaniam
1444 1850 1675 1884 abduxisset.

211 1899 320 1933 SGH.
357 1902 433 1931 tum
458 1902 535 1930 erst
560 1896 625 1935 da,
652 1896 718 1930 als.
742 1915 785 1920 -
817 1896 910 1938 fuga
930 1921 937 1929 .
956 1920 965 1928 .
985 1922 992 1930 .
1015 1896 1144 1939 quaeri
1165 1895 1301 1936 videb.,
1340 1896 1395 1929 als
1423 1907 1505 1930 man
1529 1897 1595 1931 auf
1615 1896 1678 1930 die

211 1945 349 1980 Flucht
372 1968 381 1977 .
401 1970 409 1978 .
429 1969 437 1978 .
461 1943 621 1978 bedacht
654 1953 700 1976 zu
731 1942 812 1976 sein
844 1942 984 1976 schien.
1015 1961 1059 1966 —
1107 1942 1232 1986 Hisp„
1264 1942 1366 1985 quod
1396 1941 1451 1976 ibi
1487 1942 1678 1978 exercitus

210 1990 466 2036 Pompeianus
492 1994 583 2023 erat.
617 1989 709 2025 Vid.
736 2000 796 2033 ep.
825 1988 975 2031 CCCX,
999 1989 1033 2022 4.
1061 1988 1242 2032 CCCXV,
1267 1989 1299 2022 2.
1326 2008 1370 2013 ·—
1394 2000 1467 2023 mm
1490 1994 1582 2024 erat.
1615 1990 1679 2023 In-

213 2039 326 2072 dicat.
352 2049 422 2082 pro
449 2036 633 2072 conjunct.
658 2054 703 2061 —-
727 2035 836 2069 Sexto
861 2035 1073 2070 Peducaeo.
1109 2034 1147 2069 S.
1165 2046 1224 2080 ep.
1241 2035 1426 2078 CCCVII,
1440 2038 1474 2071 3.
1500 2055 1543 2062 -—
1568 2040 1677 2079 recte,

213 2086 312 2118 ohne
329 2083 546 2118 Bedenken.
572 2101 615 2107 ·-
640 2082 684 2116 de
709 2082 861 2115 urbanis
881 2082 1061 2125 praediis.
1094 2081 1158 2116 Sic
1175 2082 1240 2115 Cd.
1258 2081 1295 2114 in
1313 2092 1427 2124 marg.
1443 2082 1545 2117 1584.
1567 2093 1678 2126 prae-

212 2131 322 2165 sidiis
347 2132 464 2165 Cett.:
491 2130 564 2172 „in
580 2140 654 2172 quo
670 2128 776 2162 iocus
795 2129 919 2161 nullus
936 2128 1043 2162 inest.
1076 2129 1216 2162 Contra
1233 2127 1327 2161 illud
1349 2128 1524 2170 ambigue
1539 2128 1678 2162 dictum

212 2178 329 2212 risum
363 2176 560 2223 σαρδάνιον
593 2186 744 2209 movere
778 2181 942 2220 poterat:
978 2174 1164 2218 significat
1196 2174 1313 2207 enim:
1349 2185 1491 2215 „nemo
1518 2185 1677 2219 unquam

212 2231 286 2259 tam
312 2222 514 2261 imminuit,
549 2221 658 2255 immo
690 2221 851 2266 dempsit
876 2221 1129 2266 locupletibus
1155 2220 1261 2254 vobis
1285 2220 1497 2254 facultatem
1522 2221 1560 2254 in
1587 2222 1678 2255 urbe

213 2269 470 2305 remanendi.⁷'
497 2269 693 2302 ORELLI.
729 2268 932 2312 praesidiis
947 2295 955 2302 .
979 2294 986 2301 .
1009 2294 1018 2303 .
1038 2268 1200 2309 deiram„
1225 2272 1264 2299 ut
1283 2267 1346 2311 qui
1366 2278 1594 2301 nummorum
1613 2279 1678 2302 ve-

212 2324 374 2352 strorum
391 2326 516 2349 curam
533 2315 669 2348 nullam
683 2315 868 2357 habuerit,
888 2314 980 2348 urbe
1000 2314 1080 2348 sine
1097 2313 1284 2358 praesidio
1302 2312 1460 2347 relictis.
1486 2314 1675 2348 POPMA.

210 2362 374 2409 prctesz'cl.
402 2362 545 2395 erklart
569 2361 745 2395 Wieland
770 2361 895 2405 dahin,
914 2361 998 2394 dass
1023 2359 1084 2393 die
1103 2360 1269 2393 Consuln
1286 2360 1359 2393 und
1379 2360 1537 2403 iibrigen
1556 2360 1679 2404 Magi-

214 2415 331 2445 strate
364 2409 472 2442 nebst
497 2407 568 2441 den
595 2408 827 2442 Consularen
854 2418 888 2441 u.
909 2417 1000 2441 s.w.
1027 2405 1089 2439 die
1114 2405 1222 2440 Stadt
1247 2406 1434 2440 verlassen
1460 2407 1603 2449 hatten,
1631 2417 1677 2440 zu

197 2457 330 2490 deren
357 2454 496 2489 Schutz
521 2454 576 2488 sie
602 2454 806 2498 eigentlich
832 2453 972 2488 zur-fiel<
998 2451 1146 2486 bleiben
1171 2458 1346 2487 mussten.
1363 2471 1407 2477 —
1432 2453 1679 2488 etiamr-sso—

243 2514 283 2537 ar
308 2502 417 2536 noch.

214 2515 239 2548 g
306 2549 341 2583 2.
375 2548 419 2582 L.
447 2547 550 2581 Caes.
584 2545 621 2581 S.
648 2556 693 2580 zu
719 2557 779 2591 ep.
806 2545 980 2584 CCCXI,
1007 2545 1040 2578 2.
1069 2564 1111 2569 -
1137 2545 1361 2589 Pompeium,
1385 2545 1617 2590 quizquod
1633 2545 1677 2579 is.

217 2616 260 2622 —-
285 2594 446 2639 scriptor
470 2593 669 2627 luculentus
692 2592 715 2626 i.
733 2604 764 2626 e.
792 2603 902 2637 quum
929 2591 978 2625 sit
1004 2591 1085 2635 ipse
1104 2592 1307 2636 Pompeius
1331 2592 1369 2625 in
1395 2592 1564 2626 oratione
1587 2592 1678 2626 satis

217 2642 362 2685 amplus
388 2646 426 2674 et
450 2641 601 2674 nitidus.
635 2639 744 2673 SCH.
765 2657 807 2662 -
834 2642 1036 2676 tcmtasres,
1059 2639 1119 2671 cin
1145 2649 1186 2671 so
1213 2638 1412 2681 wichtiges
1436 2639 1676 2672 Actensuick‘

218 2687 355 2726 Sestio,
390 2687 518 2732 inepto
545 2686 685 2720 homini
710 2691 746 2719 et
770 2684 924 2718 insulso.
972 2684 1210 2719 vimen-ero
1235 2696 1292 2729 ep.
1311 2685 1388 2720 229.
1438 2685 1490 2718 Es
1516 2684 1564 2718 ist
1588 2685 1679 2718 aber

219 2733 320 2767 nicht
343 2734 387 2768 P.
416 2733 561 2769 Sestius
586 2732 769 2776 gemeint,
807 2731 988 2781 derwietzt
1023 2732 1076 2765 als
1110 2732 1320 2776 Proprator
1351 2731 1430 2766 sich
1456 2731 1494 2765 in
1519 2729 1679 2766 Cilicien
