1795 3043
245 62 347 110 210
506 51 571 99 Μ.
608 50 662 96 Τ.
701 47 1041 96 CICERONIS
1076 48 1449 99 EPISTOLAE.

469 163 784 212 EPISTOLA
819 162 990 210 CCLV.
1038 163 1119 222 (ad
1154 164 1259 209 Div.
1298 165 1361 210 II.
1395 166 1500 225 11.)

363 244 444 280 Ser.
470 241 682 277 Laodiceae
707 240 806 285 prid.
832 240 928 275 Non.
956 239 1049 284 Apr.
1075 242 1120 273 A.
1147 240 1192 275 U.
1220 241 1258 275 0.
1286 242 1365 276 704.
1393 243 1443 284 (a.
1470 242 1511 277 0.
1537 242 1613 284 50.)

257 313 400 350 Scribit
425 322 464 345 se
490 310 594 344 urbis
619 308 811 343 desiderio
837 315 874 343 et
899 307 1070 342 satietate
1094 309 1312 353 provinciae
1337 310 1472 344 teneri.
1498 311 1530 344 1.
1566 310 1724 354 panthe-

256 371 316 395 ras
341 358 470 395 Caelio
495 357 542 392 ad
565 356 676 391 ludos
701 355 904 399 diligenter
929 355 1062 389 curari.
1110 355 1287 399 Denique
1313 356 1421 401 petit,
1448 361 1488 391 ut
1511 356 1585 392 sibi
1610 356 1657 391 de
1680 367 1723 391 re

682 403 835 447 publica
860 401 1063 446 diligenter
1088 401 1236 436 sciibat.
1262 402 1297 436 2.

395 474 448 509 M.
475 471 661 507 CICERO
687 471 792 506 IMP.
821 470 858 505 S.
886 470 935 503 D.
963 470 1014 504 Μ.
1041 469 1227 504 CAELIO
1260 469 1444 506 AEDILI
1475 438 1587 505 CUR.
1790 468 1795 524 j

374 532 608 573 Putaresne
638 543 820 582 unquam
850 529 1045 569 accidere
1073 540 1210 580 posse,
1239 530 1286 568 ut
1316 528 1422 569 mihi
1451 529 1581 571 verba
1610 528 1725 569 dees-

261 590 377 632 sent:
406 601 543 641 neque
571 589 705 628 solum
734 588 817 627 ista
835 589 976 626 vestra
1001 587 1200 635 oratoria,
1230 586 1302 626 sed
1322 587 1429 626 haec
1459 587 1589 628 etiam
1612 587 1725 627 levia

261 646 496 689 nostratia?
537 645 700 685 Desunt
737 647 877 684 autem
907 645 1081 695 propter
1111 644 1221 683 hanc
1251 656 1439 693 causam,
1468 644 1580 695 quod
1608 642 1724 683 miri-

260 704 342 746 fice
372 717 462 744 sum
491 702 718 748 sollicitus,
754 700 954 751 quidnam
983 700 1034 740 de
1062 700 1293 752 provinciis
1322 701 1586 741 decernatur.
1645 699 1726 740 Mi-

260 775 354 804 rum
382 773 449 800 me
478 758 732 799 desideiium
760 758 876 796 tenet
913 755 1054 804 urbis,
1091 757 1344 798 incredibile
1378 770 1568 798 meorum
1597 757 1725 808 atque

261 819 305 859 in
335 817 483 872 primis
511 816 596 865 tui,
626 815 798 856 satietas
826 814 968 854 autem
998 814 1267 866 provinciae:
1305 816 1374 856 vel
1404 816 1506 866 quia
1534 813 1727 855 videmur

261 889 355 916 eam
381 877 537 916 famam
566 871 795 918 consecuti,
828 872 874 911 ut
894 884 977 910 non
1000 873 1085 910 tam
1107 873 1291 912 accessio
1313 871 1567 922 quaerenda,
1600 881 1729 922 quam

258 934 431 973 fortuna
468 929 693 971 metuenda
735 929 810 968 sit:
856 929 924 969 vel
965 929 1066 979 quia
1105 929 1241 968 totum
1278 929 1491 981 negotium
1535 940 1620 968 non
1663 927 1727 967 est
1767 960 1770 962 .

259 991 432 1043 dignum
468 987 632 1030 viribus
669 986 848 1037 nosnis,
895 985 969 1037 qui
1009 984 1170 1025 maiora
1220 997 1349 1026 Onela
1386 986 1429 1024 in
1466 997 1514 1025 re
1552 983 1729 1037 publica

259 1049 468 1088 sustinere
508 1047 551 1084 et
589 1044 743 1095 possim
792 1044 834 1082 et
878 1043 1056 1091 soleam5
1103 1042 1173 1082 vel
1212 1042 1312 1092 quia
1350 1041 1456 1083 belli
1496 1041 1637 1094 magni
1677 1039 1730 1080 ti-

259 1117 354 1145 mor
403 1101 641 1155 impendet,
692 1100 805 1151 quod
854 1099 1046 1139 videmur
1089 1097 1294 1151 effugere,
1349 1101 1385 1139 si
1432 1099 1485 1140 ad
1526 1097 1730 1140 coustitu-

213 1180 241 1220 2
262 1164 348 1203 tam
379 1161 491 1201 diem
521 1158 783 1198 decedemus.
843 1156 906 1196 De
935 1156 1175 1207 panthelis‚
1221 1168 1298 1207 per
1334 1169 1427 1205 eos,
1467 1157 1540 1208 qui
1576 1153 1728 1195 venari

263 1220 424 1269 solent,
463 1216 602 1268 agitur
637 1228 700 1254 me
693 1214 837 1254 ndatu
876 1225 967 1252 meo
998 1213 1242 1264 diligentem
1284 1212 1356 1252 sed
1396 1212 1502 1253 mira
1533 1213 1729 1264 paucitas

264 1278 348 1316 est:
394 1276 435 1313 et
465 1285 559 1319 eas,
600 1283 708 1322 quae
739 1271 857 1320 sunt,
885 1269 1007 1309 valde
1038 1270 1156 1308 aiunt
1186 1269 1330 1320 qumi,
1360 1270 1472 1320 quod
1500 1270 1611 1309 nihil
1640 1268 1730 1309 cui-

263 1344 389 1385 quam
418 1329 668 1370 insidiarum
696 1327 740 1366 in
769 1339 862 1365 mea
891 1325 1110 1377 provincia
1133 1325 1218 1365 nisi
1242 1326 1321 1365 sibi
1339 1325 1434 1375 fiat3
1462 1326 1608 1377 itaque
1630 1338 1729 1365 con-

263 1389 448 1430 stituissc
479 1386 679 1426 dicuntur
709 1384 753 1423 in
785 1383 949 1423 Cariam
982 1395 1033 1421 ex
1070 1384 1213 1422 nosna
1247 1383 1469 1433 provincia
1506 1382 1726 1423 decedere.

265 1446 349 1487 Sed
379 1447 518 1485 tamen
548 1441 693 1481 sedulo
724 1439 785 1491 fit,
817 1441 858 1479 et
887 1440 931 1479 in
963 1439 1108 1491 p1imis
1128 1440 1349 1479 aPatisco
1393 1439 1607 1491 Quidquid
1630 1440 1727 1487 erit,
1780 1480 1782 1484 .

263 1503 344 1544 tibi
374 1502 474 1542 e1it:
505 1499 577 1539 sed
605 1497 706 1550 quid
738 1498 857 1547 essct,
887 1497 1012 1548 plane
1040 1496 1342 1536 nesciebamus
1402 1497 1536 1544 Mihi,
1565 1497 1730 1536 meher·
1779 1518 1783 1542 2,

265 1561 385 1607 cule,
425 1567 600 1609 magnae
639 1566 766 1595 curae
805 1526 867 1592 es⁷t
897 1552 1092 1592 aedilitas
1121 1554 1211 1592 tua.
1251 1553 1342 1604 ipse
1375 1553 1464 1593 dies
1492 1565 1560 1593 me
1589 1552 1729 1593 admo·
1779 1567 1782 1575 ·

263 1617 415 1664 nebat3
458 1611 611 1664 sclipsi
641 1612 751 1652 enim
780 1610 886 1649 haec
916 1609 977 1659 ip
971 1609 1018 1648 is
1047 1608 1371 1662 Menalensibus.
1431 1610 1496 1651 Tu
1520 1610 1648 1650 velim
1675 1608 1730 1650 ad
1778 1652 1780 1654 ,

442 1734 445 1736 .
547 1701 606 1735 M.
635 1699 833 1733 COELIO.
883 1696 921 1730 S.
950 1708 995 1730 zu
1021 1709 1080 1742 ep.
1104 1699 1254 1731 CXCII.
1284 1699 1332 1730 im
1357 1699 1442 1732 Anf.

356 1752 388 1784 1.
426 1752 547 1782 cestra
572 1750 686 1788 orat„
713 1756 757 1778 an
784 1743 1034 1787 geu-icluigen
1053 1745 1225 1785 VVorten,
1246 1743 1487 1786 dergleichen
1502 1744 1608 1778 Euch
1625 1744 1729 1779 Red-
1777 1747 1779 1769 ⁴

264 1808 359 1831 nern
383 1796 421 1829 in
446 1796 540 1828 Rom
567 1798 659 1826 stets
685 1802 730 1824 zu
757 1791 902 1825 Gebote
928 1790 1072 1823 stenen.
1095 1809 1139 1814 —
1180 1791 1381 1833 nostratia,
1407 1791 1535 1824 womit
1560 1791 1632 1824 wir
1657 1801 1727 1825 uns
1777 1799 1779 1815 ἔ

264 1845 347 1878 hier
372 1852 417 1875 zu
436 1840 565 1874 Laude
590 1849 634 1871 zu
661 1837 834 1871 behelsen
860 1836 1021 1880 pflegen.
1037 1855 1081 1860 —-
1110 1840 1233 1879 propt.
1259 1836 1294 1870 h.
1317 1847 1414 1869 ςααε.
1441 1848 1487 1869 =
1511 1844 1725 1882 propterea.
1776 1859 1778 1861 >

266 1890 306 1925 S.
334 1887 483 1922 Ramsh.
510 1887 540 1929 ζ).
559 1887 635 1919 lffl.
711 1884 768 1926 ,⁶2
790 1902 834 1906 —
871 1883 913 1915 (Ie
934 1882 1150 1925 provinciis.
1185 1881 1222 1917 S.
1252 1893 1309 1926 ep.
1329 1882 1544 1925 CCXXIII,
1557 1884 1591 1917 5.
1615 1883 1725 1926 CCL,

262 1938 299 1972 3
318 1953 363 1959 --
397 1932 555 1966 accessio
579 1943 625 1963 Ξ
656 1886 944 1969 inlsmementum,
976 1928 1168 1962 Zuwachs.
1205 1929 1354 1971 fortuna
1378 1940 1423 1961 Ξ
1446 1928 1619 1962 fortunae
1645 1940 1726 1962 mu-
1775 1924 1778 1956 ῗ

263 1981 370 2023 tatio,
392 1978 570 2013 Glucksw
574 1977 709 2017 echsel,
736 1976 802 2008 der
818 1974 889 2007 11111
908 1975 979 2007 den
996 1975 1240 2008 erwmbenen
1255 1975 1377 2007 Ruhm
1394 1975 1550 2008 nehmen
1569 1975 1724 2008 kdnnte

265 2047 309 2053 -
347 2026 487 2059 zirzbzcs
521 2023 724 2056 nostrzs—
680 2048 724 2054 -.
749 2020 840 2054 meis
874 2021 1008 2064 (Ciz),
1045 2021 1177 2064 qui—
1131 2046 1176 2053 -.
1201 2031 1312 2072 qu-um
1345 2031 1435 2063 ego,
1474 2021 1615 2065 quippe
1649 2020 1724 2063 qui.
1774 2036 1778 2040 ·

265 2073 303 2108 S.
330 2072 479 2105 Ramsh.
513 2071 650 2114 §.159,
671 2068 711 2109 2,
749 2079 779 2101 c.
807 2078 842 2099 u.
870 2068 1002 2110 §.194,
1025 2068 1057 2101 1.
1091 2070 1123 2099 et
1149 2067 1330 2109 possimus
1362 2070 1395 2098 et
1418 2067 1599 2099 soleamus
1631 2066 1724 2101 Cdd.
1774 2087 1777 2090 <

263 2118 376 2161 Regii
404 2120 495 2160 (nou
520 2117 613 2157 Md.)
641 2115 765 2148 Lamb.
783 2113 878 2146 Lali.
905 2114 1012 2158 prob.
1032 2113 1217 2146 Daehnio.
1246 2116 1278 2145 et
1296 2122 1489 2155 possumus
1512 2116 1546 2144 et
1568 2112 1726 2146 solemus·

262 2165 368 2201 Vict.
387 2164 418 2197 2.
448 2162 643 2195 ORELLI.
679 2160 714 2194 S.
741 2160 891 2193 Ramsh.
917 2161 946 2203 ξ.
964 2160 1043 2202 203,
1064 2160 1117 2200 Α,
1137 2161 1166 2192 l.
1187 2161 1219 2201 7,
1237 2158 1271 2191 b.
1306 2159 1399 2191 iiber
1425 2158 1486 2191 die
1513 2158 1724 2210 Synesisss'y.
1772 2164 1775 2182 ¹

264 2212 344 2253 159,
361 2211 396 2252 2,
422 2209 470 2250 0).
495 2227 540 2232 -
573 2207 660 2241 belli
683 2217 810 2247 magni
838 2206 948 2239 ίι’·77ῑο7
972 2211 1019 2241 st.
1033 2184 1185 2238 bel’lum
1210 2215 1341 2248 magno
1368 2215 1485 2248 opele
1509 2204 1723 2239 timendum.

263 2257 360 2292 Eine
385 2254 614 2298 Hendiadys.
649 2252 686 2286 S.
714 2254 773 2286 CC
778 2252 859 2294 LII,
879 2254 934 2285 14.

352 2302 385 2335 2.
420 2301 475 2334 De
502 2299 701 2342 panther'ms
744 2297 781 2332 S.
810 2309 866 2342 ep.
886 2298 1026 2339 CCXI,
1050 2298 1092 2340 3,
1132 2306 1190 2330 uo
1217 2295 1392 2330 derselbe
1417 2296 1529 2340 I‘ager
1552 2295 1723 2330 Patiscus

262 2352 424 2392 genannt
455 2346 563 2379 wird.
591 2365 635 2369 -
678 2345 851 2378 mandatu
877 2355 964 2377 meo.
1003 2323 1066 2377 S'ic
1090 2342 1787 2387 11111111).111;111.-Ι.ι1ἕ.Βεειει.εῖν.1

221 2406 338 2439 pro
352 2393 457 2427 Sulla
482 2393 512 2435 ζ).
534 2392 587 2426 65.
614 2391 823 2424 mandatum
848 2401 888 2423 eo
912 2390 989 2424 Md.
1014 2390 1186 2422 ‘mandato
1211 2399 1299 2422 meo,
1329 2389 1423 2423 Cett.
1433 2370 1524 2423 UOR.
1538 2408 1582 2413 -——
1609 2388 1724 2423 Quid-

261 2441 348 2484 quid
372 2440 444 2472 evit
469 2444 562 2479 cet„
595 2437 685 2469 VVas
718 2448 751 2469 w
758 2437 790 2469 ir
824 2447 868 2469 an
893 2435 1080 2469 Panthern
1112 2435 1354 2478 bekommen,
1390 2435 1462 2469 soll
1486 2434 1588 2469 Dein
1620 2434 1720 2476 seim
1768 2446 1771 2468 ἕ

261 2487 351 2520 aber
375 2486 450 2519 wie
474 2483 563 2519 Viel
589 2493 628 2516 es
653 2482 732 2515 sein
757 2481 1028 2524 xvi1d‚wissen
1052 2480 1124 2515 wir
1148 2481 1243 2514 noch
1268 2492 1335 2525 gar
1360 2480 1470 2516 nicht.
1486 2500 1530 2505 —-
1564 2490 1722 2521 magnae
1768 2492 1771 2503 =

260 2543 380 2566 curae.
436 2530 511 2564 Die
545 2529 710 2564 Panther
746 2528 881 2561 sollten
913 2526 976 2560 bei
1012 2526 1082 2560 den
1115 2526 1269 2571 Spielen
1304 2537 1372 2561 zur
1396 2525 1722 2569 Verherrlichung

259 2579 416 2620 dienen,
449 2576 592 2610 welche
619 2574 744 2608 Callus
776 2574 828 2606 als
853 2573 965 2607 Aedi!
990 2583 1036 2606 zu
1063 2573 1183 2616 geben
1208 2574 1321 2607 hatte.
1345 2593 1389 2598 —
1427 2572 1717 2614 Megalensibus.
1766 2555 1770 2613 l

258 2625 308 2658 Et
333 2622 570 2665 Megalenses
595 2627 631 2654 et
656 2619 812 2652 Pomani
847 2619 926 2652 ludi
960 2618 1004 2651 ad
1037 2619 1178 2652 aediles
1213 2620 1359 2652 curules
1384 2618 1643 2669 pertinebant,
1680 2623 1719 2651 ut
1766 2620 1769 2625 '

256 2671 295 2705 in
320 2670 446 2703 Dione
471 2667 629 2711 legimus
653 2666 758 2699 Libr.
777 2666 832 2699 39.
881 2664 974 2698 Dies
1000 2664 1114 2708 igitul
1134 2666 1198 2698 Me
1202 2665 1419 2709 galensium,
1447 2675 1510 2707 qui
1537 2664 1719 2697 dabantur

255 2716 380 2761 Aprili
410 2724 557 2756 mense,
596 2713 816 2747 Ciceronem
849 2711 1069 2745 admonebat
1106 2711 1277 2744 111ᾶο111111
1310 2712 1581 2751 Romanorum,
1623 2720 1718 2752 quos
