1795 3043
178 54 279 101 124
433 48 499 95 Μ.
537 48 593 92 Τ.
630 45 974 93 CICERONIS
1008 46 1383 95 EPISTOLAE.
1749 0 1772 131 I

1763 150 1768 205 ί

177 161 377 204 mesticos
404 159 674 201 tabellarios:
716 160 785 211 ut,
826 160 1024 211 quoniam
1054 172 1154 200 sane
1186 160 1368 200 feliciter
1398 160 1442 200 et
1470 170 1522 200 ex
1550 170 1642 199 mea

179 220 393 261 sententia.
419 229 510 258 rem
538 216 753 268 publicam
780 218 994 270 gessimus,
1025 218 1121 257 unis
1149 218 1285 259 literis
1314 217 1444 257 totius
1474 216 1644 256 aestatis

178 290 247 318 res
284 277 421 328 gestas
463 273 515 313 ad
554 275 745 313 senatum
791 274 1111 325 perscriberem.
1192 274 1257 314 De
1296 273 1534 314 sacerdotio
1571 274 1644 312 tuo

179 335 379 385 quantam
408 343 553 372 curam
583 330 862 378 adhibuerim,
894 343 1146 383 quamquain
1167 330 1334 371 difficili
1364 333 1408 371 in
1439 343 1487 370 re
1517 330 1644 380 atque

180 404 332 437 causa,
366 399 593 441 cognosces
622 400 674 429 ex
703 388 757 427 iis
787 389 941 435 literis,
975 401 1078 439 quas
1109 388 1335 436 Thrasoni,
1369 388 1524 428 liberto
1555 388 1642 434 tuo,

127 449 157 488 4
181 447 289 488 dedi.
339 447 414 493 Te,
444 445 503 485 mi
523 445 666 494 Curio,
696 457 774 496 pro
804 447 877 485 tua
905 445 1148 486 incredibili
1178 446 1221 485 in
1252 458 1318 485 me
1347 444 1644 485 benevolentia

179 516 358 555 meaque
388 503 489 542 item
518 503 561 542 in
593 503 635 542 te
656 502 859 554 singulari
880 514 981 554 rogo
1003 505 1131 553 atque
1151 515 1240 551 oro,
1269 515 1323 541 ne
1342 503 1504 553 patiare
1524 500 1644 552 quid-

177 574 302 614 quam
341 560 448 600 mihi
485 559 537 598 ad
576 560 687 599 hanc
716 560 1023 610 provincialem
1053 560 1287 599 molestiam
1316 558 1519 611 temporis
1549 569 1644 609 pro-

176 617 332 671 rogari.
365 618 571 658 Praesens
593 618 734 656 tecum
759 616 838 668 egi,
871 629 1001 667 quum
1020 618 1061 656 te
1084 617 1300 657 tribunum
1329 618 1386 668 pl.
1420 616 1502 656 isto
1533 625 1643 654 anno
1757 632 1761 666 ι

175 677 271 716 forc
294 687 377 715 non
399 674 608 726 putarem,
635 673 823 722 itemque
842 674 974 725 petivi
1004 686 1128 726 saepe
1158 686 1234 725 per
1263 674 1429 714 literas:
1460 672 1532 713 sed
1553 674 1644 712 tum
1762 676 1764 683 '

176 733 297 784 quasi
328 745 353 771 a
388 732 580 770 senatore
616 729 902 778 nobilissim03
942 730 1062 782 [tum]
1095 731 1362 772 adolescente
1395 731 1524 771 etiam
1551 742 1645 781 gra-

175 789 427 837 tiosissimo3
465 799 579 827 nuuc
618 800 642 826 a
677 785 849 826 tribuno
886 787 942 837 pl.
973 789 1016 827 et
1055 801 1080 827 a
1110 788 1293 828 Curione
1323 788 1516 827 tribuno:
1557 797 1642 825 non

177 848 226 887 ut
255 845 510 886 decernatur
540 843 702 895 aliquid
732 843 854 893 novi3
874 866 932 873 -—
961 845 1073 895 quod
1104 846 1210 884 solet
1241 858 1328 884 esse
1348 844 1642 885 difficilius—-

176 903 251 944 sed
280 905 327 942 ut
354 914 407 942 ne
438 901 539 953 quid
567 901 667 941 novi
696 900 973 949 decernatur3
1005 903 1052 941 ut
1081 904 1122 941 et
1152 903 1319 942 senatus
1342 903 1579 943 consultum
1601 901 1643 939 et

176 962 294 1013 leges
321 959 522 1000 defendas
553 970 686 1009 eaque
713 958 820 997 mihi
851 958 1037 999 conditio
1067 960 1256 1007 maneat,
1303 971 1388 1010 qua
1425 959 1643 1012 profectus

176 1031 283 1060 sum.
342 1017 436 1057 Hoc
465 1017 508 1055 te
536 1017 809 1056 vehementer
839 1015 967 1056 etiam
998 1018 1121 1068 atque
1150 1017 1277 1057 etiam
1306 1029 1422 1070 rogo.

179 1141 237 1186 15,
254 1143 273 1175 l
300 1139 567 1184 (CCLXXHI,
588 1140 648 1181 1.).
676 1158 718 1163 —-
751 1143 813 1173 tot.
842 1143 951 1182 aest„
979 1140 1219 1183 aestivorum,
1244 1140 1309 1174 des
1329 1138 1644 1174 Sommerseldzu-
1775 1143 1781 1179 ξ

175 1199 263 1232 ges3
296 1187 372 1220 wie
397 1198 455 1230 ep.
475 1186 692 1228 CCXXVI,
705 1186 739 1219 4.
765 1186 1008 1220 Pindenissus
1034 1187 1138 1220 ward
1164 1187 1298 1220 iedoch
1322 1193 1398 1220 erst
1418 1187 1464 1219 im
1485 1186 1644 1218 Decem·
1776 1183 1780 1211 ἕ

175 1235 247 1269 ber
277 1233 571 1276 eingenommen.
614 1231 652 1265 S.
688 1232 735 1265 ad
766 1233 867 1266 Fam.
891 1233 968 1274 III,
991 1234 1012 1267 9
1040 1234 1279 1274 (CCXLIX).
1319 1233 1364 1266 ad
1396 1232 1511 1266 Attic.
1530 1231 1579 1273 V,
1598 1231 1643 1264 20

176 1279 468 1324 (CCXXVIII).
501 1279 655 1313 VVarum
682 1290 723 1312 er
747 1278 818 1312 den
834 1278 987 1312 Bericht
1015 1290 1058 1312 an
1085 1279 1156 1312 den
1174 1279 1287 1312 Senat
1313 1279 1510 1321 vorschob,
1536 1288 1564 1311 s.
1581 1288 1641 1320 ep.

175 1326 431 1369 CCXL1X‚4.
449 1344 489 1349 -
514 1336 604 1358 rem.
631 1335 701 1358 om.
725 1325 911 1369 publicam
936 1336 956 1357 e
982 1326 1049 1359 Cd.
1067 1325 1195 1358 Ursini
1212 1325 1300 1358 Ern.
1317 1323 1642 1364 Ma1·t.-Lag.Sch.
1776 1344 1781 1360 i

174 1374 268 1408 Liin.
305 1372 363 1406 Tu
389 1371 520 1405 confer
540 1372 735 1404 Caesarem
760 1372 804 1405 Β.
826 1372 865 1405 C.
881 1373 913 1413 1,
933 1373 969 1405 7:
998 1372 1100 1405 cuius
1125 1372 1361 1415 imperatoris
1384 1372 1492 1404 ductu
1517 1380 1643 1403 nocem
1775 1362 1781 1386 ⁹

174 1419 284 1454 annis
318 1429 397 1451 ‘rem
431 1418 670 1462 publicam
700 1418 911 1459 felicissime
941 1419 1123 1459 gesserint
1155 1418 1305 1452 milites.
1353 1417 1446 1451 Item
1472 1417 1641 1450 Daeline.

176 1465 377 1500 ORELLI.
395 1483 440 1488 —
473 1464 516 1497 cle
545 1464 752 1497 sacerdotio
779 1469 857 1508 tuo,
896 1464 1048 1506 „Deine
1073 1465 1314 1508 Bewerbung
1346 1475 1405 1497 um
1436 1463 1497 1497 die
1523 1463 1643 1498 Stelle

175 1512 279 1546 eines
304 1510 486 1545 Pontifex
510 1519 554 1542 zu
583 1510 829 1543 besordernz'’
862 1510 922 1543 die
955 1511 1034 1543 sein
1060 1511 1326 1544 verstorbener
1351 1511 1469 1545 Vater
1495 1508 1641 1543 beklei-

171 1559 238 1592 det
258 1558 370 1590 hatte.
406 1556 523 1590 Diese
538 1556 693 1589 Familie
716 1557 840 1590 fiihrte
861 1557 1070 1600 uberhaupt
1095 1557 1167 1590 den
1180 1557 1382 1590 Beinamen
1398 1556 1526 1598 Curio,
1552 1556 1643 1589 weil

172 1605 293 1640 Einer
318 1613 383 1636 aus
408 1603 606 1636 deiselben
633 1602 747 1636 Curio
772 1602 952 1636 maximus
977 1603 1070 1636 oder
1096 1604 1268 1637 oberster
1292 1603 1463 1637 Priester
1488 1614 1521 1636 u.
1541 1603 1642 1637 Vor-

172 1651 302 1686 steher
327 1649 394 1682 der
421 1649 559 1683 Curien
585 1660 630 1682 zu
656 1648 751 1682 Rom
777 1659 952 1691 gewesen
976 1660 1068 1683 war.
1110 1649 1149 1684 S.
1172 1649 1254 1682 Liv.
1272 1650 1376 1691 XLI,
1395 1650 1511 1683 21.-
1536 1648 1642 1682 adhi-

172 1697 315 1731 buerim
349 1695 470 1728 literis
502 1695 548 1728 ad
580 1694 717 1729 amicos
749 1696 902 1728 Romam
933 1695 1094 1739 scriptis,
1132 1696 1268 1730 MAN.
1306 1695 1420 1730 Curio
1456 1696 1644 1729 erreichte

172 1744 302 1778 seinen
320 1742 557 1776 Wunsch.—
589 1752 628 1774 re
647 1746 751 1785 atque
770 1752 891 1775 causa.
925 1742 996 1774 Res
1021 1742 1082 1775 hic
1108 1748 1164 1776 est
1190 1742 1403 1785 surrogatio
1429 1742 1640 1785 pontifici53

172 1800 298 1831 causa,
324 1794 364 1822 ut
379 1788 494 1822 Curio
517 1787 555 1820 in
581 1788 698 1832 patris
723 1789 844 1821 locum
869 1794 1099 1831 surrogetur.
1132 1788 1267 1822 MAN.
1294 1788 1408 1823 Curio
1429 1789 1530 1821 hatte
1545 1789 1642 1821 noch

171 1836 277 1870 nicht
302 1834 367 1868 das
392 1834 682 1877 gesetzmassige
707 1834 830 1877 Alter,
855 1834 917 1867 die
940 1834 1274 1869 Pontificatsstelle
1299 1834 1421 1869 selues
1438 1835 1574 1871 Vaters
1594 1844 1641 1868 zu

173 1881 417 1916 erhalten.—·
442 1891 485 1913 ea:
510 1881 578 1923 iis,
604 1881 682 1914 Md.
710 1880 809 1916 Vict.
827 1880 862 1914 2.
889 1891 932 1913 ex
956 1880 1014 1914 his
1038 1881 1186 1915 litteris.

265 1928 298 1961 4.
326 1937 368 1960 ne
387 1928 548 1970 patiare.
574 1927 731 1961 Poterat
755 1926 851 1960 enim
877 1927 1048 1960 tribunus
1073 1928 1126 1971 pl.
1152 1927 1399 1968 intercedere,
1426 1926 1559 1970 siquis
1578 1938 1641 1961 an-

173 1984 283 2008 nuam
307 1973 525 2018 provinciae
548 1973 902 2007 administrationem
922 1984 1129 2018 prorogare
1147 1974 1275 2007 vellet.
1300 1973 1490 2007 MAN—
1514 1974 1640 2009 Praes.
1773 1954 1777 1991 Ι

201 2046 233 2055 ..
259 2020 341 2062 egi,
376 2020 438 2054 ich
468 2020 564 2053 habe
596 2019 694 2053 mich
730 2019 918 2053 mundlich
945 2020 1121 2054 hieriiber
1145 2031 1265 2064 gegen
1290 2019 1389 2053 Dieh
1416 2021 1569 2056 erkl‘art.
1596 2040 1640 2045 —

173 2077 247 2100 non
267 2070 446 2110 putarem.
480 2065 519 2100 S.
549 2077 607 2110 ep.
629 2066 763 2109 CCVI,
783 2066 816 2100 2.
832 2085 876 2092 —-
899 2071 933 2099 et
957 2066 1106 2109 quidem
1133 2077 1155 2099 a
1181 2067 1340 2100 Curione
1365 2067 1531 2109 tribuno,
1565 2067 1640 2100 und

176 2123 280 2147 zwar
304 2113 351 2146 ist
377 2111 491 2146 Curio
515 2113 582 2145 der
601 2113 751 2155 Tribmz,
777 2113 848 2145 den
874 2112 933 2146 ich
959 2113 1087 2147 darum
1112 2113 1217 2147 bitte.
1250 2112 1403 2147 Pondus
1430 2119 1486 2146 est
1510 2113 1548 2146 in
1573 2124 1641 2146 no-

174 2159 274 2193 mine
291 2158 477 2199 Curionis,
504 2159 609 2200 quasi
629 2165 850 2203 potestatem
876 2159 1105 2193 tribunitiam
1123 2164 1278 2202 augeret
1296 2158 1406 2191 animi
1422 2159 1640 2203 ingeniique

174 2205 414 2251 praestantia.
440 2204 650 2240 MANUT.
664 2206 830 2239 welches
842 2207 1073 2249 verglJLlS.
1095 2212 1132 2238 et
1148 2211 1323 2248 quaestor
1337 2211 1393 2238 est
1410 2211 1447 2238 et
1464 2212 1641 2248 quaestor

178 2256 282 2294 tuus;
308 2251 354 2285 ad
377 2250 492 2285 Attic.
514 2251 560 2291 V,
576 2252 598 2284 2
624 2252 889 2294 (CLXXXV):
916 2251 1139 2286 Hortensius
1165 2256 1256 2292 cet.;
1287 2251 1332 2284 ad
1363 2252 1408 2286 Q.
1429 2252 1549 2286 Fratr.
1565 2254 1598 2293 I,
1618 2253 1641 2287 2

179 2298 283 2341 (LII)
310 2301 347 2331 ut
373 2297 464 2330 Cato
489 2303 557 2330 cet.
576 2316 620 2322 -—
653 2298 692 2331 S.
715 2298 754 2331 C.
786 2302 819 2331 et
850 2300 967 2340 leges,
1003 2297 1138 2341 quibus
1170 2302 1250 2330 erat
1282 2307 1402 2330 annua
1431 2299 1637 2342 provincia.

179 2345 267 2380 Vid.
295 2356 354 2388 ep.
381 2343 580 2381 CCXVII,
604 2343 638 2376 2.
676 2344 814 2386 Legem
846 2346 1044 2386 curiatam,
1083 2343 1294 2377 Corneliam
1320 2350 1357 2377 et
1381 2343 1639 2389 Semproniam

178 2391 365 2435 significat
395 2392 446 2433 (v.
473 2400 533 2433 ep.
556 2390 698 2423 CXIII.
730 2391 864 2425 CXLI.
897 2390 1098 2431 CCXIII.).
1135 2389 1344 2424 MANUT.
1363 2409 1405 2414 ——
1440 2402 1511 2435 qua
1538 2394 1637 2436 prof.

178 2449 278 2480 sum,
306 2442 415 2472 unter
438 2436 606 2471 welcher
629 2436 690 2471 ich
714 2447 786 2470 von
802 2438 898 2472 Rom
922 2437 961 2471 in
985 2436 1047 2471 die
1060 2436 1226 2472 Provinz
1251 2437 1493 2483 abgegangen
1517 2438 1593 2473 bin.

1772 2128 1777 2214 ἔ
