1795 3043
173 98 276 149 538
440 94 502 141 Μ.
539 94 594 140 Τ.
632 92 974 141 CICERONIS
1011 93 1386 143 EPISTOLAE.

173 206 438 259 desperarit,
479 208 593 248 certe
621 208 728 247 ruet.
787 207 880 255 Quo
909 207 1041 260 magis
1071 206 1342 249 efficiendum
1372 207 1531 261 aliquid
1558 210 1634 262 est,

171 264 344 305 fortuna
373 265 499 305 velim
527 264 723 316 meliore,
751 266 892 306 animo
923 265 1136 307 Caeliano.
1195 265 1278 306 Sed
1305 266 1489 318 primum
1518 267 1636 317 quid-

122 337 152 378 7
174 333 277 373 que3
318 321 451 374 quod,
482 323 777 374 qualecunque
805 323 908 374 erit,
946 323 1148 362 continuo
1178 323 1300 363 scies.
1359 322 1445 364 Nos
1475 323 1634 372 iuveni,

171 381 220 418 ut
249 391 395 431 rogas,
433 379 815 431 suppeditabimus,
855 382 897 420 et
927 380 1263 432 Peloponnesum
1292 380 1429 447 ipsam
1456 382 1637 421 sustine-

172 434 323 477 bimus.
382 437 459 476 Est
477 436 590 477 enim
610 435 793 478 indoles.
832 437 955 477 modo
973 437 1144 488 aliquod
1172 438 1254 478 hoc
1272 437 1326 477 sit
1356 428 1462 487 ἦθος
1490 435 1636 486 διδαχῇ

170 491 340 533 ἁλωτόν.
399 494 516 542 Quod
547 494 585 534 si
613 493 752 535 adhuc
780 496 948 535 nullum
978 497 1062 545 est,
1093 507 1183 534 esse
1200 496 1343 535 tamen
1363 497 1522 548 potest:
1561 496 1638 536 aut

169 563 294 600 αρετη
330 563 415 592 non
448 553 512 592 est
552 550 766 594 διδακτόν;
818 551 930 604 quod
959 525 1063 592 mihi
1091 551 1340 606 persuaderi
1368 565 1454 594 non
1482 554 1635 607 potest.

337 724 650 770 EPISTOLA
687 725 1014 771 occnxxlx.
1053 723 1136 782 (ad
1153 703 1246 771 Aa.
1281 726 1338 772 x.
1374 727 1480 786 13.)

307 798 389 835 Ser
423 799 460 834 in
485 801 649 835 Cumano
681 801 800 836 Nonis
826 801 915 837 Mai.
943 802 990 836 Α.
1016 800 1064 835 U
1089 801 1130 836 c.
1157 801 1236 837 705.
1279 803 1328 846 (a.
1352 802 1394 838 c.
1419 801 1502 846 49.)

166 868 325 913 Narrat,
366 868 454 911 quid
480 869 666 903 Antonius
693 870 831 914 egerit3
875 869 1046 905 Servium
1073 869 1281 915 Sulpicium
1307 881 1388 905 cras
1411 870 1458 905 ad
1483 879 1525 904 se
1547 878 1638 904 ven-

168 921 289 949 turum
321 914 487 950 ostendit
517 916 710 967 petit—qne,
748 923 790 950 ut
821 916 911 960 sibi,
956 916 987 950 si
1025 917 1115 959 quid
1141 917 1187 950 de
1213 917 1407 962 Hispaniis
1431 915 1635 959 audiverit,

511 962 675 996 nuntiet:
717 963 791 997 alia
816 963 982 997 breviter
1007 963 1138 1008 tangit
1175 965 1294 999 1—3.

658 1030 847 1067 CICERO
877 1032 1072 1067 ATTICO
1104 1031 1145 1068 S.
1645 1024 1653 1044 ὲ

276 1088 473 1141 Epistola
492 1091 566 1130 tua
594 1091 830 1143 gratissima
849 1092 930 1131 fuit
959 1103 1077 1132 meae
1096 1091 1287 1138 Tulliae,
1327 1089 1370 1130 et
1390 1088 1637 1130 mehercule

164 1143 286 1186 mihi.
343 1147 517 1199 Semper
546 1159 691 1187 secum
720 1148 878 1200 aliquid
907 1146 1091 1188 afferunt
1120 1149 1219 1187 tuae
1240 1147 1404 1187 literae.
1465 1145 1640 1186 Scribes

164 1202 317 1256 igitur:
377 1216 451 1252 ae,
505 1204 541 1243 si
580 1204 684 1255 quid
723 1205 775 1244 ad
814 1217 933 1257 spem
972 1204 1159 1257 poteris,
1208 1216 1262 1243 ne
1292 1202 1515 1243 dimiseris.
1573 1203 1638 1243 Tu

164 1259 343 1300 Antonii
356 1260 501 1300 leones
521 1261 795 1313 pertimescas
818 1273 933 1302 cave.
982 1261 1105 1302 Nihil
1123 1261 1186 1302 est
1206 1261 1281 1300 illo
1297 1260 1467 1300 homine
1487 1259 1640 1300 iucun-

164 1379 293 1414 keiten
321 1381 532 1416 hinreissen
558 1383 667 1418 lasse.
703 1383 793 1436 Vgl.
821 1395 879 1428 ep.
896 1383 990 1425 374,
1015 1384 1047 1419 8.
1072 1401 1120 1408 ——-
1153 1358 1305 1427 Γοφίιιηα
1329 1383 1493 1418 meliore.
1525 1383 1641 1418 Denn

163 1427 291 1461 Catius
316 1428 454 1462 Caldus
487 1431 660 1473 unterlag
690 1429 757 1464 mit
782 1430 904 1464 Carbo
937 1431 1026 1464 sehr
1059 1429 1146 1465 bald
1181 1430 1249 1463 der
1280 1429 1533 1464 Uebermacht
1563 1429 1641 1464 und

162 1473 247 1507 dem
274 1474 420 1508 Glucke
445 1473 594 1511 Sulla’s.
631 1495 676 1501 —
717 1476 881 1521 primum
906 1476 1082 1520 quidque,
1124 1476 1217 1509 aber
1241 1482 1361 1510 warte
1385 1486 1457 1510 nur
1490 1476 1556 1510 auf
1576 1476 1642 1510 die

163 1526 277 1600 ersa}¹
299 1521 406 1600 11)]ε5ῑε
440 1521 693 1566 Gelegenheit
724 1523 838 1565 dazu,
882 1522 919 1556 ie
951 1523 1043 1557 eher
1077 1522 1113 1558 ie
1149 1521 1272 1557 lieber
1303 1532 1405 1557 muss
1437 1532 1481 1558 so
1508 1522 1641 1558 Etwas

191 1578 252 1602 esc
282 1579 300 1601 e
332 1578 389 1601 en.

161 1577 187 1611 g
254 1616 286 1648 7.
320 1614 465 1657 iuveni,
494 1613 624 1649 Quinti
638 1613 741 1657 filio,
765 1613 1012 1658 suppeditata,
1041 1613 1103 1648 ich
1127 1614 1258 1649 werde
1282 1614 1358 1649 ihm
1383 1625 1429 1648 an
1448 1613 1511 1649 die
1528 1614 1640 1649 Hand

161 1659 532 1703 gehe11‚beistehe11
557 1672 604 1693 =
628 1671 710 1693 eum
735 1670 919 1703 regemus.
970 1659 1024 1695 So
1050 1661 1200 1695 absolut
1223 1661 1270 1694 ad
1292 1660 1406 1696 Attic.
1433 1661 1549 1705 XIV,
1574 1662 1638 1696 20·

163 1706 272 1743 Quod
299 1705 474 1740 Ciceroni
499 1705 740 1750 suppeditas,
764 1712 911 1752 gratum
936 1711 1013 1750 est3
1043 1707 1137 1740 auch
1163 1708 1218 1740 als
1235 1708 1321 1751 Dep
1326 1718 1441 1741 onens
1466 1707 1546 1742 das.
1574 1709 1637 1743 18:

162 1753 264 1796 quod
290 1752 381 1786 mihi
406 1752 666 1798 suppeditatus
692 1764 750 1795 es3
789 1754 855 1786 mit
882 1754 1002 1787 Gelde
1029 1752 1075 1786 de
1100 1753 1250 1788 Finibb.
1278 1754 1335 1796 ΙΙ,
1361 1754 1427 1787 21:
1459 1754 1641 1799 suppedi-

162 1799 257 1833 tabit
289 1798 398 1832 nobis
423 1799 572 1833 Atticus
606 1799 652 1833 de
684 1799 869 1832 thesauris
895 1799 983 1833 suis.
1022 1818 1064 1824 —-
1114 1800 1400 1843 Peloponnesum
1423 1800 1496 1844 ips.
1523 1804 1638 1844 sust„

162 1846 238 1881 und
263 1846 401 1879 wollen
427 1847 546 1879 selbst
570 1845 635 1878 das
650 1845 899 1888 Unmogliche
923 1845 1088 1889 moglich
1114 1856 1160 1879 zu
1178 1847 1328 1879 machen
1356 1847 1508 1884 suchen.
1552 1848 1640 1881 Non

163 1892 274 1926 modo
296 1891 488 1935 Spartam,
515 1902 623 1935 quam
649 1892 747 1925 nacti
772 1902 916 1934 sumus,
943 1891 1179 1944 ornabimus,
1205 1898 1245 1926 ut
1271 1898 1327 1925 est
1352 1892 1391 1926 in
1417 1893 1638 1936 proverbio,

162 1939 229 1973 sed
254 1938 373 1982 ipsam
390 1938 707 1981 Peloponnesum.
749 1937 882 1971 Iocose
907 1939 1028 1972 innuit
1052 1938 1201 1972 nimiam
1228 1937 1357 1973 Quinti
1382 1938 1453 1973 filii
1479 1939 1638 1984 regendi

162 1984 433 2019 difficultatem.
484 1984 663 2019 Fortasse
696 1982 807 2017 etiam
839 1984 1009 2028 lespexit
1045 1984 1271 2019 versiculum
1306 1984 1411 2018 illum
1445 1986 1635 2033 Ἀρκαδίαν

161 2034 198 2077 μ’
225 2034 355 2071 αιτεῖς,
386 2032 481 2076 μέγα
505 2031 540 2082 μ’
567 2033 695 2073 αἰτεῖς,
738 2030 784 2063 ad
819 2042 929 2074 quem
962 2041 1075 2074 supra
1107 2042 1167 2075 ep.
1186 2032 1278 2074 368,
1313 2031 1336 2065 2
1370 2031 1408 2064 in
1441 2032 1571 2066 eadem
1596 2043 1638 2066 re

161 2078 362 2119 ulluseiat3
410 2077 516 2119 quasi
542 2076 707 2120 dice1et,
743 2087 817 2109 non
844 2078 1051 2110 Arcadiam
1076 2077 1216 2120 solum,
1256 2077 1322 2111 sed
1347 2078 1639 2121 Peloponnesum

162 2124 282 2176 ipsam
308 2122 575 2157 sustinebimus
601 2123 627 2158 i.
654 2134 687 2157 e.
721 2122 913 2166 negotium
939 2123 1033 2156 illud
1060 2123 1189 2158 Quinti
1214 2123 1286 2157 filii
1308 2124 1489 2168 legendi,
1524 2124 1637 2158 etiam

161 2170 196 2205 si
227 2169 266 2207 id
298 2169 414 2202 multo
449 2169 565 2203 maius
597 2180 640 2202 ac
673 2169 864 2203 difficilius
890 2181 998 2212 citiam
1023 2176 1131 2203 antea
1156 2169 1305 2214 expeiti
1328 2180 1474 2213 sumus,
1514 2176 1637 2204 tamen

163 2215 361 2258 diligentia
386 2222 513 2249 nostra
538 2216 823 2250 exantlabimus.
850 2216 957 2250 SCH.
984 2235 1028 2240 ——
1058 2217 1126 2251 Est
1150 2219 1245 2249 enim
1271 2216 1306 2249 ei
1331 2217 1492 2260 εηιίοἱεε,
1523 2217 1636 2251 Denn

161 2273 209 2297 an
236 2261 356 2296 Genie
391 2261 487 2295 fehlt
519 2272 558 2295 es
590 2262 665 2295 ihm
698 2261 812 2296 nicht.
845 2281 890 2287 —
936 2264 1058 2305 ἦθος
1090 2263 1258 2306 διδαχη
1291 2262 1465 2298 (ἕλωτόι
1480 2288 1490 2305 ,
1524 2262 1636 2296 modo

162 2309 246 2344 eius
271 2318 395 2342 mores
421 2307 594 2341 doctrina
628 2308 726 2342 vinci
757 2308 917 2361 possint.
950 2327 994 2334 ——
1044 2308 1183 2341 nullam
1215 2312 1287 2352 est,
1322 2319 1431 2342 wenn
1456 2309 1537 2343 Das
1561 2319 1638 2342 nun
1671 2337 1674 2338 γ

162 2355 259 2389 auch
291 2355 390 2388 noch
422 2353 525 2387 nicht
556 2355 624 2388 der
648 2355 730 2388 Fan
766 2355 827 2388 ist.
864 2374 909 2379 —
955 2358 1017 2388 aut
1042 2353 1184 2405 ἅρετη
1220 2368 1253 2389 κ.
1278 2369 1308 2389 τ.
1335 2356 1368 2388 λ.
1382 2380 1392 2398 ,
1432 2354 1507 2389 nisi
1539 2356 1637 2389 sorte

163 2402 286 2436 virtus
317 2400 468 2434 omnino
499 2410 573 2433 non
600 2400 648 2434 sit
674 2400 877 2444 eiusmodi,
919 2406 960 2434 ut
984 2399 1114 2434 doceri
1147 2410 1220 2433 non
1245 2400 1377 2446 possit.
1408 2401 1518 2436 SCH.
1561 2401 1637 2436 wie

162 2449 277 2484 Plato
300 2447 351 2481 im
375 2447 514 2481 Menon
540 2447 612 2480 den
638 2446 820 2481 Sokrates
845 2447 1055 2492 behaupten
1081 2446 1184 2480 lasst.

255 2495 289 2527 1.
317 2493 480 2538 aliquid,
506 2493 969 2537 EtwasvonBedeutung,
996 2493 1258 2536 angenehmes.
1293 2492 1330 2528 S.
1346 2492 1492 2528 Ramsh.
1510 2493 1541 2536 §.
1554 2494 1634 2535 160,

163 2541 214 2584 2,
244 2540 291 2575 N.
319 2540 362 2583 5,
388 2550 420 2573 a.
454 2559 498 2564 —
545 2539 690 2574 Scribes
721 2552 766 2573 =
797 2540 964 2574 scribere
997 2550 1128 2584 perge.
1163 2557 1208 2564 —
1255 2540 1304 2573 ad
1334 2550 1433 2582 spem
1466 2539 1637 2574 scribere

163 2589 324 2632 poteris,
366 2587 448 2619 hast
471 2586 536 2620 Du
567 2597 636 2620 uns
660 2587 790 2621 Etwas
822 2585 1101 2628 mitzutheilen‚
1138 2595 1215 2618 was
1240 2586 1432 2630 Hoffnung
1463 2585 1556 2629 gibt.
1590 2602 1636 2610 -·

166 2633 325 2669 Antonii
354 2633 485 2667 leone&
542 2633 727 2667 Antonius
752 2632 836 2666 fand
863 2641 1013 2676 grosses
1037 2632 1269 2675 Vei-gungen
1296 2632 1433 2675 daran,
1475 2631 1556 2665 sich
1580 2631 1636 2666 als

165 2679 337 2714 Bacchus
362 2678 553 2713 offentlich
577 2689 625 2713 zu
651 2679 784 2723 zeigen
816 2679 888 2712 und
922 2679 1008 2712 fnltr
1033 2677 1135 2712 nicht
1160 2685 1237 2711 erst
1263 2678 1355 2712 nach
1382 2678 1450 2712 der
1473 2678 1636 2712 Pharsa-

165 2725 311 2760 lischen
326 2724 522 2769 Schlacht,
545 2726 732 2768 sondern,
756 2724 830 2759 wie
854 2725 959 2758 diese
985 2724 1104 2759 Stelle
1129 2735 1249 2768 gegen
1270 2723 1419 2759 Plinius
1446 2723 1519 2757 und
1543 2724 1636 2758 Plu-

168 2772 272 2809 taren
303 2771 506 2815 beweiset,
549 2777 665 2807 senon
698 2771 789 2807 ietzt
826 2771 1014 2807 zuweilen
1048 2770 1123 2806 wie
1148 2771 1317 2806 Bacchus
1353 2770 1390 2805 in
1424 2769 1544 2804 einem
1569 2769 1635 2804 mit
