1795 3043
520 51 833 100 EPISTOLA
877 53 1076 101 CCLXI.
1431 61 1531 107 229

66 166 357 219 memetipsum
385 166 492 208 mihi
529 179 606 218 per
643 165 766 205 illum
794 164 1038 206 restitutum
1075 167 1201 219 put03
1242 167 1278 209 si
1309 169 1529 209 consuetu-

65 225 176 265 dinis
206 225 468 265 iucunditas:
497 235 604 274 quae
633 223 715 262 suit
742 235 928 273 unquam
960 224 1148 264 amicitia
1173 226 1459 266 consularium
1479 227 1526 266 in

64 283 209 321 nostra
229 283 403 322 civitate
423 281 719 321 coniunctior?
752 280 786 319 si
805 280 881 319 illa
903 282 1057 320 amoris
1082 283 1210 332 atque
1231 282 1361 323 officii
1385 284 1523 335 signa:

65 339 167 390 quid
204 339 308 379 mihi
347 339 422 378 ille
458 350 540 377 non
579 336 819 377 commisit?
858 336 960 388 quid
989 349 1073 376 non
1106 351 1268 378 mecum
1298 341 1528 380 communi-

65 394 206 436 cavit?
247 395 348 446 quid
379 395 429 435 de
458 407 501 434 se
529 395 573 434 in
603 396 764 440 senatu,
797 405 926 444 quum
955 394 1046 445 ipse
1076 393 1253 444 abesset,
1285 409 1362 448 per
1385 410 1527 448 quem-

63 465 188 505 quam
218 454 286 505 agi
315 451 491 493 maluit?
527 451 678 502 quibus
715 451 790 490 ille
827 462 894 489 me
929 451 1054 491 rebus
1092 464 1176 492 non
1214 454 1524 495 ornatissimum

62 511 199 551 voluit
229 508 511 562 amplissime?
551 521 636 559 qua
664 508 847 559 denique
877 508 954 548 illc
978 509 1198 555 facilitate,
1227 522 1312 560 qua
1334 512 1525 553 humani·

14 585 15 617 j
62 569 148 607 tate
178 568 277 607 tulit
305 566 618 607 contentionem
647 578 783 605 meam
811 577 889 617 pro
913 565 1094 613 Milone,
1137 566 1427 609 adversantem
1459 569 1524 609 in-

13 642 14 645 *
59 624 226 664 terdum
263 623 498 665 actionibus
535 622 650 664 suis?
692 634 775 673 quo
815 622 956 663 studio
985 623 1194 674 providit,
1233 636 1288 663 ne.
1319 637 1425 675 quae
1455 639 1522 666 me

13 689 14 693 ’
58 680 176 721 illius
206 682 408 733 temporis
436 679 596 720 invidia
625 680 874 732 attingeret,
908 692 1037 731 quum
1065 693 1132 720 me
1160 681 1363 734 consilio,
1394 695 1523 733 quum

12 739 13 743 ’
59 740 323 789 auctoritate,
353 750 482 788 quum
512 737 640 776 armis
668 736 851 788 denique
871 738 976 777 texit
1005 737 1121 777 suis?
1158 737 1320 786 Quibus
1350 740 1521 790 quidem

57 795 318 848 temporibus
358 796 464 835 haec
502 794 547 833 in
579 806 627 834 eo
659 794 862 846 gravitas,
906 795 1014 834 haec
1044 795 1172 835 animi
1208 795 1385 835 altitudo
1423 797 1518 844 fuit,

10 851 11 887 ἶ
54 865 139 893 non
169 853 291 892 modo
321 854 369 891 ut
398 852 556 904 Phrygi
587 852 719 892 alicui
750 853 823 891 aut
844 851 1043 904 Lycaoni,
1077 852 1188 903 quod
1217 854 1263 891 tu
1293 852 1337 892 in
1367 854 1518 907 legatis

9 959 10 963 Ἰ
52 910 207 957 fecisti,
239 909 311 949 sed
339 921 393 949 ne
423 921 680 949 summorum
709 908 878 959 quidem
904 909 1118 948 hominum
1139 910 1359 949 malevolis
1375 910 1427 950 de
1450 923 1518 951 me

52 967 314 1007 sermonibus
355 966 559 1007 crederet.
628 965 766 1006 Huius
802 967 933 1018 igitur
973 965 1087 1005 filius
1126 978 1252 1017 quum
1293 967 1348 1006 sit
1387 980 1518 1020 gener

8 1033 9 1043 ¹
51 1026 150 1064 tuus
180 1036 390 1076 quumque
420 1029 591 1075 praeter
620 1024 730 1063 hanc
761 1023 1101 1063 coniunctionem
1129 1022 1362 1076 affinitatis,
1391 1036 1516 1075 quam

52 1082 109 1121 sis
146 1081 218 1121 Cn.
249 1082 449 1132 Pompeio
479 1093 601 1120 carus
631 1092 839 1131 quamque
868 1079 1103 1131 iucundus,
1132 1079 1387 1131 intelligam:
1429 1093 1514 1132 quo

6 1159 7 1167 ἢ
49 1138 218 1179 tandem
254 1138 395 1178 animo
433 1137 478 1177 in
518 1139 560 1177 te
599 1149 687 1176 esse
718 1136 881 1177 debeo?
923 1149 1053 1188 quum
1082 1137 1331 1188 praesertim
1360 1149 1431 1178 eas
1461 1138 1514 1179 ad

49 1207 118 1235 me
147 1195 182 1235 is
209 1195 355 1235 literas
385 1194 571 1241 miserit,
603 1194 776 1246 quibus,
808 1195 937 1234 etiam
965 1195 1001 1234 si
1031 1194 1138 1247 tibi⁷
1171 1194 1245 1249 cui
1282 1206 1375 1235 sum
1412 1195 1514 1235 ami-

4 1268 6 1297 ς
49 1252 253 1301 cissimus,
281 1252 416 1292 hostis
433 1263 578 1298 essem,
610 1253 807 1303 placarer
834 1255 975 1292 tamen
1004 1252 1221 1302 totumque
1250 1264 1316 1291 me
1344 1251 1396 1292 ad
1419 1253 1510 1293 eius

4 1339 5 1345 1
46 1310 132 1350 viri
168 1310 230 1349 ita
269 1309 320 1349 de
362 1321 427 1348 me
461 1308 605 1348 meriti
641 1310 899 1348 voluntatem
935 1311 1169 1359 nutumque
1210 1310 1510 1349 converterem.

0 1382 4 1407 Ἰι
49 1366 133 1407 Sed
170 1367 278 1406 haec
314 1366 530 1405 hactenus.
586 1365 788 1404 Pluribus
827 1366 937 1405 enim
976 1366 1103 1405 etiam
1135 1365 1315 1406 fortasse
1349 1365 1504 1414 verbis,
1530 1366 1584 1408 11

2 1449 3 1452 =
49 1435 175 1475 quam
205 1435 376 1463 necesse
402 1422 499 1469 suit,
531 1422 691 1473 scripta
719 1423 829 1463 sunt.
887 1422 1011 1463 Nunc
1034 1434 1098 1474 ea,
1128 1433 1237 1473 quae
1264 1436 1290 1463 a
1317 1435 1385 1463 me
1414 1435 1511 1476 pro·

1 1504 3 1508 ·
45 1481 162 1521 fecta
191 1491 381 1533 quaeque
410 1479 604 1518 instituta
632 1479 740 1525 sint,
784 1491 1002 1531 cognosce.

323 1550 418 1588 Non
451 1562 594 1599 pauca
632 1548 945 1588 desiderantur.

45 1616 183 1668 Atque
212 1616 319 1656 haec
348 1615 509 1667 agimus
546 1616 587 1654 et
625 1627 792 1667 agemus
828 1615 959 1668 magis
996 1628 1072 1669 pro
1111 1615 1336 1669 dignitate,
1377 1629 1506 1669 quam

43 1685 122 1724 pro
151 1672 342 1724 periculo
372 1674 456 1712 tuo.
515 1673 574 1712 Te
605 1673 730 1719 enim,
763 1674 809 1712 ut
837 1685 983 1725 spem,
1012 1674 1257 1726 propediem
1288 1687 1505 1715 censorem

45 1730 280 1771 audiemus:
311 1729 430 1770 cuius
450 1730 719 1782 magistratus
738 1729 894 1779 officia,
923 1743 1031 1782 quae
1049 1732 1146 1771 sunt
1173 1732 1344 1772 maximi
1372 1733 1505 1773 animi

41 1887 279 1921 kommen.—
303 1887 510 1920 restitutura
534 1892 702 1931 tempore
727 1886 851 1922 exsilii
878 1887 960 1923 mei.
993 1890 1163 1923 ‘restituta
1187 1900 1313 1931 margo
1340 1890 1437 1924 Crat.
1459 1909 1504 1915 —

42 1934 76 1966 si
90 1934 217 1966 illa:
230 1933 428 1976 allgemeiu
447 1933 686 1967 anerkannte.
714 1934 791 1967 alia
806 1935 1029 1979 Maru-Lag.
1050 1935 1136 1970 Sch.
1153 1936 1246 1970 Lnn.
1267 1937 1340 1969 ΟΒ.
1368 1936 1503 1981 Suppl.

42 1980 172 2013 valent.
190 1999 232 2004 —
275 1980 405 2013 maluit
428 1979 509 2013 scil.
537 1991 644 2022 quam
668 1991 737 2024 per
763 1991 831 2015 me.
849 2001 891 2006 —
925 1983 1199 2016 ornatissimum
1226 1993 1299 2016 esse
1324 1983 1395 2017 τσί.
1411 1984 1502 2017 Exn.

42 2032 170 2059 contra
190 2025 266 2060 Md.
281 2030 447 2059 ornatam
463 2026 536 2060 vol.
556 2027 815 2061 Crat.Fuitne:
843 2033 1013 2062 ornatum
1037 2039 1111 2062 esse
1135 2029 1278 2062 voluit?
1304 2029 1501 2062 ORELLI.

42 2091 86 2097 —
117 2076 269 2106 content.
296 2072 574 2116 Verwendung.
590 2092 635 2098 —
675 2074 934 2109 adversantem.
972 2074 1036 2109 Sic
1061 2075 1137 2110 Md.
1163 2075 1264 2111 Vict.
1280 2075 1311 2109 2.
1343 2075 1500 2109 Lallem.

41 2117 196 2162 Bened„
221 2124 261 2152 ut
285 2120 470 2153 reseratur
494 2119 539 2152 ad
566 2130 596 2153 v.
615 2120 888 2154 contentionem.
920 2121 1030 2154 Alius
1054 2121 1181 2155 malet:
1209 2122 1423 2155 adversante
1447 2132 1504 2154 me

41 2164 141 2199 Vict.
159 2167 190 2198 1.
216 2165 343 2199 Lamb.
369 2165 503 2199 Graev.
530 2165 621 2199 Ern.
648 2167 870 2210 Mam-Lag,
897 2166 982 2201 Sch.
1011 2169 1224 2202 adversante
1243 2168 1338 2201 Lfin.
1368 2168 1439 2202 ΟΒ.
1458 2186 1503 2192 --

39 2211 222 2255 providit,
256 2212 450 2245 verluitete
475 2223 527 2246 er.
553 2232 595 2237 —
633 2212 800 2255 invidia,
827 2214 893 2246 der
918 2213 1142 2258 feindselige
1167 2214 1412 2257 Parteigeist,
1440 2214 1502 2247 die

41 2256 468 2300 Verliiumdungssucht3
506 2257 594 2301 quia
626 2258 790 2302 suspicio
822 2259 894 2293 fuit
919 2260 1112 2294 Ciceronis
1146 2260 1304 2294 consilio
1331 2261 1503 2295 Clodium

41 2313 62 2335 a
85 2303 228 2336 Milone
252 2303 499 2347 interfectum,
525 2304 638 2347 idque
662 2306 824 2339 Plancus
850 2311 887 2339 et
912 2307 954 2341 Q.
971 2306 1175 2351 Pompeius
1201 2307 1340 2340 tribuni
1367 2307 1417 2351 pl.
1443 2318 1503 2340 se-

40 2348 188 2383 ditiosis
213 2349 453 2383 concionibus
476 2351 706 2394 persuadere
729 2352 870 2396 populo
897 2353 1020 2386 conati
1045 2358 1137 2387 sunt.
1165 2352 1373 2387 MANUT.
1395 2372 1436 2376 —
1462 2353 1504 2386 z'n

40 2395 185 2437 legatis.
207 2394 245 2430 S.
261 2396 622 2440 ep.CCXX11‚5.-
647 2409 716 2430 non
732 2410 777 2432 m.
798 2409 881 2432 non.
896 2418 941 2423 —-
969 2410 1076 2433 serm.
1097 2399 1502 2434 Oh1·eubl·'cisereien.-

35 2443 215 2487 profecta.
242 2441 305 2475 Sic
324 2442 399 2475 Md.
421 2448 490 2477 cet.
515 2445 676 2488 perfecta
700 2445 816 2489 Neap.
834 2451 903 2479 cet.
939 2447 1059 2489 ,swas
1089 2445 1150 2480 ich
1176 2446 1257 2479 hier
1281 2457 1361 2478 cum
1379 2444 1505 2478 Behus

38 2487 184 2521 Deiner
209 2486 329 2521 sache
362 2488 472 2522 theiis
505 2499 549 2522 zu
577 2490 717 2524 Stande
749 2492 948 2535 gebracht,
980 2491 1091 2526 theils
1117 2493 1312 2535 begonnen
1339 2492 1502 2524 habe.—

39 2534 123 2567 sint.
150 2533 214 2568 Sic
238 2533 316 2568 Md.
334 2539 403 2568 cet.
427 2539 511 2568 sunt
533 2536 649 2581 Neap.
672 2544 796 2571 cet.-—
825 2539 1089 2572 desiderantur.
1114 2539 1228 2572 Diess
1247 2538 1329 2570 hier
1344 2537 1381 2570 in
1401 2537 1502 2570 allen

40 2579 327 2614 Handschriften
353 2579 526 2615 sehlende
541 2581 659 2616 Stuck
684 2583 751 2617 der
775 2584 892 2618 durch
918 2595 1094 2627 cognosce
1112 2583 1413 2627 angelmndigten
1429 2583 1503 2616 Ex·-

40 2626 199 2670 ziihlung
224 2627 274 2660 ist
294 2627 542 2661 vermuthlich
567 2640 639 2662 von
664 2630 799 2664 Cicero
826 2632 944 2664 selbst
976 2631 1241 2673 unterdriickt,
1273 2630 1326 2663 als
1352 2640 1392 2662 er
1418 2629 1503 2663 eine

39 2673 216 2706 Auswahl
241 2673 364 2707 seiner
388 2673 517 2707 Briefe
541 2684 608 2708 zur
632 2676 987 2721 Bekanntmachung
1012 2677 1210 2711 durchsah.
1226 2694 1270 2700 --
1306 2686 1412 2719 quam
1431 2686 1503 2720 pro

38 2718 148 2762 peric.
173 2723 253 2763 tuo,
288 2720 342 2754 als
367 2718 404 2753 in
430 2719 497 2754 der
521 2721 724 2766 Meinung,
761 2724 846 2757 dass
877 2725 939 2758 Du
972 2723 1097 2767 einige
1124 2722 1264 2757 Gesalu·
1289 2721 1436 2756 lausest.
1459 2739 1503 2746 —-
