1795 3043
549 65 865 112 nmsrom
919 65 1117 112 ccc1v.
1469 75 1568 122 3143

99 178 186 230 Ago
226 177 319 229 quis
352 177 437 230 est,
478 178 549 218 cui
589 178 700 218 velle
738 189 823 218 non
862 177 1018 221 liceat?
1077 178 1160 220 Sed
1196 191 1272 233 ego
1308 180 1392 221 hoe
1428 180 1567 232 ipsum

99 236 209 275 velle
239 234 433 274 miserius
464 246 554 275 esse
585 235 693 275 duco
723 247 848 287 quam
887 235 932 275 in
974 248 1146 277 erucem
1183 237 1293 277 tolli.
1364 238 1459 278 Una
1499 250 1567 278 res

100 293 162 332 est
183 303 232 332 ea
247 291 453 342 miserior,
483 292 677 344 adipisci,
706 292 817 344 quod
837 291 897 331 ita
925 293 1124 334 volueris.
1184 294 1267 334 Sed
1287 294 1394 335 haec
1423 295 1569 335 hacte-

98 360 192 390 nus.
250 347 454 389 Libenter
482 349 591 389 enim
621 349 664 388 in
696 349 763 389 his
792 349 996 389 molestiis
1027 348 1248 394 ἐνσχολάζω
1275 365 1350 389 σοι.
1409 351 1566 392 Redea-

96 418 189 445 mus
217 405 269 445 ad
298 407 505 447 nostrum.
564 406 647 446 Per
675 407 887 446 fortunas!
930 407 1055 457 quale
1082 406 1163 446 tibi
1191 409 1414 449 eonsilium
1443 409 1567 449 Pom-

96 462 185 514 peii
222 461 420 503 videtur?
479 463 572 503 Hoc
612 475 792 514 quaero,
832 463 946 514 quod
985 463 1135 504 urbem
1172 465 1408 516 reliquerit.
1473 466 1565 519 Ego

99 520 210 559 enim
247 515 401 567 ἀπορῶ.
461 520 566 560 Tum
606 519 715 559 nihil
751 519 988 561 absurdius,
1048 520 1205 561 Urbem
1239 523 1286 561 tu
1317 523 1566 573 relinquas?

95 576 208 628 Ergo
249 575 383 624 idem,
438 576 474 617 si
505 576 620 617 Galli
650 575 856 617 venirent.
912 576 1008 618 Non
1038 579 1120 626 est,
1164 578 1323 629 inquit,
1354 578 1398 617 in
1427 580 1566 631 parie-

95 633 208 673 tibus
239 646 306 674 res
333 631 525 685 publica.
583 633 638 675 At
659 632 703 673 in
733 634 819 675 aris
840 635 882 674 et
902 634 1023 676 focis.
1052 656 1108 663 —-
1166 635 1290 675 Fecit
1317 635 1426 676 idem
1457 637 1565 676 The-

93 690 319 730 mistocles.
358 712 416 718 ——
480 690 680 731 Fluctum
720 691 832 731 enim
867 692 997 732 totius
1041 689 1266 732 barbariae
1310 693 1422 732 ferre
1459 692 1562 733 urbs

94 759 179 787 una
208 759 292 787 non
322 747 500 798 poterat.
560 747 615 788 At
644 747 757 788 idem
785 748 974 788 Pericles
1001 760 1086 789 non
1115 748 1243 797 fecit,
1284 762 1441 789 annum
1471 751 1562 790 fere

92 805 188 856 post
226 804 639 856 quinquagesimum,
677 818 805 856 quum
842 806 1011 857 praeter
1050 806 1214 846 moenia
1242 806 1352 846 nihil
1381 808 1559 848 teneret.

1591 182 1618 207 ὅ)

1591 206 1616 220 -d

1589 360 1615 398 3

93 860 235 901 Nostri
265 860 387 908 olim,
430 862 535 900 urbe
565 863 731 913 reliqua
760 864 905 915 capta,
946 874 1087 902 arcem
1115 864 1253 903 tamen
1282 863 1558 904 retinuerunt.
1582 842 1611 879 4

205 913 318 955 Οὕτω
350 930 428 956 που
457 918 538 956 τῶν
567 917 752 967 πρόσθεν
788 916 1055 966 ἐπευθόμεθα
1084 919 1184 957 κλέα
1214 916 1386 968 ἀνδρῶν.

91 973 249 1015 Rursus
279 976 418 1015 autem
449 988 500 1016 ex
539 975 685 1017 dolore
724 975 977 1028 municipali
1016 976 1361 1028 sermonibusque
1398 989 1558 1024 eorum,

89 1043 193 1082 quos
233 1031 464 1080 convenio,
514 1033 682 1073 videtur
722 1034 805 1074 h'oo
845 1033 1069 1074 eonsilium
1106 1034 1266 1073 exitum
1296 1033 1561 1076 habiturum.

88 1087 201 1128 Mira
229 1089 448 1129 hominum
479 1091 651 1140 querela
683 1092 745 1130 est
782 1111 840 1119 --
869 1090 1013 1130 nescio
1053 1090 1175 1138 istie;
1212 1089 1285 1130 sed
1322 1089 1472 1143 facies,
1512 1092 1562 1130 ut

87 1144 238 1186 sciam:
267 1167 325 1175 --
353 1146 444 1185 sine
474 1146 786 1198 magistratibus
813 1146 962 1187 urbem
993 1159 1104 1199 esse,
1134 1147 1224 1187 sine
1254 1148 1417 1189 senatu.
1476 1148 1560 1188 Fu-

87 1202 205 1254 giens
234 1201 417 1254 denique
456 1203 684 1255 Pompeius
724 1204 978 1244 mirabiliter
1012 1203 1203 1245 homines
1239 1206 1390 1246 movet.
1449 1202 1560 1253 Quid

87 1259 287 1310 quaeris?
344 1259 443 1299 Alia
473 1271 601 1301 causa
629 1261 743 1301 faeta
773 1262 856 1301 est:
888 1260 998 1300 nihil
1027 1260 1113 1301 iam
1137 1261 1453 1303 eoncedendum
1482 1273 1558 1314 pu-

86 1317 178 1356 tant
208 1316 395 1358 Caesari.
456 1316 597 1368 Haec,
638 1318 685 1356 tu
727 1317 834 1356 mihi
876 1317 1068 1369 explica,
1116 1318 1259 1369 qualia
1296 1319 1394 1360 sint.
1465 1318 1556 1371 Ego
1580 1323 1609 1368 5

86 1373 253 1420 nogotio
283 1384 479 1424 praesum
511 1384 596 1412 non
627 1372 885 1414 turbulento.
942 1373 1043 1413 Vult
1071 1375 1184 1414 enim
1222 1386 1290 1414 me
1334 1375 1560 1427 Pompeius

174 1452 208 1484 2.
250 1450 331 1486 Una
356 1460 461 1484 res..
480 1475 489 1484 .
508 1461 550 1483 ecc
574 1463 618 1484 Ξ
642 1451 725 1485 Hoc
757 1462 868 1486 unum
904 1452 1077 1487 miserius
1108 1459 1183 1497 est,
1215 1454 1296 1490 scil.
1328 1453 1367 1492 τό
1397 1453 1559 1500 adipisci

85 1502 155 1529 cet.
182 1515 226 1521 —
273 1496 435 1539 molest„
463 1495 694 1540 triibseligen
719 1496 962 1532 Umstanden.
990 1516 1034 1523 —-
1082 1499 1339 1541 ἐνσχολόζω
1375 1512 1468 1544 σοι,
1500 1506 1556 1534 te-

86 1541 481 1622 cumDeonfabulando
517 1547 663 1587 tempus
704 1542 818 1586 fallo,
859 1543 1108 1590 verplaudere
1143 1544 1206 1578 ich
1240 1556 1334 1590 gern
1374 1545 1436 1580 die
1471 1545 1556 1580 Zeit

85 1594 152 1622 mit
217 1599 262 1622 ir.

173 1636 207 1670 3.
233 1634 282 1668 ad
316 1638 500 1677 nostrum,
528 1643 573 1669 zu
609 1644 781 1669 unserem
812 1634 968 1680 Manne,
992 1634 1211 1681 Pompeius.
1245 1655 1290 1663 -
1344 1637 1417 1672 Per
1449 1639 1551 1682 fort„

83 1682 173 1715 um's
197 1680 378 1715 Himmels
403 1680 551 1714 willen!
575 1699 620 1706 —
668 1681 747 1714 Hoc
779 1692 937 1725 quaero,
973 1682 1053 1717 Das
1087 1682 1197 1716 mein'
1221 1682 1294 1719 ich.
1323 1702 1366 1708 —
1413 1686 1551 1718 urbem.

82 1727 171 1762 wie
195 1726 285 1762 Viel
309 1726 445 1761 beruht
468 1726 571 1760 nicht
607 1726 784 1761 meistens
819 1729 884 1761 auf
915 1728 998 1761 dem
1031 1728 1184 1763 Besitze
1209 1728 1277 1763 der
1308 1730 1553 1788 Hauptstadt!

82 1773 155 1808 wie
188 1773 276 1809 Viel
302 1773 463 1807 beruhte
488 1772 620 1806 darauf
648 1773 707 1806 fur
733 1773 958 1819 Pompeius!
993 1773 1031 1809 S.
1054 1774 1262 1818 Ferguson.
1289 1795 1332 1801 --
1382 1779 1552 1824 απορῶ,

82 1819 143 1853 ich
167 1819 260 1854 weis
286 1819 407 1862 nicht,
433 1818 525 1852 Was
551 1818 610 1852 ich
636 1819 756 1852 davon
781 1819 929 1854 denken
955 1820 1039 1855 soll.
1066 1838 1111 1846 —
1138 1820 1241 1855 Tum.
1265 1821 1354 1857 Sch.
1382 1822 1476 1856 Liin.
1503 1823 1552 1857 de

81 1865 173 1899 Ern.
201 1875 302 1909 susp.
332 1865 480 1898 Tamen.
506 1883 551 1889 -
598 1864 703 1907 Ergo
727 1865 824 1899 idem
847 1867 1002 1901 faceres.
1027 1883 1072 1892 —-
1122 1866 1243 1910 Galli,
1270 1867 1345 1902 wie
1370 1868 1549 1911 damaffls,

82 1911 138 1945 als
164 1911 297 1945 Camill
322 1910 378 1945 sie
403 1910 548 1944 wieder
572 1910 792 1956 fortschlug.
841 1911 879 1947 S.
908 1912 992 1947 Liv.
1008 1912 1058 1956 V,
1072 1912 1115 1946 41
1137 1913 1176 1947 ff.
1203 1932 1246 1938 —
1294 1915 1413 1958 inquit
1436 1916 1550 1951 Pom-

81 1956 200 2003 peius.
225 1975 270 1982 —
316 1958 369 1991 At
394 1956 538 1999 (Lamb.
568 1956 654 1999 Sed)
680 1957 719 1991 in
744 1957 824 1990 aris
847 1962 881 1991 et
905 1959 1018 2002 focis,
1051 1958 1101 1992 im
1127 1959 1353 2004 Gegentheil
1379 1961 1434 1995 od.
1460 1962 1550 1995 aber

81 2003 184 2038 wohl
210 2002 258 2037 ist
284 2002 340 2037 sie
366 2003 530 2046 iiberall,
563 2013 624 2036 wo
651 2004 779 2037 Altare
805 2004 878 2038 und
903 2004 1054 2039 Heerde
1079 2005 1174 2040 sind.
1224 2006 1354 2039 Daher
1374 2018 1444 2050 pro
1470 2008 1552 2041 aris

81 2053 116 2083 et
139 2050 232 2093 focis
251 2059 434 2093 pugnare,
461 2050 519 2082 fiir
544 2049 644 2082 Hans
671 2050 746 2082 und
771 2050 850 2083 Hos
869 2050 1064 2096 kiimpfen!
1090 2070 1134 2077 —
1186 2051 1442 2086 Themistocles
1465 2064 1550 2087 ver-

81 2095 173 2130 liess
197 2096 321 2130 Athen
346 2095 422 2128 und
447 2095 549 2128 sochi
580 2105 646 2129 zur
672 2095 754 2130 See.
779 2115 825 2122 ·—
871 2097 982 2131 totius
1014 2097 1209 2131 barbariae
1239 2098 1260 2132 i.
1284 2110 1314 2133 e.
1347 2100 1548 2133 Persarum

82 2142 209 2186 copias
235 2153 285 2176 ex
310 2140 408 2175 omni
432 2141 523 2176 Asia
547 2142 740 2175 collectas.
766 2160 810 2167 —-
857 2154 996 2186 arcem,
1031 2142 1281 2188 Capitolium,
1311 2144 1412 2187 quod
1446 2145 1547 2179 Galli

82 2188 219 2222 frustra
243 2193 516 2233 oppugnarunt.
540 2206 583 2212 —
631 2189 767 2231 Οὕτω,
793 2188 891 2223 Crat.
918 2189 1020 2225 Vict.
1037 2189 1067 2222 Ι.
1093 2189 1223 2223 Lamb.
1251 2190 1407 2232 Οὕτως.
1455 2192 1547 2235 „Sic

82 2244 171 2269 sane
196 2245 344 2277 eorum,
379 2233 550 2277 quiante
574 2243 642 2267 nos
674 2234 869 2278 vixerunt,
912 2234 1077 2269 virorum
1111 2235 1240 2270 laudes
1274 2236 1548 2272 audiebamus.’'

82 2280 235 2314 Homer.
268 2279 376 2314 Iliad.
396 2280 437 2323 1,
462 2291 496 2313 v.
515 2280 590 2314 520.
640 2279 749 2315 SCH.

172 2327 205 2359 4.
231 2336 274 2359 ez
304 2326 430 2360 dolore
460 2326 593 2359 munic.
627 2332 718 2368 cet.,
752 2335 794 2359 so
829 2324 904 2359 viel
944 2325 1006 2360 ich
1039 2336 1104 2361 aus
1135 2326 1218 2361 dem
1250 2328 1546 2364 schmerzlichen

82 2371 287 2411 Eindruck‚
313 2371 385 2405 den
399 2370 525 2405 dieser
540 2371 679 2406 Schritt
701 2371 767 2405 des
782 2372 987 2416 Pompeius
1004 2373 1068 2406 auf
1079 2372 1140 2407 die
1154 2374 1393 2419 Muncipalen
1411 2375 1544 2418 madir,

80 2418 158 2451 und
184 2428 248 2451 aus
274 2417 345 2450 den
369 2418 499 2452 Reden
519 2445 527 2452 .
543 2444 573 2452 ..
594 2418 798 2452 schliesseu
833 2418 943 2452 kann.
981 2436 1023 2443 —
1066 2419 1151 2453 escit.
1178 2419 1282 2459 hab..
1316 2431 1389 2453 von
1420 2426 1545 2464 gutem

83 2464 239 2507 Erfolge
263 2462 357 2496 sein.
384 2481 426 2488 --
472 2464 592 2498 nescio
617 2464 719 2506 istic,
745 2464 836 2498 Ern.
862 2475 961 2509 susp.
989 2463 1076 2500 Sch.
1101 2465 1196 2499 Liin.
1229 2466 1349 2499 nescio
1374 2476 1422 2499 cm
1446 2466 1545 2509 istic,

84 2510 132 2544 ob
158 2510 251 2543 auch
275 2519 321 2543 zu
347 2509 478 2543 Rom.''
503 2520 549 2543 an
572 2510 669 2554 apud
694 2521 760 2544 vos
783 2511 875 2544 tales
900 2510 974 2544 sint
1008 2512 1198 2553 querelae.
1223 2530 1267 2536 --
1313 2512 1476 2553 Fugiens
1497 2524 1545 2546 =

83 2556 170 2599 suga
192 2556 275 2597 sua,
310 2565 421 2597 quum
447 2560 554 2589 antea
578 2567 772 2598 numquam
807 2556 953 2600 sugerit.
1002 2556 1150 2591 Ramsh.
1188 2558 1217 2600 ς’.
1237 2558 1313 2591 171.
1339 2558 1417 2600 ΙΙΙ,
1442 2558 1483 2600 2,
1509 2569 1541 2599 c,

82 2603 115 2636 2.
143 2621 185 2626 —
235 2601 330 2636 Quid
353 2602 520 2645 quaeris?
543 2612 589 2636 =
611 2602 716 2637 kun-z.
742 2621 784 2628 —-
834 2603 925 2637 Alia
950 2613 1059 2636 causa
1073 2603 1100 2645 f.
1117 2607 1180 2646 est,
1205 2603 1267 2636 die
1290 2613 1408 2646 ganze
1422 2602 1543 2637 Sache

84 2649 147 2682 hat
170 2647 337 2682 dadurch
362 2647 446 2680 eine
470 2649 608 2681 andere
640 2648 841 2693 VVendung
872 2659 1106 2693 genommen.
1145 2667 1187 2674 -
1235 2648 1334 2682 Haec
1349 2675 1357 2683 .
1372 2675 1379 2683 .
1395 2674 1402 2683 .
1419 2650 1542 2694 qualia

84 2694 175 2737 sint,
206 2694 298 2728 Was
324 2692 456 2728 daraus
481 2693 631 2727 werden
655 2694 762 2728 wird.

175 2740 210 2775 5.
236 2751 307 2776 non
331 2741 452 2783 twrb„
490 2739 554 2775 das
586 2739 682 2775 mich
712 2740 749 2776 in
779 2740 892 2776 keine
923 2752 1052 2785 grosse
1082 2740 1423 2786 Schwierigkeiten
1461 2753 1544 2777 ver-
