1795 3043
179 43 245 89 56
436 36 500 82 M.
538 36 593 80 T.
631 33 972 81 CICERONIS
1007 31 1378 79 EPISTOLAE.
1767 0 1774 78 Ι

185 150 267 191 nisi
296 150 431 190 nostrl
461 148 622 200 equites
651 147 815 188 acutius
845 145 1068 194 vidissent,
1109 157 1244 198 paene
1282 143 1541 186 concedente
1569 143 1639 186 adss-
1769 84 1773 158 Ι

135 208 163 248 2
187 208 374 249 versario
412 206 662 257 superasset.
722 204 835 245 Illud
873 206 915 244 te
945 217 1028 244 non
1068 203 1254 244 arbitror
1282 204 1504 251 miratum,
1546 202 1642 243 Ser-

187 266 318 314 vium,
349 264 609 316 designatum
637 261 853 302 tribunum
874 260 1005 313 plebi,
1036 261 1377 301 condemnatum:
1409 260 1530 300 cuius
1561 259 1641 312 [in]

188 324 331 363 locum
362 322 407 362 C.
440 319 566 360 Curio
596 320 730 371 petiit.
790 321 1028 370 Sanequam
1056 318 1209 358 incutit
1237 318 1404 365 multis,
1445 317 1520 370 qui
1548 329 1644 358 eum

190 380 529 429 facilitatemque
567 377 657 416 eius
685 389 769 416 non
799 378 980 424 norunt,
1020 388 1215 428 magnum
1244 377 1426 415 metum:
1456 374 1552 422 sed,
1597 376 1645 415 ut

192 449 317 489 spero
350 438 391 475 et
421 436 517 476 volo
547 435 589 474 et
618 436 664 473 ut
693 447 738 474 se
768 435 850 473 sert
887 434 999 484 ipse,
1038 433 1168 472 bonos
1200 434 1241 472 et
1270 434 1462 472 senatum
1490 432 1644 472 malet:

193 495 304 533 totus
336 523 347 542 ‚
380 494 427 533 ut
456 504 568 532 nunc
599 493 680 538 est,
721 492 803 531 hoc
833 490 1023 531 scaturit.
1081 490 1219 530 Huius
1248 491 1388 530 autem
1417 489 1648 530 voluntatis

193 551 366 591 initium
403 551 445 591 et
482 562 611 592 causa
640 549 723 600 est,
764 547 876 598 quod
912 559 1007 586 eum
1047 560 1131 587 non
1173 547 1441 587 mediocriter
1480 546 1647 594 Caesar,

196 608 270 660 qui
309 608 416 647 solet
456 606 695 646 infimorum
724 605 941 644 hominum
977 605 1209 645 amicitiam
1248 603 1330 644 sibi
1361 603 1550 656 qualibet
1576 604 1651 644 im·

196 677 330 718 pensa
358 664 610 715 adiungere,
648 662 770 702 valde
802 662 1063 713 contempsit.
1123 663 1212 709 Qua
1240 662 1284 701 in
1314 673 1361 701 re
1403 660 1509 700 mihi
1539 661 1652 702 vide-

197 724 272 762 tur
300 721 407 761 illud
436 733 641 773 perquam
669 721 845 759 venuste
886 719 1113 768 cecidisse3
1155 719 1267 769 quod
1297 732 1322 758 a
1350 719 1525 770 reliquis
1553 729 1654 770 quo-

200 792 284 830 que
313 790 446 829 usque
476 790 524 817 eo
556 779 618 817 est
645 776 994 824 animadversum,
1026 778 1073 815 ut
1103 776 1247 824 Curio,
1278 776 1353 827 qui
1383 775 1492 815 nihil
1521 775 1656 815 consi-

200 836 262 876 lio
295 836 420 883 facit,
461 835 628 875 ratione
658 835 700 873 et
728 833 891 873 insidiis
921 846 1018 873 usus
1047 833 1263 874 videretur
1292 833 1336 873 in
1367 832 1573 873 evitandis
1602 832 1655 872 iis

201 893 418 940 consiliis,
464 893 536 943 qui
574 904 617 931 se
655 891 923 931 intenderant
959 890 1218 932 adversarios
1255 890 1300 930 in
1339 889 1429 930 eius
1468 889 1661 930 tribuna-

205 1014 305 1060 apud
331 1025 439 1057 quem
464 1020 677 1058 praetorem
701 1015 880 1048 urbanum
906 1021 962 1049 est
987 1020 1068 1049 acta
1093 1026 1202 1049 causa
1215 1015 1407 1050 Caecinae.
1433 1016 1526 1053 Vid.
1553 1016 1660 1051 Caec.

207 1073 238 1096 c.
263 1063 294 1095 8.
323 1080 363 1085 -—
390 1061 628 1105 quindecimo.
662 1061 914 1095 custodiendis
945 1061 1054 1096 libris
1087 1061 1297 1107 Sibyllinis,
1344 1062 1441 1096 Dein
1472 1062 1662 1097 Priester-

207 1107 370 1151 collegio
396 1107 464 1141 der
488 1107 832 1141 Funszehnmanner
854 1108 938 1141 kam
964 1119 1002 1142 es
1027 1108 1330 1142 ausschliesslich
1356 1119 1420 1152 zu,
1448 1110 1508 1143 die
1534 1109 1665 1155 Sibyl-

208 1154 393 1188 linischen
417 1154 568 1187 Bucher
599 1155 663 1187 auf
683 1154 816 1188 Befehl
842 1153 907 1188 des
933 1153 1065 1188 Senats
1099 1166 1157 1188 um
1182 1155 1279 1189 Rath
1304 1166 1350 1188 zu
1384 1156 1561 1199 befragen
1587 1156 1664 1189 und

208 1200 271 1234 die
298 1200 407 1234 dabei
439 1200 612 1233 iiblichen
639 1201 759 1244 Opt'er
789 1210 834 1233 zu
860 1201 1082 1235 verrichten.
1130 1202 1212 1236 Nur
1241 1202 1429 1235 Patricier
1460 1203 1552 1236 oder
1575 1203 1665 1235 Ple-

209 1246 317 1281 beier
348 1258 412 1281 aus
439 1246 510 1279 den
543 1246 710 1279 edelsten
735 1246 917 1280 Familien
947 1246 1113 1280 konnten
1139 1258 1184 1281 zu
1217 1248 1342 1281 dieser
1366 1249 1513 1282 Wiirde
1537 1249 1666 1292 gelan-

211 1305 296 1337 gen.
324 1313 366 1320 -
391 1298 425 1327 et
447 1292 492 1326 L.
520 1293 622 1326 Lent.
651 1293 782 1326 Craris
813 1303 887 1336 rep.
913 1304 947 1326 v.
974 1305 1009 1327 n.
1035 1294 1110 1327 vid.
1144 1294 1254 1336 „und
1286 1294 1351 1327 das
1384 1294 1537 1327 Gesicht
1563 1295 1667 1328 nicht

211 1340 375 1384 gesehen
402 1341 497 1381 hest,
525 1339 589 1372 das
614 1339 794 1372 Lentulus
821 1339 914 1372 Crus
937 1340 1092 1381 machte,
1119 1340 1172 1373 als
1189 1351 1231 1373 er
1253 1339 1534 1384 durchgesallen
1547 1341 1666 1374 war.“

211 1387 265 1422 Es
298 1387 347 1421 ist
371 1386 558 1429 desselbe,
585 1384 653 1419 der
677 1386 745 1419 696
770 1385 908 1418 Priitor
932 1396 1012 1419 war
1043 1386 1119 1419 und
1144 1387 1210 1420 704
1235 1396 1317 1419 zum
1342 1387 1481 1421 Consul
1507 1387 1571 1420 des
1597 1387 1669 1421 sol-

211 1434 358 1477 genden
386 1434 514 1468 Iahres
541 1432 700 1467 e1·w²‹ihlt
715 1432 858 1466 wurde.
886 1451 927 1455 —
954 1433 1199 1475 descenderat,
1226 1444 1304 1468 war
1319 1444 1361 1466 er
1375 1433 1521 1467 aufden
1537 1433 1669 1469 Wahl-

211 1480 313 1526 platz
339 1480 574 1524 gekommen!
600 1500 644 1507 --
671 1478 886 1515 adversario
910 1478 1123 1513 Dolabella.

303 1526 337 1561 2,
385 1526 566 1562 Servium,
591 1528 707 1562 vverz
732 1525 781 1562 ist
807 1523 1029 1558 unbekannt.
1057 1543 1099 1551 —-
1120 1525 1221 1568 plebi
1237 1524 1304 1558 der
1320 1525 1441 1560 Genit.
1467 1537 1513 1559 ετ.
1536 1524 1670 1571 plebis.

215 1569 253 1607 S.
279 1572 427 1607 Ramsh.
459 1575 486 1617 §.
512 1574 568 1608 25.
603 1576 708 1609 Anm.
737 1576 766 1610 1.
794 1592 838 1598 -
871 1572 1145 1607 condenmatum
1170 1571 1216 1604 de
1243 1571 1400 1614 ambitu,
1427 1572 1529 1614 quod
1554 1572 1673 1606 tribu-

215 1624 339 1651 natum
365 1619 565 1663 largitione
589 1628 810 1655 consecutus
836 1626 945 1655 esset.
969 1619 1133 1653 SCH.-
1153 1618 1223 1661 [in]
1238 1618 1366 1651 locum.
1395 1618 1458 1653 Sic
1476 1618 1675 1653 Markland

216 1664 392 1698 Remarks
413 1678 449 1709 p.
476 1666 530 1700 62.
555 1666 587 1701 2.
615 1668 716 1700 culus
740 1668 859 1701 locum
883 1668 976 1702 Cett.
1005 1677 1086 1700 cum
1111 1664 1190 1698 Md.
1219 1664 1415 1697 ORELLI.
1442 1684 1484 1688 —
1513 1665 1552 1699 C.
1571 1664 1675 1699 Scri-

215 1711 352 1745 bonius
386 1712 499 1746 Curio
532 1713 572 1746 C.
604 1713 726 1757 filius,
757 1714 805 1748 ad
840 1725 948 1757 quem
974 1718 1059 1747 sunt
1091 1710 1286 1745 Ciceronis
1318 1711 1514 1755 Epistolae
1545 1711 1593 1745 II.
1627 1711 1677 1744 ad

216 1758 346 1793 Famil.
373 1759 463 1794 Vid.
491 1759 536 1792 ad
552 1759 664 1794 Attic.
682 1762 715 1802 1,
743 1761 796 1794 14.
824 1760 952 1803 (XIX)
980 1766 1048 1794 ete.
1075 1777 1116 1785 ·-
1142 1758 1291 1801 facilit„
1318 1757 1421 1791 seine
1438 1757 1676 1801 Gutmiithig-

217 1804 318 1846 hefft,
355 1805 629 1839 Lenksamkeit.
656 1825 700 1830 —-
732 1810 770 1838 ut
794 1816 830 1839 se
862 1807 933 1849 fert
970 1807 1061 1850 ipse,
1104 1816 1169 1839 aus
1207 1804 1346 1837 seinem
1378 1803 1591 1837 Benehmen
1629 1814 1677 1838 zu

218 1850 434 1886 schliessen.
463 1871 502 1876 —
528 1852 651 1893 malet,
679 1863 719 1886 er
743 1852 841 1885 wird
867 1852 946 1885 sich
971 1853 1091 1887 lieber
1116 1863 1161 1885 an
1187 1851 1247 1884 die
1262 1850 1576 1894 Wohlgesinnten
1602 1850 1678 1884 und

220 1907 266 1930 an
291 1896 362 1930 den
396 1897 509 1932 Senat
535 1898 798 1932 anschliessen.
823 1899 965 1933 Bened.
992 1899 1128 1932 mallet.
1157 1917 1198 1922 ——
1225 1901 1376 1930 fotus...
1412 1896 1476 1930 hoc
1507 1897 1676 1938 scaturit,

221 1943 392 1988 sprudelt
425 1955 466 1978 er
497 1944 591 1977 uber
624 1945 696 1978 und
728 1946 822 1979 iiber
854 1956 924 1978 von
956 1945 1229 1979 Patriotismus.
1259 1962 1299 1968 -·
1325 1947 1455 1977 autem.
1505 1942 1569 1977 Sic
1600 1943 1677 1978 Md.

222 1991 320 2023 Crat.
353 1990 457 2026 Vict.
491 1991 521 2024 1.
555 1990 587 2024 2.
619 1991 745 2025 Lamb.
781 1991 916 2025 Graev.
956 1991 1061 2024 omis.
1096 1995 1215 2024 autem
1251 1991 1368 2034 Neap.
1406 1992 1491 2023 Asc.
1525 1992 1557 2023 l.
1588 1990 1679 2024 Ern.

220 2036 361 2070 Bened.
391 2035 474 2070 Sch.
499 2037 652 2070 Lunem.
679 2056 724 2061 —
749 2037 962 2071 amicitiam.
1013 2037 1077 2072 Sic
1103 2037 1178 2071 Md.
1205 2037 1306 2072 vict.
1325 2037 1356 2070 2.
1383 2036 1568 2069 amicitias
1584 2036 1679 2070 Cett.

225 2082 422 2116 ORELLI.
450 2101 494 2107 —
519 2087 557 2115 ut
582 2083 647 2115 mit
677 2083 816 2116 seinem
842 2084 961 2120 Verb.
994 2095 1080 2116 usus
1103 2084 1288 2117 videretur
1319 2083 1421 2116 dient
1453 2092 1521 2115 zur
1545 2082 1682 2115 Erkla-

225 2139 321 2172 rung
346 2139 416 2162 von
442 2129 537 2162 illud
562 2130 733 2163 cecidisse
759 2130 833 2162 und
858 2140 967 2173 usque
992 2141 1043 2164 eo.
1075 2129 1112 2164 S.
1140 2129 1287 2163 Ramsh.
1313 2130 1342 2173 §.
1371 2130 1450 2170 183,
1475 2129 1508 2162 2.
1536 2128 1681 2162 Grotef.

223 2176 251 2218 §.
277 2176 355 2209 396.
383 2193 425 2198 —
453 2176 620 2218 consilio,
647 2176 711 2209 mit
743 2176 1019 2220 Ueberlegung.
1047 2195 1089 2200 -
1114 2181 1153 2209 ut
1178 2176 1322 2210 ratione
1353 2179 1386 2208 et
1410 2175 1520 2208 z'nsz'd.
1546 2186 1599 2209 us.
1625 2175 1682 2207 vi·-

225 2222 315 2263 der„
343 2221 426 2254 dass
453 2233 494 2254 er
520 2222 720 2255 diessmahl
746 2222 844 2256 viele
868 2223 1146 2257 Besonnenheit
1171 2223 1246 2256 und
1271 2222 1346 2255 viel
1372 2221 1452 2255 List
1477 2221 1686 2264 gebraucht

226 2278 273 2301 zu
305 2267 425 2301 haben
457 2267 620 2310 schei11t‚
648 2279 705 2301 um
731 2268 791 2302 die
816 2269 1051 2312 Maasregeln
1077 2269 1200 2303 Derer
1232 2278 1278 2303 zu
1302 2268 1505 2310 vereiteln,
1538 2267 1685 2301 welche

226 2313 302 2347 ihm
327 2313 365 2347 in
389 2313 514 2347 selner
538 2314 779 2358 Bewerbung
804 2326 862 2349 um
889 2315 952 2349 das
979 2315 1162 2349 Tribunat
1187 2321 1371 2358 eiitgegen
1396 2314 1615 2348 arbeiteten.
1640 2331 1686 2338 —

227 2361 267 2394 in
301 2361 384 2393 erit.
418 2360 479 2394 iis.
531 2359 595 2394 Sic
626 2360 703 2394 Md.
737 2361 839 2396 vict.
873 2363 903 2395 1.
936 2361 968 2396 2.
1009 2361 1149 2395 Bened.
1189 2361 1261 2394 del.
1299 2361 1349 2393 iis
1390 2360 1525 2394 Graev.
1562 2371 1687 2394 eorum

229 2407 330 2441 Crat.
359 2409 457 2448 (ante
482 2406 706 2449 Manutium)
745 2407 835 2441 Ern.
864 2407 950 2441 Sch.
973 2408 1067 2441 Liin.
1095 2407 1241 2441 ratione
1266 2411 1299 2440 et
1324 2407 1492 2440 consiliis
1527 2417 1561 2440 u.
1587 2417 1620 2439 v.
1647 2406 1688 2438 in

229 2464 283 2486 er.
318 2463 443 2486 eorum
474 2453 624 2486 insidiis
654 2453 779 2487 Lamb.
819 2453 1016 2488 ORELLI.
1050 2471 1094 2478 ·—
1134 2454 1294 2488 Laelios.
1359 2453 1434 2487 Sed
1465 2452 1609 2486 Lollius
1641 2451 1688 2485 de
1743 2478 1751 2483 ..

230 2499 369 2533 Manut.
398 2498 493 2532 coni.
519 2499 627 2543 prob.
656 2499 781 2534 Lamb.
808 2499 894 2533 Seli.
919 2500 1011 2533 Liiu.
1041 2500 1115 2533 ΟΒ.
1164 2500 1282 2533 Recte
1303 2499 1357 2533 sic
1372 2498 1578 2534 Manutius:
1607 2508 1689 2530 nam

230 2545 354 2579 Laelii
384 2545 606 2589 Pompeiani
637 2546 806 2587 suerunt,
841 2545 942 2589 quod
975 2556 1024 2579 ex
1054 2544 1164 2579 libris
1197 2546 1345 2579 Caesar.
1379 2546 1425 2580 de
1457 2545 1543 2579 bell.
1577 2543 1686 2579 Civil.
1756 2569 1757 2573 ,

231 2591 309 2631 ΙΙΙ,
343 2593 419 2626 100.
452 2590 688 2635 intelligitur.
738 2591 845 2626 SCH.
871 2610 915 2616 -
939 2592 1133 2625 Antonios.
1173 2593 1245 2626 Ex.
1279 2596 1372 2635 grat.
1404 2592 1455 2626 M.
1488 2589 1688 2632 Antonius,
1750 2618 1751 2621 ,

232 2637 392 2670 oratoris
419 2648 557 2681 nepos,
592 2637 658 2672 702
683 2644 859 2679 quaestor
884 2637 1055 2672 Caesaris
1082 2643 1163 2671 erat
1194 2638 1230 2671 in
1258 2638 1380 2671 Gallia
1406 2637 1494 2680 (vid.
1521 2636 1687 2680 Philipp.

232 2682 285 2726 11,
311 2683 363 2717 ⁸20.
391 2683 437 2717 ad
462 2684 590 2718 Famil.
617 2683 731 2727 VIII,
758 2684 837 2726 14);
864 2685 981 2720 et703
1006 2684 1177 2719 tribunus
1202 2683 1325 2729 plebis
1343 2683 1582 2729 Pompeianis
1598 2682 1691 2717 Cae-
