1795 3043
211 19 313 69 170
470 15 537 63 M.
572 15 628 61 T.
665 13 1005 63 CICERONIS
1038 16 1409 66 EPISTOLAE.
1788 0 1792 82 Α

210 140 358 182 parem
387 127 508 169 vobis
535 140 603 169 me
631 128 798 180 speravi
827 140 916 169 esse
943 129 1116 171 factum.
1173 129 1282 184 Nec,
1310 132 1672 186 mehercule,·ali-

211 187 279 227 ter
306 186 393 228 vidi
423 186 664 225 existimare
700 187 767 226 vel
795 186 868 228 Cn,
887 187 1156 239 Pompeium,
1199 201 1324 240 quem
1354 188 1567 239 omnibus,
1598 193 1672 243 qui

213 256 399 295 unquam
421 244 606 294 suerunt,
635 243 704 283 vel
733 243 780 284 P.
796 243 1036 297 Lentulum,
1065 257 1189 296 quem
1210 247 1314 286 mihi
1343 245 1424 299 ipsi
1449 249 1670 299 antepono.

212 301 279 342 Tu
308 301 343 340 si
373 300 499 340 aliter
527 299 764 349 existimas,
804 301 916 342 nihil
946 302 1128 350 errabis,
1165 302 1200 342 si
1229 304 1374 356 paullo
1410 303 1668 357 diligentius,

213 360 282 405 ut,
315 357 418 408 quid
447 358 503 397 sit
533 354 737 407 εὐγένεια,
785 358 886 410 quid
923 359 977 399 sit
1013 358 1238 412 nobilitas,
1274 360 1508 414 intelligas,
1541 362 1670 403 Athe-

211 415 418 461 nodorus,
452 414 660 456 Sandonis
687 415 823 463 filius,
855 415 957 467 quid
985 416 1036 456 de
1066 417 1131 456 his
1161 417 1285 458 rebus
1315 418 1453 470 dicat,
1485 419 1669 460 attende-

162 473 191 515 6
213 472 283 513 ris.
344 472 448 523 Sed,
478 474 525 512 ut
553 473 606 513 ad
635 485 723 512 rem
751 472 941 524 redeam,
983 487 1048 513 me
1077 473 1156 514 tibi
1194 487 1278 514 non
1315 475 1496 516 amicum
1533 476 1669 529 modo,

211 542 359 570 verum
388 530 512 569 etiam
541 529 836 570 amicissimum
867 531 1078 572 existimes
1114 533 1258 573 velim.
1315 533 1511 573 Profecto
1542 534 1671 573 omni-

211 585 290 626 bus
320 586 472 627 officiis
500 588 602 627 meis
633 587 838 633 efficiam,
876 589 924 626 ut
951 589 1011 628 ita
1041 601 1131 628 esse
1170 602 1268 629 vere
1305 588 1437 641 possis
1464 589 1666 631 iudicare.

211 645 276 685 Tu
306 646 445 685 autem
476 644 510 683 si
536 644 581 684 id
609 645 721 696 agis,
754 646 801 683 ut
828 643 967 684 minus
996 657 1090 686 mea
1117 658 1258 698 causa,
1287 647 1383 686 dum
1410 659 1486 699 ego
1506 646 1669 695 absum,

211 701 366 742 debere
383 701 587 752 videaris,
618 714 742 752 quam
762 712 837 753 ego
860 702 934 741 tua
952 702 1202 744 laborarim:
1233 703 1366 744 libero
1385 705 1427 744 te
1447 706 1528 745 ista
1547 716 1668 746 curat

488 756 583 807 παρ’
612 759 705 807 ἐμοί
729 771 774 806 γε
801 759 870 795 καί
898 756 1034 809 ἄλλοι,

269 814 318 853 Οἳ
345 816 390 853 κέ
417 829 467 864 με
497 812 731 866 τιμήσουσι,
760 812 937 863 μάλιστα
967 816 1011 855 δὲ
1037 817 1207 865 μητιέτα
1234 814 1344 859 Ζεύς.

210 872 258 914 Si
288 875 428 913 autem
458 875 609 914 natura
639 885 682 913 es
712 874 931 924 φιλαίτιος,
972 874 1079 914 illud
1108 887 1191 915 non
1221 874 1443 926 perficies,
1482 876 1565 927 quo'
1594 874 1671 915 mi·

208 943 289 971 nus
320 932 393 970 tua
421 943 549 971 causa
576 930 727 971 velim:
764 931 846 971 hoe
875 943 1118 984 assequere,
1155 933 1225 980 ut,
1269 944 1392 982 quam
1423 933 1469 971 in
1504 934 1669 984 partem

209 989 257 1028 tu
287 988 493 1041 accipias,
529 989 669 1028 minus
707 988 910 1030 laborem.
980 989 1099 1029 Haec
1138 988 1190 1028 ad
1229 990 1271 1028 te
1301 988 1451 1041 scripsi
1480 989 1670 1041 liberius,

208 1047 341 1086 fretus
373 1045 633 1086 conscientia
660 1044 792 1085 officii
821 1046 906 1085 mei
933 1044 1360 1097 benevolentiaeque,
1402 1058 1530 1097 quam
1558 1060 1583 1087 a
1602 1059 1669 1086 me

209 1105 327 1144 certo
356 1103 515 1144 iudicio
545 1104 803 1155 susceptam,
834 1102 971 1154 quoad
1000 1105 1045 1142 tu
1074 1104 1212 1155 voles,
1244 1102 1518 1145 conservabo.

208 1228 281 1263 ben
306 1226 417 1269 iibrig
441 1226 557 1259 blieb.
592 1226 640 1259 ad
662 1226 715 1268 gl.
741 1227 860 1259 deesse
879 1228 1047 1269 putarem
1070 1225 1293 1269 Mart-Lag.
1313 1225 1399 1261 Sch.
1418 1226 1511 1260 Liin.
1539 1238 1560 1261 e
1582 1239 1669 1272 per-

208 1284 317 1308 versa
350 1272 640 1316 interpolatione
675 1271 769 1306 Cdd.
802 1271 885 1314 aliq.
927 1277 962 1304 et
993 1271 1169 1314 marginis
1205 1272 1304 1306 Crat.
1341 1272 1417 1306 ΟΕ.
1444 1291 1488 1297 -
1527 1284 1669 1318 parem,

208 1319 527 1362 Euersgleichen,
551 1318 657 1351 Euch
681 1318 915 1362 gewachsen.
933 1335 977 1341 —
1011 1317 1104 1350 milti
1126 1317 1210 1360 ipsi.
1237 1317 1322 1352 Sch.
1348 1319 1426 1361 ipse
1451 1319 1556 1363 prob.
1578 1321 1672 1353 Bre-

207 1366 283 1401 mio
308 1367 351 1399 de
376 1367 468 1400 Fato
505 1376 540 1409 p.
556 1365 613 1399 48.
631 1383 674 1389 -
718 1363 813 1398 nihil
843 1362 1004 1405 errabis,
1037 1374 1079 1397 so
1110 1363 1217 1397 wirst
1242 1364 1304 1397 Du
1329 1364 1428 1397 Dich
1462 1365 1565 1399 nicht
1589 1378 1673 1400 ver-

207 1413 331 1455 irren,
359 1412 462 1445 nicht
486 1410 733 1455 fehlgreifen,
760 1410 861 1443 nicht
884 1409 971 1443 iibel
997 1410 1083 1443 thun
1111 1410 1176 1443 od.
1203 1421 1244 1443 so
1269 1410 1375 1445 wirst
1390 1411 1452 1444 Du
1474 1411 1573 1445 Dich
1599 1424 1671 1447 von

209 1460 363 1495 solchen
379 1458 610 1492 Irrthiimern
636 1457 919 1490 losmachem-
945 1456 1033 1500 quid
1054 1456 1103 1489 sit
1127 1457 1329 1501 εὐγένεια
1346 1469 1393 1490 ’.τ-
1418 1457 1506 1501 quid
1531 1458 1579 1492 sit
1604 1470 1671 1493 no-

207 1505 358 1549 bilitas,
390 1515 468 1539 was
495 1502 859 1547 Wohlgeborenheit
884 1513 917 1536 u.
942 1503 1040 1536 Adel
1065 1502 1130 1536 sei.
1172 1503 1259 1545 quid
1290 1504 1339 1535 sit
1364 1504 1496 1547 ἐξοχή
1527 1506 1668 1548 (excel-

209 1551 360 1594 lentia),
397 1551 484 1595 quid
507 1551 556 1583 sit
580 1550 785 1595 εὐγένεια
810 1549 875 1582 int.
902 1559 922 1581 e
948 1548 1057 1581 docta
1081 1549 1256 1591 interpol.
1285 1550 1370 1583 Ald.
1398 1552 1484 1584 Asc.
1504 1553 1537 1584 1.
1565 1553 1665 1588 Crat.

208 1599 334 1633 Lamb.
363 1598 476 1630 Hinc:
510 1597 596 1640 quid
619 1597 668 1629 sit
692 1596 918 1639 εὗγέιιεια,
950 1595 1036 1637 quid
1060 1594 1214 1638 ἐξοχή,
1248 1595 1313 1628 int.
1339 1597 1560 1640 Maru-Lag.
1579 1598 1664 1633 Sch.

207 1646 303 1680 Liin.
331 1643 571 1678 probabilius
589 1649 710 1676 autem
727 1647 782 1674 est
801 1653 833 1675 v.
850 1640 936 1684 quid
958 1641 1007 1673 sit
1031 1641 1206 1674 nobilitas
1231 1640 1491 1686 interpolatori
1523 1644 1665 1678 deberi.

210 1691 409 1727 ORELLI.
434 1709 476 1714 —-
517 1689 792 1729 Atlzenodorzw,
830 1698 895 1720 aus
928 1687 1110 1721 welchem
1142 1687 1224 1721 iene
1251 1688 1401 1721 Griech.
1428 1690 1562 1723 WVorte
1588 1697 1668 1725 ent-

208 1740 313 1773 lehnt
339 1736 442 1779 sind,
474 1746 546 1770 von
572 1736 712 1769 Tarsus
738 1733 932 1777 gebin-ng,
955 1744 1034 1767 war
1059 1733 1125 1766 det·
1150 1734 1294 1767 Lehrer
1320 1734 1385 1767 des
1411 1735 1565 1769 Kaisers
1591 1740 1668 1771 Au-

210 1791 308 1830 gust.
357 1783 461 1817 Nach
486 1782 608 1816 einen]
633 1781 753 1815 Dorfe
778 1779 882 1814 ward
909 1791 949 1813 er
975 1780 1152 1813 Cananita
1184 1780 1256 1813 und
1289 1780 1369 1814 hier
1395 1781 1443 1814 ist
1469 1793 1510 1815 er
1533 1782 1668 1817 Sindo-

208 1832 267 1866 m's
290 1829 389 1874 filius
413 1835 594 1873 genannt,
626 1839 685 1861 um
712 1826 774 1860 ihn
807 1837 879 1860 von
911 1826 1050 1859 seinem
1074 1826 1359 1869 Zeitgenossen,
1393 1827 1475 1860 dem
1501 1828 1668 1863 Atheno-

208 1878 323 1912 dorus
350 1876 519 1909 Cordilio
546 1886 591 1909 zu
618 1872 914 1915 unterscheiden,
940 1872 1007 1905 der
1031 1872 1129 1906 beim
1147 1873 1197 1906 M.
1210 1873 1300 1906 Cato
1328 1873 1427 1906 lebte
1453 1874 1526 1907 und
1552 1877 1664 1911 starb.

207 1925 245 1960 S.
273 1924 408 1958 Strabo
428 1922 495 1958 lv.
528 1921 633 1956 Suid.
667 1920 860 1954 Plutarch.
892 1919 1168 1963 Apophthegm.
1201 1930 1235 1952 u.
1269 1919 1388 1954 Isebr.
1413 1920 1547 1955 Eilard
1571 1922 1667 1956 Har-

206 1970 368 2005 kenroth
395 1968 432 2001 in
458 1967 699 2001 coniectaneis
723 1967 831 2000 Tom.
852 1967 883 1998 1.
909 1966 1015 1999 Misc.
1045 1965 1133 1999 Obs.
1161 1965 1242 1999 crit.
1270 1976 1395 1999 novar.
1423 1978 1459 2010 p.
1478 1967 1535 2000 49.

298 2018 332 2050 6.
364 2015 404 2048 z'd
429 2015 533 2057 agis,
572 2024 611 2047 es
644 2013 776 2046 darauf
797 2011 974 2046 absiehst.
992 2031 1037 2036 —
1079 2015 1117 2044 ut
1143 2037 1172 2045 ..
1191 2037 1199 2044 .
1225 2012 1450 2054 laborm-im,
1493 2013 1577 2047 dass
1602 2013 1664 2048 Du

206 2063 291 2106 mir,
316 2073 357 2096 so
384 2062 492 2104 lange
518 2060 578 2094 ich
603 2071 675 2094 von
690 2060 786 2093 Rom
811 2058 1008 2092 abwesend
1025 2057 1101 2101 bin,
1126 2057 1295 2102 weniger
1318 2059 1492 2102 schuldig
1515 2069 1561 2092 zu
1584 2060 1666 2094 sein

208 2108 392 2150 scheinst,
425 2108 478 2141 als
505 2106 565 2140 ich
590 2107 649 2140 fiir
672 2106 772 2139 Dich
805 2105 939 2148 gethan
965 2105 1073 2139 habe.
1090 2123 1134 2129 —
1168 2104 1304 2138 absum.
1339 2103 1403 2138 Sic
1431 2105 1549 2149 Neap.
1576 2106 1662 2140 Atd.

208 2157 310 2191 Crat.
335 2155 459 2188 Lamb.
486 2153 707 2195 Mart-Lag.
745 2151 859 2185 absim
886 2151 984 2194 Md„
1020 2157 1059 2184 ut
1090 2150 1250 2184 videtur.
1283 2149 1385 2186 Vict.
1408 2151 1438 2184 1.
1457 2151 1489 2184 2.
1528 2151 1664 2187 Graev.

206 2204 297 2238 ΕΓΗ.
321 2200 463 2235 Bened.
491 2199 576 2234 Sch.
603 2200 697 2233 Liin.
748 2197 1008 2232 Creberrimus
1033 2207 1150 2231 error.
1175 2208 1208 2229 v.
1228 2207 1259 2229 c.
1287 2197 1334 2230 ad
1358 2197 1474 2231 Attc'c.
1497 2198 1531 2239 l,
1556 2200 1612 2240 17,
1629 2200 1664 2233 3.

209 2250 339 2285 OR.—
364 2247 479 2280 libero
565 2256 666 2285 cura,
692 2244 728 2277 ie
748 2255 836 2288 nun,
863 2255 904 2278 so
931 2242 1223 2277 erlasseichDir
1248 2242 1481 2287 dieseSorge
1505 2244 1571 2277 mit
1593 2245 1665 2278 sol-

206 2294 353 2341 genden
388 2294 548 2327 VVorten
588 2303 651 2325 aus
689 2292 848 2324 Homers
874 2291 917 2325 Il.
938 2292 977 2333 l,
1000 2290 1083 2323 174:
1117 2289 1201 2336 πάρ’
1233 2289 1311 2331 ἐμοὶ
1339 2314 1347 2324 .
1367 2313 1375 2322 .
1398 2288 1663 2335 τιμήσουσιι

207 2343 308 2377 deun
333 2339 403 2374 mir
428 2340 558 2373 stelien
585 2338 680 2371 noch
707 2338 836 2371 Andre
860 2337 962 2371 Mich
986 2346 1032 2369 zu
1059 2336 1173 2369 ehren
1197 2335 1332 2377 bereit,
1359 2346 1426 2368 vor
1439 2336 1551 2369 Allen
1576 2337 1666 2370 aber

207 2389 326 2431 Zeus,
354 2386 420 2420 der
444 2385 549 2419 reich
575 2395 618 2417 an
641 2384 829 2418 VVeisheit
853 2393 898 2416 zu
923 2383 1051 2416 rathen
1076 2392 1292 2425 vermag.—
1316 2381 1359 2415 Si
1382 2386 1511 2416 antem.
1536 2383 1666 2416 Mart.-

207 2435 300 2478 Lag.
328 2433 412 2468 sch.
439 2433 498 2465 sin
522 2437 650 2464 contra
668 2430 745 2464 Md.
762 2449 803 2454 ——
839 2430 1090 2475 φιλαίτιος,
1117 2428 1313 2461 accusandi
1340 2427 1509 2472 cupidus,
1534 2428 1664 2480 klage-

208 2481 343 2523 lustig,
369 2477 620 2520 iibelnelnnig.
640 2496 681 2501 —
714 2488 780 2520 quo
805 2477 923 2509 minus
949 2478 972 2507 t.
998 2485 1027 2507 c.
1054 2474 1185 2516 velim,
1212 2474 1295 2507 dass
1320 2473 1380 2507 ich
1404 2474 1478 2507 Dir
1500 2485 1667 2517 weniger

208 2527 310 2562 wohl
334 2526 459 2559 wolle.
478 2544 519 2549 —
553 2534 656 2567 queem
684 2523 719 2555 ιή
742 2534 779 2566 p.
797 2526 821 2554 t.
847 2520 1026 2564 accipias,
1051 2520 1124 2553 wie
1142 2521 1205 2553 Du
1231 2531 1271 2554 es
1297 2520 1535 2561 aufnehmest‚
1562 2521 1664 2553 wohl

210 2573 303 2606 oder
327 2572 427 2606 iibel.
447 2591 486 2597 -—
520 2570 683 2612 liberius,
710 2574 824 2602 etwas
850 2566 920 2601 frei
945 2577 1027 2599 vom
1045 2566 1195 2600 Munde.
1211 2585 1257 2592 —
1287 2570 1384 2599 certo
1409 2566 1546 2599 iudicio
1570 2577 1663 2599 susc.

211 2625 258 2654 st.
284 2618 383 2663 quod
409 2629 488 2652 eam
512 2622 614 2652 certo
641 2614 778 2650 iudicio
805 2612 975 2657 suscepi,
1010 2611 1057 2646 da
1085 2612 1140 2649 sie
1173 2613 1237 2647 auf
1264 2612 1392 2648 festem
1418 2612 1571 2647 Grunde
1603 2612 1664 2646 bei

212 2665 284 2700 mir
309 2665 415 2700 steht.
