1795 3043
513 41 827 94 EPISTOLA
868 43 1209 97 ccxxxvm.
1500 55 1599 104 153

126 160 206 203 bus
234 158 403 202 bellicis
431 159 552 209 solet,
580 158 820 211 neglectum
849 172 874 200 a
903 171 971 200 me
987 161 1102 214 olim,
1131 174 1246 203 nunc
1272 162 1375 206 mihi
1399 166 1598 216 expeten-

127 220 226 261 dum
253 220 372 272 puto.
431 216 545 258 Huic
575 228 694 256 meae
731 217 965 269 volunt-ati,
1005 219 1049 258 in
1090 231 1173 270 qua
1212 220 1322 260 inest
1357 222 1503 273 aliqua
1531 223 1597 264 vis
1621 224 1677 263 14

128 276 329 318 desiderii
359 274 412 316 ad
443 273 674 314 sanandum
701 273 855 314 vulnus
884 274 1084 323 iniuriae,
1117 278 1162 316 ut
1181 278 1323 318 faveas
1342 278 1595 330 adiutorque

125 335 208 386 sis,
249 333 360 385 quod
392 331 535 384 paullo
566 332 664 371 ante
692 342 760 371 me
789 343 986 383 negaram
1015 335 1279 384 rogaturum,
1323 337 1596 377 vehementer

127 392 172 433 te
201 402 316 444 rogo:
348 389 420 430 scd
449 388 522 435 ita,
556 388 591 427 si
620 400 704 427 non
732 387 922 428 ieiunum
950 389 1032 429 hoc
1061 391 1205 430 nescio
1236 393 1350 442 quid,
1382 394 1494 444 quod
1516 406 1593 447 ego

125 448 250 502 gessi,
282 449 325 487 et
355 444 703 488 contemnendum
732 444 961 493 videbitur,
993 445 1066 485 sed
1084 448 1168 486 tale
1192 450 1320 498 atque
1340 451 1515 502 tantum,
1545 452 1594 491 ut

125 505 250 546 multi
288 514 555 555 nequaquam
593 501 768 553 paribus
802 502 928 542 rebus
959 503 1141 543 honores
1171 517 1349 546 summos
1388 521 1414 547 a
1443 509 1592 548 senatu

125 562 344 604 consecuti
372 561 465 600 sint.
524 558 732 609 Equidem
755 560 882 599 etiam
901 560 1009 599 illud
1029 561 1134 601 mihi
1154 561 1339 602 animum
1361 564 1593 605 advertisse

124 619 294 661 videor:
325 640 383 648 --
410 616 494 657 scis
525 617 650 668 enim,
681 629 805 667 quam
833 618 992 657 attente
1022 619 1064 657 te
1095 618 1242 658 audire
1272 621 1521 660 soleamt—
1549 624 1592 662 te

124 688 211 718 non
240 680 325 716 tam
355 686 423 715 res
451 674 610 726 gestas,
641 685 765 724 quam
794 687 953 724 mores,
983 675 1175 716 instituta
1206 677 1330 728 atque
1360 678 1491 718 vitam
1516 679 1591 719 im-

122 735 366 786 peratorum
396 731 589 784 spectare
619 731 754 770 solere
784 731 830 771 in
861 732 1066 772 habendis
1096 735 1168 772 aut
1186 746 1270 773 non
1292 733 1498 775 habendis
1518 736 1592 775 ho-

122 789 311 832 noribus.
371 788 491 836 Quod
519 787 556 827 si
585 788 630 829 in
661 801 754 829 mea
783 800 909 829 causa
939 789 1248 837 considerabis,
1282 793 1491 843 reperies,
1523 805 1602 836 me,

124 848 317 888 exercitu
347 845 568 886 imbecillo
599 848 748 886 contra
775 848 931 886 metum
961 848 1134 887 maximi
1164 847 1267 888 belli
1305 848 1590 889 firmissimum

121 903 376 959 praesidium
405 903 603 943 habuisse
642 903 898 954 aequitatem
934 906 976 943 et
1015 905 1335 946 continentiam.
1394 907 1473 946 His
1513 919 1591 960 ego

121 961 321 1002 subsidiis
352 973 403 1001 ea
431 973 523 1000 sum
554 962 827 1013 consecutus,
865 973 975 1011 quae
1014 962 1144 1000 nullis
1180 963 1417 1014 legionibus
1447 977 1592 1004 conse-

122 1019 198 1070 qui
228 1018 480 1071 potuissem:
512 1020 560 1057 ut
589 1033 638 1058 ex
668 1018 938 1058 alienissimis
966 1018 1092 1058 sociis
1120 1019 1413 1068 amicissimos,
1446 1033 1498 1061 ex
1527 1022 1592 1061 in-

120 1075 376 1116 fidelissimis
404 1074 665 1115 firmissimos
693 1075 912 1114 redderem
941 1075 1185 1126 animosque
1214 1089 1417 1117 novarum
1446 1091 1591 1118 rerum

121 1133 435 1185 exspectatione
457 1144 680 1183 suspensos
703 1131 754 1171 ad
775 1132 932 1172 veteris
950 1132 1119 1184 imperii
1148 1133 1481 1175 benevolentiam
1507 1138 1591 1176 tra-

121 1190 333 1230 ducerem.
393 1188 477 1229 Sed
505 1189 632 1229 nimis
662 1190 769 1228 haec
799 1190 933 1228 multa
960 1189 1011 1229 de
1041 1202 1128 1238 me,
1170 1192 1421 1241 praesertim
1450 1193 1502 1232 ad
1531 1196 1586 1241 te,
1614 1195 1671 1237 15

120 1261 145 1288 a
175 1259 258 1299 quo
288 1259 373 1286 uuo
404 1246 589 1286 omnium
619 1246 829 1286 sociorum
851 1248 1051 1297 querelae
1082 1247 1328 1289 audiunturt
1360 1262 1588 1302 cognosces

121 1316 174 1345 ex
203 1304 283 1353 iis,
325 1304 397 1354 qui
435 1304 540 1342 meis
575 1303 782 1342 institutis
817 1315 861 1342 se
901 1304 1115 1343 recreatos
1144 1308 1305 1356 putant.
1365 1307 1589 1358 Quumque

121 1373 265 1402 omnes
294 1372 378 1399 uno
408 1371 542 1411 prope
579 1371 786 1399 consensu
822 1359 873 1398 de
912 1372 980 1398 me
1019 1360 1130 1412 apud
1167 1364 1208 1401 te
1239 1374 1309 1413 ea,
1348 1375 1454 1414 quae
1483 1366 1590 1406 mihi

119 1417 382 1470 optatissima
410 1419 520 1464 sunt,
552 1415 881 1469 praedicabunt:
922 1418 1011 1458 tum
1041 1417 1148 1457 duae
1178 1419 1385 1460 maximae
1416 1421 1590 1462 cliente-

118 1476 187 1516 lae
216 1477 337 1522 tuae,
372 1473 531 1526 Cyprus
559 1473 698 1512 insula
729 1474 771 1512 et
801 1473 1094 1525 Cappadociae
1124 1487 1324 1527 regnum,
1364 1480 1507 1518 tecum
1536 1479 1589 1519 de

119 1544 185 1574 me
216 1532 461 1582 loquenturt
498 1531 600 1582 puto
641 1530 769 1569 etiam
807 1541 951 1582 regem
981 1531 1250 1580 Deiotarum,
1294 1534 1367 1585 qui
1404 1536 1480 1575 uni
1508 1536 1588 1576 tibi

118 1608 388 1645 fiirlemanden
413 1607 692 1650 verbiirgen.—-
717 1607 824 1641 rebus
849 1607 1002 1648 bellicis,
1022 1608 1590 1653 kriegerischenVerdiensten.

117 1655 206 1692 Wie
233 1655 366 1690 Cicero
399 1653 480 1688 sich
512 1653 681 1696 bemuht,
714 1652 797 1687 dem
830 1660 959 1699 streng
984 1656 1335 1699 republicauischen
1368 1670 1402 1693 u.
1434 1659 1591 1695 Stoiker

119 1703 211 1737 Cato
237 1700 397 1744 richtige
421 1699 580 1734 Ansicht
604 1699 726 1733 seines
753 1699 921 1735 Gesuchs
944 1701 1257 1745 abzugewinnen!
1296 1704 1419 1739 Einen
1443 1706 1591 1741 Bettel-

116 1748 218 1783 brief
239 1747 388 1782 schrieb
415 1745 476 1780 ein
502 1746 635 1780 Cicero
666 1745 787 1780 nicht!
831 1746 923 1781 Sein
953 1748 1130 1782 Ansehen
1162 1749 1210 1782 im
1240 1748 1366 1784 Staate
1398 1762 1480 1786 war
1512 1754 1589 1787 ihm

118 1795 183 1831 des
214 1793 335 1829 staats
360 1803 493 1836 wegen
520 1793 673 1826 theuer!
698 1811 743 1818 --
778 1794 933 1835 neglect.
972 1793 1010 1829 S.
1038 1805 1085 1829 zu
1106 1795 1340 1839 provinciam
1372 1796 1411 1831 in
1436 1799 1530 1835 dies.
1556 1800 1587 1843 §-

206 1841 263 1874 14.
297 1840 353 1873 vis
378 1839 553 1873 desiderii
576 1850 622 1873 =
645 1839 741 1883 quod
763 1840 923 1873 maxime
948 1841 1126 1885 cupierim
1151 1843 1178 1885 §.
1198 1843 1254 1877 16.
1282 1844 1351 1877 sub
1376 1844 1441 1878 fin.
1469 1864 1515 1871 —-
1539 1846 1589 1880 ad

116 1897 197 1921 san.
221 1886 317 1920 vuln.
349 1885 533 1929 iniuriae,
571 1885 712 1919 exsilii.
732 1905 773 1910 —
815 1887 879 1920 sed
902 1887 976 1930 ita,
1010 1888 1146 1922 iedoch
1178 1899 1249 1922 nur
1280 1896 1390 1923 unter
1423 1891 1490 1925 der
1514 1891 1590 1926 Be-

119 1933 295 1977 dingung.
315 1950 361 1958 -
400 1932 581 1971 ieiunam,
619 1937 749 1974 tenue,
782 1933 1057 1969 unbedeutend.
1076 1954 1119 1960 —
1153 1935 1275 1979 parib.
1300 1937 1429 1981 rebus,
1453 1949 1590 1982 wegen

118 1980 214 2015 eben
253 1990 294 2013 so
328 1989 481 2023 grosser
504 1977 820 2021 Verrichtungen.
842 1999 886 2004 —
925 1979 1093 2024 honores,
1119 1981 1525 2029 Ehrenbezeigungen.
1545 2003 1589 2010 -

119 2026 249 2060 audire
273 2024 311 2059 in
336 2031 466 2059 senatu
491 2024 689 2067 dicentem,
717 2025 935 2060 sententiam
960 2027 1152 2061 ferentem.
1171 2047 1216 2053 ——
1254 2033 1436 2073 spectare,
1462 2031 1501 2064 in
1514 2031 1590 2065 Be-

118 2072 240 2106 tracht
261 2071 406 2105 ziehen.
422 2090 468 2097 —-
500 2071 541 2104 in
565 2070 649 2105 hab.
678 2097 685 2104 .
701 2098 710 2105 .
736 2070 885 2114 honor„
925 2083 1036 2107 wenn
1061 2073 1123 2107 die
1147 2074 1269 2118 Frage
1293 2086 1367 2110 von
1393 2077 1590 2112 Zuerken-

117 2127 222 2162 nung
245 2118 336 2153 oder
355 2117 659 2160 Verweigerung
682 2118 833 2151 solcher
850 2119 1241 2164 Ehrenbezeigungeu
1266 2121 1383 2156 ist.--
1421 2124 1525 2159 Quod
1542 2135 1589 2158 =

119 2164 165 2198 Id
189 2164 232 2198 si.
249 2183 292 2189 -—
325 2164 486 2197 exercita
510 2164 708 2207 imbecillo,
732 2164 793 2197 bei
812 2165 969 2199 meinem
994 2178 1037 2201 so
1052 2167 1272 2202 schwachen
1289 2169 1425 2204 Heere.
1458 2170 1585 2204 Ablat.

120 2210 240 2244 absol.
267 2209 304 2245 S.
324 2221 380 2255 ep.
391 2210 545 2246 CCVII.
560 2210 729 2245 CCX.-·
763 2211 981 2255 aequitatem
1004 2219 1135 2246 contra
1159 2214 1296 2258 socios,
1321 2216 1586 2260 provinciales.

121 2274 167 2281 -
196 2266 238 2289 ez
262 2257 387 2300 suppl.
414 2256 538 2300 (etiam
562 2256 681 2299 Bas).
707 2256 815 2291 omis.
842 2268 885 2290 ez
908 2258 987 2292 Md.
1007 2277 1050 2284 -
1088 2261 1339 2305 firmissimos,
1366 2262 1428 2296 die
1454 2273 1588 2297 zuver-

124 2301 333 2345 lassigsten.
351 2320 396 2326 -—
429 2313 585 2346 suspens.
618 2303 693 2337 und
719 2303 780 2336 die
812 2303 849 2337 in
873 2304 1103 2349 Erwartung
1137 2317 1290 2349 grosser
1313 2308 1589 2352 Veranderung

122 2348 395 2382 scbwebenden
420 2348 747 2392 (schwankenden)
768 2349 967 2385 Gemuther
997 2362 1080 2388 zum
1096 2353 1353 2389 Wohlwollen
1377 2366 1499 2400 gegen
1526 2355 1589 2389 die

121 2394 195 2428 alte
221 2394 531 2428 Oberherrschat't
554 2396 835 2431 zuriicksubrte.

214 2441 270 2474 15.
303 2440 427 2474 multa.
466 2441 681 2485 Praecisio,
707 2443 878 2487 Ellipsis.
918 2443 1006 2480 Vid.
1031 2443 1182 2479 Ramsh.
1206 2447 1236 2490 §.
1255 2445 1338 2489 206,
1370 2446 1412 2490 C,
1436 2447 1472 2491 2,
1493 2458 1525 2481 c.
1544 2466 1587 2472 -

122 2497 144 2520 α
169 2497 237 2530 quo
262 2497 331 2519 uno
358 2492 447 2527 cet.,
485 2486 567 2520 dem
592 2487 795 2532 Einzigen‚
832 2489 900 2523 der
932 2490 992 2523 fur
1024 2490 1086 2525 die
1117 2492 1266 2534 Klagen
1301 2493 1396 2526 aller
1431 2504 1589 2527 unserer

122 2532 504 2567 Sehutzverwandten
532 2533 592 2566 ein
618 2534 747 2568 immet
771 2536 911 2570 offenes
930 2537 1010 2570 Ohr
1039 2537 1113 2571 hat.
1132 2557 1176 2563 --
1200 2539 1291 2572 meis
1315 2539 1443 2581 instit„
1470 2540 1589 2574 durch

122 2579 242 2612 meino
259 2579 539 2622 Anntssuhrung.
582 2578 621 2613 S.
648 2592 708 2624 ep.
727 2581 899 2626 CCVIII,
919 2583 1065 2617 CCLII.
1103 2584 1253 2627 Allegat
1272 2585 1484 2619 testimonia
1500 2597 1590 2631 pro-

122 2625 349 2660 vincialium.
369 2643 413 2649 —
447 2626 516 2667 loq.
554 2625 608 2659 Er
628 2628 884 2670 personificirt
907 2629 968 2662 die
981 2629 1211 2664 Proviuzeu.
1237 2630 1472 2665 Rednerstil!
1497 2633 1591 2667 Cato

124 2682 203 2705 war
228 2671 290 2705 aut
314 2671 386 2704 deu
412 2671 554 2714 Anu-ag
580 2671 645 2705 des
671 2673 827 2707 Clodius
853 2676 946 2708 nach
970 2676 1121 2720 Cypern
1146 2677 1213 2711 696
1238 2677 1433 2720 geschickt
1459 2689 1494 2711 u.
1519 2679 1593 2713 seit

126 2718 193 2752 der
219 2717 302 2752 Ze'n
326 2718 470 2751 Patron
496 2717 620 2751 dieser
645 2717 759 2755 Insel.
796 2720 835 2755 S.
863 2721 910 2755 de
934 2721 1084 2757 Finibb.
1104 2722 1245 2763 IV,2o.
1273 2723 1353 2758 Des
1366 2724 1595 2760 Ariobarza-
