1795 3043
6 66 13 415 t

5 506 10 598 l

0 838 8 886 ²

0 1448 1 1470 η

0 1471 1 1495 1

0 1499 2 1529 l

0 1610 2 1631 l

565 16 878 64 EPISTOLA
915 18 1073 66 CCVI.
1489 29 1555 76 55

91 128 150 178 ut,
181 126 280 169 dum
308 129 354 170 tu
383 128 570 177 abesses,
602 130 700 170 ante
732 129 957 171 adventum
987 143 1127 172 meum
1157 131 1405 184 provinciae
1434 146 1554 187 prae-

88 187 197 225 esset
208 200 221 235 3
265 199 362 227 eum
392 200 466 240 ego
494 187 655 239 Ephesi
685 188 771 227 vidi
800 188 963 239 fuitque
992 202 1155 230 mecum
1181 190 1449 232 familiariter
1479 194 1553 233 tri-

87 241 216 283 duum
246 243 376 296 illud,
419 244 530 295 quod
560 256 636 297 ego
666 245 828 296 Ephesi
860 249 1142 287 commoratus
1173 261 1277 296 sum,
1308 261 1387 289 uec
1418 262 1470 290 ex
1501 263 1550 290 eo

88 300 315 352 quidquam
346 300 509 354 audivi,
538 301 650 352 quod
680 301 760 342 sibi
791 316 816 343 a
846 305 888 342 te
929 303 1170 344 mandatum
1200 305 1376 346 diceret.
1435 307 1549 347 Sane

85 358 239 397 vellem
280 359 486 410 potuisset
534 358 710 411 obsequi
746 360 955 400 voluntati
997 363 1113 401 tuae:
1160 373 1244 403 non
1287 364 1397 404 enim
1437 363 1547 404 arbi·

82 414 172 455 tror
199 417 396 457 noluisse.

299 531 610 578 EPISTOLA
647 532 806 583 CCVI.
844 532 925 591 (ad
954 534 1059 579 Div.
1091 534 1218 580 VIII.
1249 536 1321 593 4.)

274 618 355 654 Ser.
381 619 522 654 nomae
548 619 631 654 Kal.
658 618 794 655 sextu.
819 620 864 655 A.
891 620 934 656 U.
963 621 1002 656 c.
1030 623 1106 657 703.
1133 624 1180 665 (a.
1207 622 1248 658 c.
1273 621 1346 664 51.)

78 685 216 720 Narrat
246 687 395 723 Caelius
420 688 618 723 Messalam
645 695 681 723 et
705 688 876 724 Servium
909 689 993 725 trib.
1019 690 1067 735 pl.
1104 690 1246 735 design.
1273 690 1537 725 condemnatos

0 745 9 775 3¹
78 737 116 766 et
140 733 377 769 Dolabellam
406 736 486 771 XV
497 735 614 769 virum
637 742 817 778 creatum3
844 736 1044 770 Lentulum
1060 738 1248 782 repulsam
1263 737 1405 772 tulisse.
1432 737 1534 773 1-2.

76 779 278 816 Praeterea
308 781 356 816 de
380 782 560 825 comitiis,
593 782 638 816 de
664 783 754 817 actis
781 782 816 816 in
843 790 992 826 senatu,
1026 783 1073 817 de
1099 784 1267 818 Caesaris
1300 790 1336 819 et
1360 782 1533 830 Pompeii

340 828 567 871 rationibu53
595 829 756 873 denique
781 829 827 863 de
852 830 929 864 suis
953 829 1144 864 mandatis.
1170 831 1270 866 3-5.

491 897 709 933 CAELIUS
736 897 980 934 CICERONI
1004 898 1043 933 S.
1069 898 1119 932 D.

56 1020 66 1023 a
185 966 360 1008 Invideo
400 968 501 1010 tibi:
545 970 629 1010 tam
669 970 800 1010 multa
830 969 1039 1022 quotidie,
1071 981 1178 1021 quae
1208 969 1388 1016 mirere,
1419 969 1531 1010 istuc

69 1024 357 1074 perferuntur.
416 1026 606 1066 Primum
644 1026 773 1074 illud,
820 1027 1059 1068 absolutum
1094 1027 1338 1067 Messalam:
1378 1025 1530 1067 deinde

69 1081 249 1121 eundem
279 1082 616 1124 condemnatum:
651 1083 694 1123 C.
724 1084 976 1125 Marcellum
1006 1085 1223 1124 consulem
1253 1085 1437 1132 factum3
1468 1084 1527 1125 M.

69 1136 279 1179 Calidium
321 1139 375 1180 ab
407 1143 579 1193 repulsa
610 1142 867 1193 postulatum
897 1155 921 1182 a
953 1142 1107 1182 Galliis
1137 1141 1322 1182 duobus:
1365 1141 1413 1182 P.
1446 1141 1528 1181 Do-

65 1194 264 1236 labellam
305 1198 687 1249 quindecimvirum
722 1200 894 1240 sactum.
964 1199 1059 1240 Hoc
1095 1198 1173 1238 tibi
1214 1211 1301 1239 non
1341 1198 1525 1249 invideo,

66 1253 252 1293 caruisse
294 1255 336 1293 te
375 1256 663 1307 pulcherrimo
701 1256 944 1308 spectaculo
985 1258 1027 1296 et
1066 1256 1237 1296 Lentuli
1277 1255 1421 1295 Cruris
1460 1267 1525 1294 re-

64 1310 175 1360 pulsi
205 1311 366 1351 vultum
397 1324 480 1352 non
511 1312 679 1353 vidisse.
729 1313 786 1352 At
808 1325 892 1363 qua
907 1325 996 1364 spe,
1028 1325 1155 1364 quam
1181 1313 1298 1353 certa
1324 1311 1523 1364 opinione

64 1366 357 1409 descenderat!
399 1381 523 1421 quam
550 1370 642 1420 ipso
673 1368 890 1409 diffidente
920 1369 1166 1410 Dolabella!
1226 1369 1282 1409 Et
1312 1368 1521 1421 hercules,

61 1490 188 1525 Ueber
218 1490 279 1524 die
311 1491 539 1535 Ergfinzung
564 1490 681 1525 durch
715 1491 808 1525 scito
832 1502 859 1526 s.
885 1492 1034 1525 Ramsh.
1072 1491 1099 1535 ξ.
1125 1490 1208 1535 205,
1233 1492 1268 1534 3,
1295 1491 1330 1526 b.
1356 1510 1399 1516 -
1425 1503 1447 1526 cc
1473 1492 1517 1527 Q.

58 1538 185 1571 Mucio
210 1538 401 1580 Scaevola,
428 1538 509 1571 dem
535 1537 662 1572 Solme
688 1537 752 1571 des
771 1538 991 1571 berijhmten
1007 1537 1346 1581 Rechtsgelehrten
1373 1539 1414 1573 Q.
1433 1539 1518 1573 Mu-

59 1583 138 1618 cius
165 1584 359 1626 Scaevola,
386 1584 453 1617 der
478 1585 544 1618 659
571 1584 711 1618 Consul
736 1595 826 1617 war.
855 1583 892 1617 S.
921 1583 981 1627 (ad
1006 1584 1135 1619 Famil.
1161 1585 1235 1627 IV,
1254 1585 1312 1626 93)
1339 1584 1384 1618 ad
1401 1585 1516 1619 Attio.

0 1635 1 1663 l
57 1629 132 1674 IV,
160 1632 212 1665 16.
243 1631 288 1664 ad
328 1632 369 1666 Q.
395 1630 514 1664 Fratr.
549 1630 621 1674 ΙΙΙ,
653 1630 686 1664 2.
718 1632 752 1665 3.
778 1630 828 1664 II.
855 1630 970 1664 ultim.
996 1630 1154 1674 Rupert.
1187 1630 1233 1664 ad
1258 1631 1440 1676 Pompon.
1468 1631 1515 1664 de

0 1690 2 1715 ι
58 1677 99 1710 O.
136 1679 167 1711 1.
193 1677 262 1710 III.
291 1679 322 1711 7.
371 1677 482 1710 Iener
516 1677 616 1710 hatte
649 1676 729 1710 sich
763 1682 873 1710 unter
906 1676 990 1709 dem
1027 1677 1230 1711 Consulate
1261 1677 1326 1711 des
1361 1677 1514 1711 Aheno-

0 1732 3 1739 ¹
55 1723 192 1756 barbus
230 1723 301 1756 und
328 1724 475 1767 Appius
506 1724 671 1757 Pulcher
696 1725 762 1758 700
788 1723 841 1756 als
867 1721 1060 1756 Tribunus
1085 1723 1215 1757 Plebis
1248 1723 1316 1757 der
1343 1723 1512 1768 Optima-

0 1776 1 1780 ’
54 1774 116 1802 ten
142 1770 229 1802 sehr
260 1780 535 1813 angenomnien.
561 1788 606 1794 —
636 1779 699 1802 nec
723 1780 769 1802 =
792 1770 882 1802 aber
907 1769 1020 1802 nicht.
1054 1768 1090 1804 S.
1116 1770 1264 1804 Ramsh.
1301 1771 1329 1814 ξ.
1357 1771 1437 1812 179,
1461 1771 1509 1813 B,

54 1817 88 1858 7,
115 1816 149 1849 b.
175 1835 217 1841 —
239 1817 426 1860 potuisset.
476 1815 541 1850 Sic
567 1814 667 1851 Vict.
695 1816 726 1849 2.
758 1815 885 1849 Lamb.
927 1816 1060 1849 GraeV.
1086 1816 1174 1850 Ern.
1205 1817 1512 1861 potuz'ssembsqui

52 1872 238 1905 superscr.
265 1873 285 1896 ο
311 1863 444 1895 literae
470 1873 513 1896 m.
540 1880 584 1885 —
605 1862 767 1905 potuisse
792 1862 937 1905 obsequi
963 1862 1061 1896 Crat.
1089 1862 1192 1898 Vict.
1220 1865 1249 1896 I.
1275 1863 1416 1898 Bened.
1440 1875 1509 1907 po-

52 1909 161 1942 tuisse
185 1920 264 1942 enm
290 1909 434 1952 obsequi
459 1908 681 1951 Ma1·t.-Lag.
709 1908 795 1942 Sch.
817 1909 913 1942 Lun.
963 1908 1072 1943 Haud
1093 1908 1279 1953 displicet.
1310 1910 1507 1951 ORELLI.

51 1955 144 1997 „Ich
178 1956 276 1989 hatte
306 1955 480 1989 wirklich
513 1955 600 1988 sehr
631 1965 747 1999 gerne
778 1955 960 1998 gesehen‚
995 1965 1103 1989 wenn
1130 1966 1170 1989 er
1196 1955 1268 1989 Dir
1292 1967 1339 1990 zu
1363 1957 1507 1991 Willen

45 2001 145 2034 hatte
169 2001 248 2035 sein
273 2002 433 2035 konnen.

353 2067 587 2103 CAELIUS.
621 2067 660 2103 S.
695 2079 741 2104 zu
774 2080 830 2114 ep.
858 2068 1010 2104 CXCII.
1044 2070 1092 2103 im
1117 2070 1202 2104 Ans.

140 2128 170 2160 1.
219 2127 312 2161 istuc
334 2139 380 2160 =
406 2128 497 2160 istoc
523 2129 584 2169 (zu
610 2126 698 2167 Dir)
726 2127 802 2161 Md.
830 2127 928 2161 Crat.
955 2127 1057 2163 vict.
1085 2129 1114 2161 l.
1141 2128 1172 2162 2.
1201 2127 1335 2162 Graev.
1360 2127 1502 2163 Bened.

48 2190 92 2196 —
117 2174 230 2207 absol.
256 2174 410 2208 Messal.
443 2173 480 2207 S.
516 2185 574 2217 ep.
601 2174 716 2216 CCII,
748 2176 779 2207 1.
806 2192 847 2198 —
882 2174 921 2208 C.
948 2173 1142 2208 Claudium
1172 2175 1397 2209 IIIczrcelIecm
1422 2186 1503 2208 cum

47 2217 88 2252 L.
121 2221 282 2253 Aemilio
314 2220 448 2254 Paullo
481 2231 510 2253 c.
543 2220 569 2261 f.
603 2221 682 2254 704.
714 2219 806 2257 Vid.
841 2231 898 2264 ep.
929 2220 1011 2263 202,
1043 2220 1076 2254 2.
1103 2221 1146 2254 de
1177 2221 1299 2254 comit.
1333 2231 1430 2254 cons.
1458 2221 1503 2255 ad

46 2265 175 2299 Famil.
210 2267 323 2309 vm,
355 2269 384 2300 7.
419 2267 511 2308 XV,
544 2268 578 2301 8.
609 2266 714 2299 Brut.
748 2276 777 2300 c.
804 2267 858 2300 6³.
892 2265 985 2300 Sull.
1019 2276 1047 2300 c.
1074 2267 1107 2301 6.
1134 2287 1175 2292 -
1207 2268 1268 2301 M.
1304 2266 1501 2302 Calidium.

0 2317 2 2354 j
48 2311 277 2355 Intelligitnr
310 2323 439 2356 nempe
475 2312 526 2346 M.
560 2312 727 2346 Calidius
771 2319 930 2364 orator.
952 2323 1060 2355 quem
1091 2323 1113 2346 a
1144 2313 1289 2347 duobus
1320 2313 1501 2347 fratribus

0 2381 2 2404 :
48 2358 181 2391 Galliis
208 2359 253 2392 de
279 2359 416 2393 ambitu
442 2365 648 2392 accusatum
674 2369 757 2393 esse
781 2370 826 2392 eo
852 2359 1093 2393 verisimilius
1112 2365 1181 2403 est,
1209 2359 1296 2403 quia
1312 2359 1392 2404 ipse
1409 2370 1501 2402 quo-

0 2418 2 2429 ν
47 2415 118 2446 qne
145 2416 270 2438 eorum
296 2406 451 2439 alterum
478 2406 521 2440 Q.
549 2405 711 2440 Gallium
743 2410 1000 2448 accusaverat,
1026 2416 1134 2447 quem
1161 2406 1294 2440 Cicero
1321 2405 1501 2442 defendit.

47 2451 90 2484 cf.
121 2450 260 2485 Brutus
294 2462 323 2485 c.
350 2452 403 2485 79.
453 2451 555 2485 Idem
582 2451 722 2495 legitur
762 2462 818 2496 ap.
853 2452 983 2488 valer.
1017 2452 1118 2486 MaX.
1151 2453 1268 2494 VIII,
1295 2453 1348 2486 10.
1397 2452 1500 2485 Idem

0 2515 1 2534 1
48 2497 194 2530 Caelius
233 2497 420 2539 significat
452 2508 509 2542 ep.
542 2498 619 2532 211.
653 2497 710 2531 his
746 2498 892 2534 verbis:
926 2498 1094 2533 Calidius
1124 2498 1164 2532 in
1197 2498 1402 2538 defensione
1432 2509 1500 2531 sua

0 2554 2 2558 ’
47 2543 117 2583 suit
148 2544 430 2586 disertissimus,
473 2543 511 2576 in
550 2544 780 2577 accusatione
815 2545 907 2578 satis
944 2545 1120 2587 frigida-5.
1155 2544 1261 2578 SCII.
1290 2564 1332 2568 —-
1364 2544 1408 2577 ab
1441 2555 1499 2577 re-

44 2589 149 2631 pulsa
178 2601 223 2623 =
253 2597 337 2634 post
370 2590 553 2633 repulsam
586 2591 810 2624 consulatus.
860 2591 1020 2624 Praetor
1052 2591 1148 2624 enim
1180 2589 1347 2624 Calidius
1380 2590 1499 2625 fuerat

0 2665 2 2678 ι
47 2635 204 2670 Lentulo
231 2644 267 2670 et
292 2636 446 2670 Metello
474 2647 565 2670 coss.
595 2637 702 2678 (697).
735 2636 944 2671 MANUT.
993 2637 1058 2672 Sic
1089 2636 1222 2681 scripsi
1257 2637 1298 2680 (α
1325 2637 1500 2681 prepulsa

30 2680 137 2724 Md.)
162 2694 207 2719 r:
231 2694 254 2717 α
279 2683 423 2729 repulsa
448 2682 542 2718 Cett.
560 2682 753 2719 ORELLI.
769 2702 811 2709 —
843 2683 885 2719 P.
900 2683 1153 2727 Dolabellam,
1192 2683 1289 2717 sorte
1327 2682 1497 2727 eundem,
