1795 3043
207 55 306 101 100
478 45 544 91 M.
565 45 619 91 T.
643 42 986 90 CICERONIS
1019 42 1394 90 EPISTOLAE.

211 157 363 203 Tarsi?
402 157 495 199 Non
519 157 656 197 dicam
671 157 811 208 plura,
841 167 910 204 ne,
941 155 983 196 in
1009 168 1090 207 quo
1119 157 1161 195 te
1190 154 1421 207 obiurgem,
1448 153 1493 195 id
1521 153 1658 207 ipsum

213 218 359 259 videar
388 214 556 255 imitari.
616 213 729 254 Illud
759 213 918 264 dicam,
947 214 994 252 ut
1023 213 1185 252 sentio:
1217 213 1252 252 si
1281 213 1384 261 ista,
1415 223 1523 262 quae
1552 213 1659 251 alios

216 274 334 326 loqui
364 272 492 324 dicis,
533 271 625 322 ipse
660 271 810 319 sentis;
849 272 921 310 tua
959 282 1120 310 summa
1149 271 1274 322 culpa
1304 271 1385 309 est:
1425 269 1491 308 sin
1521 270 1661 308 autem

218 332 292 372 alii
334 331 475 369 tecum
503 328 609 367 haec
638 328 891 379 loquuntur3
930 328 1001 366 tua
1032 330 1191 377 tamen,
1221 326 1332 377 quod
1361 325 1500 372 audis,
1535 325 1660 376 culpa

217 388 421 429 nonnulla
451 386 527 426 est.
585 384 682 424 Mea
717 385 827 424 ratio
864 383 909 423 111
949 385 1038 422 1013
1065 384 1255 423 amicitia
1295 385 1439 422 nostra
1467 383 1661 422 constans

218 447 261 484 et
300 442 440 496 gravis
479 441 727 493 reperietur.
789 440 907 488 Quod
944 440 978 479 si
1014 439 1086 491 qui
1125 452 1191 479 me
1232 439 1479 480 astutiorem
1517 437 1658 490 fingit,

217 500 318 553 quid
350 500 486 551 potest
516 510 605 538 esse
634 496 844 544 callidius,
876 510 1014 548 quam,
1042 509 1171 548 quum
1200 497 1241 536 te
1262 496 1476 536 absentem
1499 494 1665 546 semper

219 556 491 603 defenderim,
523 567 651 606 quum
678 555 922 607 praese1·:im
952 554 1055 593 mihi
1084 567 1162 592 usu
1191 556 1412 594 venturum
1441 564 1526 591 non
1556 549 1665 591 arbi-

220 617 372 665 trarer,
401 615 448 653 ut
471 624 547 664 ego
579 623 744 663 quoque
772 625 797 651 a
827 613 868 650 te
899 608 1047 650 absens
1069 610 1350 650 defendendus
1371 621 1520 656 essem,
1549 619 1665 647 nunc

223 671 485 711 committere
515 681 604 716 me,
649 669 696 707 ut
734 669 780 706 tu
810 667 902 706 iure
932 667 1091 719 optimo
1121 679 1186 707 me
1228 667 1443 707 absentem
1471 665 1666 705 deserere

171 734 200 773 7
222 727 394 781 posses?
452 726 593 766 Unum
634 737 764 777 genus
801 723 966 776 excipio
1003 724 1223 771 sermonis,
1259 724 1304 762 iu
1342 736 1425 775 quo
1465 732 1668 774 persaepe

219 783 383 836 ‘aliquid
412 782 583 829 dieitur,
616 781 728 832 quod
756 782 798 820 te
827 784 970 833 putem
997 795 1082 821 non
1110 781 1225 820 nolle
1255 781 1360 820 dici:
1392 781 1427 820 si
1456 780 1528 819 aut
1556 779 1667 829 lega-

220 844 361 882 torum
400 842 568 880 tuorum
603 838 788 889 cuipiam
827 839 899 877 aut
936 839 1247 890 praefectorum
1292 838 1364 877 aut
1401 835 1668 876 tribunorum

222 898 403 939 militum
443 897 554 937 male
590 895 765 935 dicitur:
804 895 914 946 quod
953 896 1092 934 tamen
1130 895 1269 945 ipsum
1304 906 1387 932 11011
1425 892 1669 932 mehercule

224 955 361 996 adhuc
392 953 549 994 accidit
576 965 642 992 me
664 953 872 1003 audiente,
903 952 949 990 ut
978 953 1050 992 aut
1073 951 1240 1003 gravius
1257 950 1468 990 diceretur
1498 950 1571 989 aut
1593 949 1668 988 1111ὁ
1714 997 1717 998 ⁷

223 1013 384 1064 purius,
416 1023 542 1061 quam
561 1022 724 1049 mecum
746 1009 954 1061 Corcyrae
978 1008 1147 1047 Clodius
1177 1008 1240 1046 est
1268 1008 1448 1057 locutus,
1478 1017 1606 1056 quum
1624 1005 1669 1045 111

224 1081 273 1109 eo
305 1080 459 1121 genere
489 1067 668 1106 maxime
699 1069 949 1117 quereretur
979 1067 1021 1104 10
1041 1064 1223 1104 aliorum
1244 1064 1515 1117 improbitate
1533 1063 1670 1102 minus

224 1178 301 1213 Md.
328 1176 495 1221 Synnade
517 1176 610 1209 Ben.
637 1174 860 1217 Maru-Lag.
890 1173 1056 1208 Sch.csr.
1084 1173 1132 1206 ad
1149 1174 1263 1207 Attz'c.
1284 1175 1318 1216 5,
1336 1174 1392 1216 20,
1411 1176 1442 1207 1.
1472 1173 1669 1207 ORELLI.

223 1243 269 1250 -
293 1234 391 1255 meus
415 1226 606 1256 conventus
637 1220 818 1254 iuridicus
850 1224 948 1262 erat,
981 1219 1041 1252 ich
1065 1220 1318 1263 Landgericht
1344 1220 1446 1254 hielt.
1475 1238 1518 1243 —
1546 1219 1668 1252 Tarsi.

225 1270 264 1306 S.
298 1280 355 1313 ep.
383 1268 561 1310 CCVIII,
593 1268 627 1301 4.
650 1266 789 1308 CCIX,
823 1267 855 1299 G.
882 1266 1054 1307 CCXIII,
1080 1267 1112 1299 4.
1141 1285 1180 1289 —
1206 1267 1264 1298 sin
1288 1270 1417 1299 autem.
1454 1264 1492 1299 S.
1519 1265 1668 1299 Ramsh.

225 1318 254 1359 §.
271 1317 349 1349 190.
376 1314 543 1349 Anmerk
558 1314 633 1356 3*).
662 1312 807 1346 Grotef.
837 1312 864 1353 ς.
879 1313 959 1346 (1115.
986 1313 1092 1345 Α11111.
1109 1311 1143 1344 2.
1170 1312 1277 1346 omis.
1297 1316 1416 1344 azctem
1436 1311 1521 1345 Ald.
1542 1311 1613 1344 ΟΒ.
1627 1329 1671 1335 —-

225 1362 319 1408 quod
351 1362 468 1402 audis,
497 1359 602 1402 weil,
627 1358 712 1392 dass
737 1358 799 1392 Du
827 1357 937 1391 i'nnen
964 1358 1092 1391 Gehor
1116 1357 1224 1400 gibst.
1240 1377 1285 1382 —
1308 1359 1406 1391 ratio
1432 1356 1610 1399 loquendi
1636 1362 1673 1390 et

225 1407 382 1452 agendi,
401 1408 602 1449 Betragen.
624 1424 666 1430 —
702 1404 742 1437 in
767 1407 843 1437 iota
868 1416 890 1436 α
913 1415 959 1437 m.
979 1408 1112 1443 nostin,
1132 1404 1309 1436 wahrend
1333 1404 1400 1437 der
1421 1414 1561 1447 ganzen
1577 1403 1672 1445 Zeu,

225 1455 309 1488 dass
334 1453 406 1487 wir
430 1452 603 1486 Freunde
628 1450 722 1484 sind.
750 1469 794 1475 —
819 1454 930 1483 const.
956 1450 1022 1483 mit
1046 1449 1126 1483 sich
1151 1451 1268 1483 selbst
1301 1449 1672 1490 iibereinstimmeud3

224 1501 368 1544 gratie,
401 1504 564 1542 gesetzt,
598 1497 745 1529 ehrbar.
780 1515 823 1520 —-
866 1496 1058 1535 callidius,
1094 1495 1235 1529 ironice
1273 1494 1422 1530 dictum.
1456 1496 1672 1529 incallidius

229 1547 372 1591 gloss.)
399 1545 486 1579 Ald.
512 1545 611 1578 Crat.
637 1542 796 1576 calidius
821 1541 906 1576 Scli.
934 1542 1028 1575 Liin.
1057 1541 1129 1576 OR.
1155 1541 1348 1586 Rescripsi
1381 1543 1549 1575 calidius.
1602 1541 1673 1575 Ca-

227 1594 307 1627 lida
332 1591 428 1624 enim
455 1589 611 1623 consilia
641 1589 717 1622 Cic.
746 1589 788 1621 de
819 1589 878 1629 off.
907 1588 936 1630 I,
962 1588 1007 1621 ‘24
1032 1593 1117 1620 sunt
1149 1587 1344 1621 temeraria
1378 1594 1414 1621 et
1438 1587 1672 1632 praecipitia,

228 1646 263 1673 et
290 1642 529 1683 opponuntur
552 1634 800 1679 prudentibus
826 1640 862 1667 et
887 1634 1029 1666 astutis.
1064 1633 1194 1666 Nostri
1219 1644 1310 1667 was
1335 1634 1422 1667 kon
1436 1640 1507 1668 nte
1534 1635 1673 1667 iiber-

229 1685 396 1725 eilter,
430 1680 826 1724 unvorsichtiger
858 1680 978 1713 sein?
1012 1679 1118 1712 SCH.
1147 1698 1189 1703 -
1222 1691 1396 1722 quum:
1421 1691 1465 1713 eo
1491 1686 1673 1724 tempore,

228 1742 341 1775 quO...
368 1730 592 1767 arbitrarer,
629 1727 747 1759 zumal
774 1737 818 1759 zu
846 1727 950 1759 einer
975 1726 1071 1768 Zeit,
1097 1736 1158 1757 wo
1184 1725 1243 1758 ich
1270 1726 1367 1759 nicht
1394 1727 1563 1769 glaubte‚
1590 1726 1673 1758 dass

229 1778 308 1812 sich
335 1775 462 1808 iemals
489 1774 555 1807 der
580 1773 661 1807 Fau
687 1772 865 1815 ereignen
890 1771 1030 1806 wurde.
1057 1782 1196 1804 -mcnc
1221 1773 1443 1805 committere
1466 1783 1538 1814 me,
1564 1781 1674 1805 wenn

228 1823 291 1857 ich
315 1821 411 1855 mich
442 1821 533 1854 ietzt
558 1830 599 1853 so
631 1820 869 1852 unbesonnen
901 1828 1020 1861 gegen
1045 1817 1144 1852 Dich
1178 1818 1367 1851 110ηῆ111110.
1394 1837 1439 1842 -
1474 1819 1555 1851 iure
1586 1822 1672 1861 opt„

229 1870 296 1903 mit
320 1869 462 1902 bestem
494 1867 577 1910 Fug
607 1865 681 1898 und
705 1865 837 1898 Recht.
885 1865 965 1899 Das
989 1865 1151 1897 deserere
1182 1864 1298 1897 findet
1332 1863 1434 1898 501110
1458 1864 1673 1907 Erkl'arung

230 1915 280 1950 im
303 1915 332 1957 §.
359 1915 394 1948 9.
419 1932 464 1938 -
486 1922 619 1955 posses.
645 1911 869 1954 Maru-Lag.
906 1909 993 1945 Sch.
1018 1911 1113 1944 Lim.
1134 1911 1265 1954 possis.
1292 1910 1448 1945 Melius:
1479 1915 1518 1944 ut
1536 1921 1673 1954 posses,

229 1961 265 1995 εἰ
288 1960 410 1993 velles.
438 1958 635 1992 ORELLI.

323 2008 356 2040 7.
403 2005 560 2048 excipio,
584 2003 704 2036 nehm’
727 2002 787 2036 ich
813 2012 897 2044 aus;
933 2001 1029 2034 (101111
1056 2001 1204 2035 Gerede
1235 2001 1301 2035 der
1326 2003 1396 2035 Art
1423 2002 1516 2035 trifft
1552 2001 1675 2036 Dich

235 2051 346 2086 nicht.
372 2070 417 2075 ——
442 2062 527 2083 non
552 2050 648 2082 nolle
674 2050 717 2092 (s.
745 2049 896 2082 Ramsh.
924 2049 952 2090 ἕ.
970 2050 1048 2091 173,
1072 2050 1105 2083 3.
1134 2048 1278 2081 Grotes.
1306 2048 1334 2090 §.
1351 2049 1450 2091 337.)
1478 2048 1576 2081 Illud
1602 2059 1674 2080 non

233 2110 254 2132 e
278 2097 491 2131 necessario
523 2096 652 2130 Lamb.
691 2095 872 2138 supplem.
909 2094 1103 2138 assumpsi.
1136 2094 1202 2127 cfr.
1237 2094 1333 2126 infra
1365 2096 1431 2137 Ep.
1459 2096 1514 2137 10,
1550 2096 1580 2137 §.
1608 2097 1672 2130 10:

232 2155 304 2179 non
327 2144 432 2176 modo
459 2147 496 2175 ut
519 2141 664 2186 Phrygi·
687 2141 859 2174 alicui...
895 2141 989 2184 quod
1013 2145 1050 2173 tu
1074 2141 1113 2173 in
1139 2141 1275 2182 legatis
1298 2141 1456 2182 fecisti...
1483 2141 1674 2174 malevolis

231 2190 456 2224 sermonibus
482 2190 653 2222 crederet.
683 2187 878 2220 ORELLI.
905 2188 1047 2221 Manut.
1075 2186 1161 2221 Sch.
1188 2187 1280 2220 Liin.
1307 2187 1410 2220 omis.
1437 2198 1519 2220 non.
1554 2187 1673 2230 „Quis

232 2236 331 2270 enim
356 2246 428 2268 non
453 2235 643 2269 laborasse
667 2233 829 2277 Appium
856 2233 1002 2276 credat,
1028 2232 1059 2266 si
1083 2243 1171 2266 suae
1196 2232 1341 2266 cohorti
1366 2232 1676 2266 malediceretur?

230 2283 358 2318 Debet
383 2281 492 2324 enim,
517 2280 580 2324 qui
605 2279 821 2324 provinciae
845 2285 1006 2322 praeest,
1032 2289 1104 2311 non
1129 2278 1209 2322 ipse
1234 2284 1371 2311 tantum
1396 2289 1528 2312 vacare
1553 2279 1674 2324 culpa,

232 2329 298 2363 sed
320 2339 406 2362 suos
424 2338 572 2370 quoque
585 2326 815 2370 111305131οἐζ
835 2324 1043 2360 MANUT.
1052 2324 1146 2357 male
1161 2325 1436 2367 (1ίο11111·,Βό505
1452 2325 1676 2369 nachgesagt

232 2373 341 2408 wird.
354 2393 396 2399 —
410 2374 645 2417 impurius:
657 2371 858 2413 sordidius,
875 2371 1143 2404 unsaubereres
1157 2382 1229 2404 von
1248 2370 1388 2413 diesen,
1399 2371 1545 2404 Deinen
1555 2372 1674 2415 Lega-

233 2426 294 2455 ten
313 2431 344 2454 u.
355 2431 381 2454 5.
391 2430 440 2453 w.
460 2418 693 2463 gesprochen
718 2417 783 2450 od.
810 2417 921 2450 ihnen
936 2417 1162 2459 nachgesagt
1177 2417 1318 2451 wurde.
1345 2416 1409 2451 Sic
1424 2428 1443 2450 e
1460 2418 1556 2450 bona
1575 2418 1671 2450 coni.

231 2467 348 2511 Neap.
374 2467 458 2501 Asc.
486 2468 518 2499 l.
546 2465 646 2499 Crat.
672 2463 893 2506 Mart.-Lag.
928 2462 1013 2496 Sch.
1038 2462 1131 2496 Lim.
1170 2467 1232 2496 aut
1264 2463 1302 2495 in
1325 2463 1444 2507 pluris
1468 2464 1527 2497 vel
1547 2464 1674 2507 plures

232 2514 326 2546 Ceu.
353 2523 434 2545 cum
458 2511 536 2545 Md.
566 2509 759 2543 ORELLI.
791 2509 858 2542 =At
883 2508 977 2541 enim
1003 2508 1040 2541 in
1065 2508 1181 2541 verbo
1205 2509 1360 2550 gravius
1381 2509 1584 2542 includitur
1609 2520 1675 2541 no-

232 2559 285 2592 tio
317 2558 491 2591 vocabuli
521 2555 714 2600 impurius,
764 2554 896 2588 Cicero
929 2560 1048 2587 autem
1079 2565 1189 2596 quum
1221 2555 1349 2588 adiicit
1379 2559 1440 2588 aut
1471 2556 1510 2588 in
1536 2555 1672 2598 plures,

231 2604 417 2648 significat
441 2615 481 2638 se
506 2603 544 2637 in
570 2608 777 2636 ceterorum
803 2600 1034 2634 sermonibus
1058 2610 1131 2632 non
1156 2601 1304 2634 audisse
1327 2601 1496 2644 pluribus
1525 2612 1570 2634 ex
1597 2603 1674 2645 Ap-

230 2650 284 2695 pii
310 2650 464 2684 cohoxte
486 2647 682 2689 maledici,
715 2658 820 2689 quarn
846 2646 893 2679 iis
920 2646 1030 2689 ipsis,
1057 2657 1150 2688 quos
1185 2647 1254 2680 iam
1279 2657 1300 2680 a
1326 2647 1458 2681 Clodio
1485 2648 1674 2692 Corcyrae

230 2702 269 2730 ut
295 2695 485 2741 'improbos
509 2694 632 2729 notari
656 2693 829 2728 audisset.
855 2691 960 2727 SCH.
1010 2692 1184 2727 Wieland
1215 2693 1338 2727 libers.
1370 2704 1516 2737 gegeu
1550 2694 1673 2728 Meh-
