1795 3043
147 13 249 62 248
422 10 489 59 M.
524 11 581 58 Τ.
616 12 958 61 CICERONIS
991 14 1368 64 EPISTOLAE.

321 125 639 174 EPISTOLA
674 127 970 177 CCLXVIII.
1020 128 1101 192 (ad
1135 131 1227 176 Att.
1265 130 1344 176 VI.
1383 133 1453 192 4.)

293 211 375 247 scr.
403 212 515 247 Tarsi
538 220 625 258 post
647 214 774 251 Nonas
799 216 924 252 Iunias
950 217 995 251 A.
1021 217 1065 251 U.
1091 218 1133 254 C.
1160 220 1238 254 704.
1269 219 1316 262 (a.
1345 218 1385 253 C.
1410 219 1488 265 50.)

159 279 220 314 De
244 280 465 316 difficultate
489 283 721 328 provinciam
746 285 925 320 extremis
950 286 1140 321 mensibus
1165 285 1462 322 administrandi.
1488 288 1522 323 1.
1575 288 1624 324 de

553 330 668 364 variis
692 331 806 366 rebus
831 332 1060 367 domesticis.
1093 333 1115 367 2
1132 352 1176 360 —
1192 336 1224 370 3.

651 399 839 437 CICERO
870 401 1063 437 ATTICO
1090 400 1130 438 S.

272 465 452 507 Tarsum
489 469 681 511 venimus
719 471 853 512 Nonis
886 472 1032 513 Iuniis.
1105 472 1173 513 Ibi
1211 485 1279 513 me
1318 472 1452 515 multa
1487 484 1624 515 move-

161 522 278 564 runt:
322 536 518 578 magnum
547 526 592 567 in
623 528 744 581 Syria
778 529 938 569 bellum
950 544 962 580 ;
1003 543 1151 583 magna
1186 530 1230 570 in
1263 529 1416 570 Cilicia
1454 530 1625 572 latroci-

161 579 256 628 nia3
294 581 400 621 mihi
433 582 621 624 difficilis
658 586 766 625 ratio
811 586 1147 640 administrandi,
1191 587 1300 639 quod
1336 599 1495 638 paucos
1535 587 1625 629 dies

161 635 368 678 habebam
395 641 584 691 reliquos
613 642 742 682 annui
774 645 959 684 muneris
969 657 981 693 3
1010 645 1115 684 illud
1137 648 1278 684 autem
1298 643 1622 686 difficillimum:

161 693 465 746 relinquendus
495 699 587 738 erat
615 711 668 739 ex
697 702 865 740 senatus
894 703 1086 742 consulto
1124 702 1197 752 qui
1225 703 1450 754 praeesset.
1505 700 1624 742 Nihil

162 750 303 791 minus
332 753 505 804 probari
534 757 714 806 poterat,
753 769 880 808 quam
910 761 1108 809 quaestor
1131 758 1378 798 Mescinius.
1437 756 1544 798 Nam
1572 758 1623 798 de

164 806 306 848 Caelio
347 810 459 850 nihil
498 812 785 856 audiebamus,
856 814 1151 855 Rectissimum
1190 815 1412 856 videbatur
1449 816 1623 856 fratrem

161 875 258 905 cum
291 865 472 918 imperio
511 870 771 921 relinquere:
811 871 855 911 in
897 884 978 923 quo
1018 873 1151 912 multa
1186 874 1380 923 molesta,
1417 872 1622 912 discessus

161 923 319 975 noster,
346 923 449 963 belli
478 927 733 980 periculum,
762 929 943 969 militum
970 929 1246 980 improbitas,
1278 931 1477 969 sexcenta
1506 942 1624 981 prae·

160 980 293 1021 terea.
353 980 387 1020 0
418 993 507 1022 rem
534 985 663 1024 totam
693 985 902 1027 odiosam!
963 987 1046 1027 Sed
1084 987 1190 1027 haec
1219 987 1408 1026 Fortuna
1446 986 1622 1026 viderit:

111 1052 139 1092 2
162 1037 363 1086 quoniam
394 1040 571 1080 consilio
598 1053 684 1081 non
714 1044 890 1083 multum
927 1045 990 1083 uti
1026 1045 1144 1085 licet.
1215 1044 1300 1091 Tu,
1341 1043 1508 1094 quando
1545 1043 1625 1083 Ro-

160 1105 272 1134 mam
303 1097 464 1144 salvuS,
504 1099 553 1137 ut
592 1110 735 1151 spero,
778 1100 952 1149 venisti,
994 1100 1180 1151 videbis,
1216 1101 1425 1146 uts010s‚
1468 1100 1623 1148 omnia,

158 1161 270 1202 quae
298 1152 512 1206 intelliges
540 1158 682 1196 nostra
711 1156 938 1205 interesse,
983 1158 1027 1197 in
1069 1158 1216 1209 primis
1253 1157 1304 1196 de
1335 1156 1475 1197 Tullia
1511 1169 1623 1197 mea:

158 1208 281 1249 cuius
311 1208 363 1249 de
391 1210 634 1252 conditione
672 1213 774 1264 quid
811 1214 915 1254 mihi
956 1216 1164 1266 placeret,
1210 1214 1361 1265 scripsi
1394 1213 1447 1253 ad
1472 1214 1626 1254 Teren-

158 1265 282 1317 tiam,
321 1278 450 1316 quum
479 1269 525 1307 tu
553 1270 598 1308 in
632 1269 815 1309 Graecia
845 1282 976 1311 essesz
1018 1271 1169 1310 deinde
1200 1270 1251 1310 de
1281 1271 1441 1310 honore
1469 1272 1625 1310 nostro.

158 1322 279 1370 Quod
316 1324 429 1363 enim
469 1326 514 1364 tu
554 1325 721 1378 amisti,
760 1339 910 1367 vereor
947 1329 995 1368 ut
1024 1329 1124 1368 satis
1153 1327 1379 1380 diligenter
1409 1328 1551 1367 actum
1582 1327 1627 1368 in

107 1403 134 1444 3
158 1382 306 1419 senatu
336 1380 390 1420 sit
419 1381 471 1421 de
500 1383 638 1423 literis
667 1384 785 1426 meis.
855 1384 968 1424 lllud
997 1387 1223 1438 praeterea
1248 1381 1545 1432 μυστικώτερον
1575 1384 1628 1424 ad

155 1437 199 1476 te
229 1436 436 1478 scribam:
466 1440 513 1479 tu
532 1441 727 1492 sagacius
753 1441 1013 1482 odorabere:
1043 1442 1112 1491 τῆς
1141 1438 1345 1491 δάμαρτός
1371 1441 1501 1490 μουὸ
1534 1437 1627 1480 ἀπε-

249 1561 282 1595 1.
321 1561 420 1596 Νοη.
445 1563 549 1605 Iun„
574 1575 630 1597 am
654 1564 688 1597 5.
708 1562 914 1598 lunius.—-
948 1575 1063 1606 mov„
1088 1564 1362 1608 beunruhigen.
1381 1583 1425 1590 —-·
1461 1565 1500 1598 in
1516 1564 1628 1610 Syria

156 1613 398 1652 erupturum,
439 1615 479 1642 ut
513 1609 675 1645 videtur.
714 1609 806 1646 Vid.
833 1610 1173 1654 ep.CCLX1V‚2.
1199 1630 1240 1635 —
1287 1615 1360 1645 rat.
1393 1611 1552 1650 admin.‚
1586 1619 1628 1644 es

153 1653 238 1686 salit
262 1655 334 1688 mir
357 1655 507 1689 schwer
531 1656 594 1691 die
618 1656 828 1700 geborigen
853 1656 1156 1700 Vorkehrungen
1183 1667 1229 1690 zu
1255 1658 1400 1691 treffen.
1424 1676 1468 1682 -·
1494 1657 1624 1700 relinq.

155 1703 256 1742 erat,
295 1701 356 1735 ich
388 1702 461 1735 soll
496 1702 695 1736 lemanden
731 1702 1019 1746 zurucklassen,
1060 1702 1128 1736 der
1154 1714 1188 1737 u.
1209 1713 1303 1738 s.W.
1332 1722 1377 1728 -
1418 1703 1474 1737 De
1500 1703 1627 1736 Caelio

153 1745 284 1781 Caldo.
311 1747 349 1782 S.
369 1759 427 1792 ep.
442 1749 617 1783 CCLXII
642 1760 675 1783 u.
702 1749 867 1791 CCLV1‚
887 1750 941 1784 10.
962 1769 1006 1775 —
1040 1749 1080 1782 in
1105 1760 1173 1792 quo
1198 1749 1313 1782 multa
1337 1750 1501 1784 molesta.
1535 1748 1626 1792 vgl.

155 1802 213 1837 ep.
235 1794 448 1837 CCLXIV,
469 1795 502 1828 2.
539 1795 787 1837 CCLXXVI‚
809 1796 843 1830 3.
862 1796 894 1829 4.
918 1814 959 1820 —
1005 1796 1184 1829 discessus
1216 1799 1359 1839 noster,
1395 1795 1427 1830 si
1460 1807 1481 1830 a
1511 1795 1627 1829 fratre

154 1838 342 1883 seiungar.
369 1840 476 1875 SCH.
494 1861 540 1867 —
575 1842 647 1876 Sed
672 1867 681 1876 .
699 1867 708 1876 .
734 1842 888 1881 viderit,
915 1841 1013 1875 doch
1039 1842 1133 1876 iiber
1159 1842 1254 1876 Dem
1279 1842 1378 1876 allen
1403 1845 1512 1886 moge
1532 1842 1626 1878 For-

155 1890 245 1919 tuna
277 1887 429 1920 walten.

244 1932 280 1966 2.
318 1934 471 1977 quando.
512 1932 550 1968 S.
585 1934 737 1968 Ramsh.
771 1936 798 1979 §.
819 1935 907 1977 157,
933 1935 975 1977 1,
998 1934 1030 1968 2.
1069 1933 1215 1968 Grotes.
1251 1935 1279 1976 §.
1302 1935 1382 1969 380.
1424 1933 1564 1967 videbis
1588 1958 1624 1967 ..

154 1979 297 2023 omnia,
333 1979 440 2013 wirst
466 1980 527 2014 Du
553 1981 655 2015 Dich
692 1981 787 2014 alles
812 1981 963 2014 Dessen
989 1981 1204 2014 annehmen.
1243 1981 1374 2014 Futur.
1408 1990 1479 2025 pro
1505 1980 1629 2023 Impe-

155 2030 225 2058 rat.
243 2044 285 2050 ——
319 2026 362 2059 de
391 2027 534 2069 Tullia,
559 2027 597 2061 in
622 2028 772 2066 Reti-eff
790 2027 932 2060 meiner
959 2026 1153 2061 Tullia.—
1189 2027 1231 2060 de
1257 2027 1413 2069 condit.‚
1439 2025 1628 2059 matrimo-

154 2070 240 2114 nio,
275 2072 596 2117 Heirathsautrag.
631 2074 669 2109 S.
697 2085 756 2118 ep.
775 2074 933 2117 CCLII,
954 2075 1007 2108 10.
1035 2073 1143 2115 CCL,
1164 2074 1217 2106 14.
1236 2092 1276 2098 -—
1321 2072 1456 2105 honore
1489 2075 1626 2112 nostro,

153 2118 431 2162 supplicatione
457 2120 529 2155 sibi
556 2120 804 2154 decernenda.
838 2120 1011 2154 Nondum
1038 2120 1149 2162 enim,
1175 2129 1287 2162 quum
1306 2119 1370 2153 has
1391 2118 1517 2152 literas
1533 2117 1628 2152 scri-

154 2163 288 2207 bebat,
323 2166 443 2200 Caelii
479 2166 678 2210 epistolam
705 2167 948 2209 (CCLXVII)
975 2172 1182 2210 acceperat.
1209 2164 1317 2199 SCH.
1340 2184 1381 2189 —
1425 2175 1553 2197 vereor
1577 2166 1626 2215 uf.

154 2210 195 2245 S.
221 2211 375 2246 Ramsh.
416 2209 444 2256 §.
466 2214 552 2256 193,
576 2213 616 2257 Ι,
638 2215 672 2248 4.
704 2213 791 2248 Not.
812 2216 845 2248 1.
886 2212 1034 2247 Grotef.
1061 2213 1088 2255 §.
1107 2212 1194 2254 402,
1220 2212 1328 2244 Anm.
1349 2228 1390 2234 —
1433 2211 1476 2245 de
1506 2210 1628 2243 laerte

153 2258 244 2291 meis
269 2257 314 2291 ad
340 2268 521 2302 senatum,
547 2259 862 2304 supplicationem
887 2258 1172 2304 postulantibus.
1198 2256 1410 2291 MANUT.

243 2306 279 2339 3.
306 2319 499 2347 ,avo-tam,
527 2306 723 2340 secretius.
759 2307 844 2341 Nun
870 2316 970 2339 muss
995 2305 1054 2338 ich
1079 2304 1153 2338 Dir
1178 2304 1274 2337 noch
1301 2303 1361 2336 ein
1378 2304 1476 2338 Paar
1493 2303 1628 2337 Worte

152 2350 248 2384 iiber
271 2350 468 2394 folgendes
493 2352 710 2394 geheimere
725 2353 911 2396 Anliegen
930 2350 1145 2386 schreiben.
1173 2351 1236 2384 Du
1256 2350 1336 2383 hast
1361 2349 1445 2384 eine
1460 2360 1507 2383 zu
1528 2348 1628 2383 feine

152 2396 270 2440 Nase,
305 2409 364 2431 um
391 2397 464 2431 den
490 2397 583 2432 Sinn
610 2399 677 2431 des
702 2399 881 2433 Rathsels
907 2398 1011 2431 nicht
1036 2397 1123 2430 bald
1149 2397 1442 2440 auszuspiihren.
1465 2415 1508 2420 —-
1547 2396 1628 2437 τῆς

153 2443 386 2491 δάμαρτός
420 2457 506 2488 μου
531 2459 561 2479 κ.
587 2458 618 2479 τ.
646 2446 700 2483 λ.,
737 2446 835 2487 „der
859 2444 1144 2487 Freigelassene
1171 2443 1313 2476 mciuer
1337 2441 1557 2476 Gemahlinn
1583 2460 1628 2466 —

152 2490 215 2524 Du
254 2490 405 2531 weisst‚
446 2491 546 2523 'Wen
577 2490 637 2524 ich
667 2491 789 2524 meine
815 2510 859 2515 —
894 2491 1021 2524 schien
1060 2489 1133 2523 mir
1158 2490 1251 2522 nach
1278 2488 1428 2532 einigeu
1453 2489 1626 2537 VVorten,

153 2535 284 2569 womit
309 2547 349 2570 er
376 2537 620 2570 unbesonnen
647 2536 948 2582 hez-ausplatzte‚
985 2546 1030 2569 zu
1057 2536 1263 2574 urtheilen‚
1297 2535 1411 2569 sehon
1446 2535 1555 2576 lange
1590 2543 1626 2565 111

153 2581 222 2615 der
238 2582 582 2617 Giiterkausssache
609 2582 675 2617 des
701 2582 1031 2617 Krotoniatischen
1055 2581 1427 2626 Tyrannenmorders
1453 2580 1514 2613 die
1533 2579 1629 2612 'Lah-

153 2628 214 2660 len
242 2629 418 2662 verriickt
444 2640 489 2663 zu
514 2629 649 2663 haben.
712 2630 778 2664 leh
804 2630 964 2672 besorge
991 2628 1187 2670 wirklich,
1228 2628 1291 2661 Du
1318 2628 1398 2660 hast
1421 2626 1536 2678 schon
1563 2624 1628 2676 1th-

155 2684 232 2708 was
258 2675 442 2719 gemerkt.
494 2675 700 2711 Erforsche
725 2676 788 2711 Du
815 2675 990 2710 desshalb
1017 2674 1147 2710 diesen
1162 2675 1300 2717 Punct,
1326 2674 1415 2708 aber
1440 2682 1477 2706 ia
1500 2671 1628 2713 altem,

1737 2712 1766 2920 ἓ

1736 2917 1763 3043 Ι-Ι
