1795 3043
140 84 204 130 12
401 77 464 123 Μ.
502 77 557 122 Τ.
595 72 932 121 CICERONIS
967 71 1336 120 EPISTOLAE.

139 192 375 242 Torquato,
417 189 558 243 probe.
617 189 681 230 De
720 189 894 230 Masone
931 188 1182 242 etligure,
1224 199 1352 241 quum
1387 185 1591 229 venerint.

140 248 203 288 De
232 249 334 295 illo,
373 248 482 299 quod
514 247 797 299 Chaerippus:
829 247 1024 297 quoniam
1053 248 1125 287 hic
1156 258 1322 298 quoque
1360 242 1594 293 πρόςνευσιν

140 304 363 345 sustulisti:
395 304 675 355 oprovincia!
709 304 889 344 etiamne
908 304 979 344 hic
1010 304 1114 343 mihi
1145 304 1354 344 curandus
1386 301 1479 343 est?
1511 302 1592 342 Cu·

139 363 296 402 raudus
334 362 470 400 aulem
509 362 736 407 hactenus,
779 372 832 400 ne
871 361 972 411 quid
1013 361 1064 400 ad
1103 362 1292 400 senatum
1329 359 1593 407 ,‚consule!“

141 421 225 466 3111,
259 417 526 466 „numerzss‘t
558 417 663 457 Nam
708 417 759 455 de
789 418 1014 459 ceteris...
1076 418 1158 458 Sed
1187 419 1327 457 tamen
1359 415 1591 464 commode,

140 475 251 525 quod
282 487 378 514 cum
409 475 572 514 Scrofa.
601 524 604 527 Δ
631 474 693 513 De
723 474 964 524 Pomptino,
995 477 1114 514 recle
1143 474 1307 515 scribis.
1366 474 1442 513 Est
1481 472 1592 512 enim

142 531 226 579 ita,
259 533 320 577 ut,
354 532 389 570 si
419 532 516 570 ante
546 530 723 570 Kalend.
757 531 848 570 Iun.
879 531 1093 571 Brundisii
1131 532 1296 571 futurus
1335 530 1414 576 sit,
1457 530 1593 569 miuus

90 580 116 618 3
141 587 316 639 urgendi
345 587 504 627 fuerint
532 587 590 627 M.
620 587 781 627 Annius
812 588 854 626 et
883 588 1062 628 Tullius.
1102 588 1217 634 Quae
1248 587 1299 626 de
1331 587 1491 627 Sicinio
1523 599 1594 626 au-

138 664 218 698 sich
244 663 376 696 Cicero
401 663 517 695 durch
533 662 684 695 Attikus
705 672 748 695 an
775 662 846 695 den
872 663 1010 695 andern
1038 663 1175 696 Consul
1193 662 1394 695 Marcellus
1419 661 1485 694 mit
1510 660 1594 693 dem

141 710 334 752 Gesuche,
370 708 429 741 ein
456 714 603 741 senatus
629 708 834 741 consultum
860 718 904 741 zu
937 708 1146 750 erwirken,
1183 707 1363 741 wodurch
1388 707 1485 740 allen
1511 717 1593 739 cum

140 755 299 799 imperio
337 761 537 788 ernanuten
565 753 807 788 Statthaltern
834 753 1212 798 Supplementgelder
1237 765 1282 788 zu
1315 753 1592 787 oberwiffihntem

138 802 283 835 Bchufe
308 800 492 843 bewilligt
517 800 684 833 wurden.
735 800 785 834 So
812 800 937 834 lehnte
962 812 1003 834 er
1038 802 1107 834 den
1135 800 1268 834 Schein
1296 800 1361 842 ab,
1398 801 1452 833 als
1478 799 1525 831 ob
1551 808 1593 831 er

141 848 201 880 fiir
225 848 369 889 eigenes
394 847 580 879 Interesse
606 846 734 879 Etwas
765 847 905 881 suchte.
932 866 977 871 ——
1000 848 1055 880 De
1085 848 1287 890 Torquato,
1317 846 1430 889 probe
1455 844 1590 878 fecisti.

142 893 180 928 S.
209 904 266 936 ep.
295 893 543 933 CLXXXIV,
574 893 596 926 5
622 903 676 925 am
702 892 819 926 Ende.
847 912 890 917 —-
915 893 969 928 De
993 894 1149 927 Masone
1181 893 1296 936 (Crat.
1329 892 1457 925 Lamb.
1486 891 1592 925 Mas-

140 941 241 981 soue)
267 943 301 973 et
325 939 467 980 Ligure
498 939 577 972 scil.
607 939 653 972 ad
677 944 713 973 te
739 939 907 973 scribam.
960 939 1219 974 Vermuthlich
1243 949 1369 973 waren
1396 949 1436 971 es
1460 936 1594 971 Publi-

141 996 252 1019 caner
286 985 378 1018 oder
416 984 676 1028 dergleichen,
714 985 858 1018 welche
890 986 1042 1020 Attikus
1083 986 1163 1018 dem
1207 985 1340 1019 Cicero
1381 983 1594 1029 empfohlen

142 1032 253 1065 113116.
285 1051 316 1055 -
346 1030 401 1064 De
423 1032 503 1073 illo,
530 1032 622 1074 quod
642 1030 876 1074 Chaerippus,
902 1033 1020 1073 ,saber
1043 1043 1120 1065 was
1147 1032 1207 1065 die
1224 1032 1369 1075 Klagen
1395 1030 1594 1064 (165011116-

140 1078 271 1122 rippus
305 1077 487 1116 bet1ifft‚“
523 1078 589 1110 der
623 1076 671 1110 im
705 1077 865 1121 Gesolge
899 1079 1068 1120 (cohorte
1093 1078 1298 1122 praetoria)
1333 1078 1397 1111 des
1434 1076 1593 1112 Quintus

142 1125 275 1158 Cicero
300 1134 474 1166 gewesen
500 1134 595 1163 war,
632 1123 685 1156 als
711 1123 835 1157 dieser
860 1124 896 1156 in
923 1125 1036 1158 Asien
1060 1124 1120 1158 die
1146 1123 1485 1158 Stauhalterschaft
1508 1132 1594 1155 ver-

140 1171 303 1203 waltete.
356 1169 394 1203 S.
422 1181 478 1213 ep.
507 1170 634 1209 XXX,
661 1169 715 1202 14.
744 1170 825 1212 CX,
852 1172 883 1203 1.
914 1189 952 1195 -
980 1170 1257 1217 πρόςμευσιιι
1281 1170 1476 1210 sustulisti,
1503 1167 1594 1211 quid

140 1216 187 1249 de
212 1216 278 1249 hac
303 1227 344 1249 re
362 1216 532 1257 sentires,
564 1215 653 1248 mihi
678 1226 750 1247 non
776 1216 968 1259 aperuisti.
995 1218 1093 1259 Apte
1110 1216 1349 1250 VVielandus:
1378 1214 1514 1258 „Weil
1530 1214 1594 1248 Du

139 1262 210 1296 rnir
229 1262 323 1294 doch
342 1262 434 1294 auch
454 1261 534 1293 hier
554 1261 690 1294 keinen
704 1261 821 1294 Wink
839 1262 981 1305 gibst.“
1015 1262 1112 1295 Sch.
1139 1262 1298 1295 niimlich
1318 1262 1492 1302 dariiber,
1515 1269 1595 1294 was

140 1308 200 1342 ich
228 1308 317 1340 1111111
342 1308 432 1348 soll,
459 1306 527 1339 den
554 1307 755 1339 Menschen
782 1308 838 1340 los
864 1317 908 1340 zu
934 1308 1099 1341 werden.
1135 1308 1176 1341 In
1203 1307 1261 1341 hic
1292 1317 1427 1351 quoque
1460 1316 1506 1339 =
1530 1306 1595 1338 wie

138 1354 198 1388 Du
230 1355 324 1395 oster
353 1364 396 1385 zu
421 1352 505 1385 than
529 1354 674 1395 pflegst‚
701 1351 794 1396 liegt
819 1352 878 1386 ein
904 1354 1018 1387 leiser
1041 1353 1234 1388 Vorwurf.
1262 1364 1328 1386 —o
1348 1363 1454 1396 prov.
1481 1363 1502 1385 ο
1528 1351 1596 1385 der

138 1400 304 1443 leidigen
329 1398 687 1433 Statthalterschaft!
712 1417 756 1423 —
796 1400 951 1432 etiamne
985 1399 1044 1432 hic
1067 1410 1115 1432 m.
1143 1410 1172 1432 c.
1201 1401 1282 1432 est?
1306 1399 1385 1432 also
1411 1398 1503 1431 auch
1527 1397 1595 1431 mit

138 1446 273 1479 diesem
298 1445 368 1478 soll
386 1445 445 1478 ich
464 1444 559 1477 mich
584 1444 738 1477 beladen
760 1445 902 1479 lassen3
927 1444 1252 1478 Wahrscheinlich
1270 1445 1401 1478 wollte
1413 1444 1594 1488 Chaerip-

137 1503 208 1536 pus
233 1491 376 1525 wieder
402 1490 448 1523 im
464 1490 623 1532 Gesolge
649 1490 714 1523 des
731 1490 864 1524 Cicero
886 1491 977 1525 sein.
1006 1510 1048 1515 -—
1074 1502 1152 1524 cur.
1177 1496 1250 1525 aut.
1270 1491 1450 1525 hactenus.
1477 1490 1594 1524 Grae-

138 1538 242 1571 vius:
268 1538 444 1570 hactenus
460 1543 561 1569 certe
575 1535 663 1569 mihi
681 1537 862 1570 curandus
879 1543 946 1580 est,
964 1548 1010 1570 ne
1030 1537 1132 1580 quid,
1152 1548 1261 1579 quum
1274 1537 1320 1570 de
1335 1536 1493 1582 pecunia
1504 1535 1594 1569 mihi

137 1583 373 1617 attribuenda
396 1582 592 1625 reseretur,
618 1587 774 1626 propter
798 1582 902 1616 illum
927 1583 1016 1616 mihi
1041 1594 1226 1616 morarum
1251 1583 1450 1617 obiiciatur
1474 1583 1511 1615 in
1525 1582 1594 1616 Se-

137 1636 238 1671 113111,
265 1629 315 1662 ita
339 1635 377 1661 ut
402 1628 486 1670 sint,
513 1628 577 1670 qui
603 1628 780 1662 clament:
813 1629 957 1662 consule
980 1635 1042 1662 aut
1066 1641 1235 1671 numera;
1264 1629 1363 1672 quod
1386 1629 1592 1671 faciebant,

139 1676 204 1719 qui
222 1675 484 1720 impediebant,
510 1685 555 1707 116
580 1680 728 1708 senatus
754 1676 961 1708 consultum
985 1675 1094 1709 fieret
1119 1676 1165 1709 de
1190 1688 1244 1719 re,
1270 1676 1316 1710 de
1341 1687 1414 1718 qua
1438 1676 1593 1709 relatum

138 1728 230 1756 erat.
280 1722 410 1755 Festus
435 1720 658 1764 Pompeius:
696 1721 859 1754 Numera
888 1721 1060 1756 Senatum
1076 1748 1086 1765 ,
1117 1723 1172 1756 ait
1197 1723 1315 1766 quivis
1337 1726 1483 1755 senator
1508 1733 1592 1755 con-

137 1769 224 1810 suli,
251 1779 356 1811 quum
380 1767 632 1810 impedimento
656 1768 734 1800 vult
759 1778 846 1810 esse,
873 1779 939 1811 quo
954 1769 1074 1801 minus
1090 1769 1207 1809 faciat
1221 1768 1590 1802 senatusconsultum:

134 1814 384 1859 postulatque,
421 1817 459 1845 ut
486 1816 548 1846 aut
572 1823 642 1855 ¹reS,
667 1823 756 1857 quae
780 1815 994 1857 afferuntur,
1020 1815 1254 1858 dividantur,
1288 1819 1350 1848 aut
1374 1815 1484 1848 simul
1508 1825 1591 1848 con-

139 1861 319 1901 sulantur,
346 1863 427 1901 aut,
451 1859 485 1891 si
508 1863 559 1891 tot
584 1869 654 1891 uon
677 1863 759 1893 sunt
783 1864 988 1902 senatores,
1015 1872 1083 1904 quo
1108 1872 1256 1894 numero
1281 1862 1365 1895 licet
1385 1860 1593 1905 praescribi

140 1906 178 1940 S.
206 1906 259 1948 C„
285 1909 540 1949 exspectentur.
566 1924 611 1930 —
634 1916 677 1938 ue
701 1906 799 1949 quid,
827 1906 856 1939 I.
883 1907 924 1940 F.
953 1907 1118 1941 Gronov.
1146 1919 1246 1952 susp.
1272 1918 1316 1941 ne
1339 1908 1429 1950 quis.
1457 1907 1501 1940 G.
1528 1907 1590 1940 Fr.

142 1951 286 1987 Grotef.
322 1962 364 1985 ne
398 1952 477 1994 quis
507 1951 555 1984 ad
586 1956 732 1985 senatus
766 1954 966 1985 consultum
997 1954 1076 1987 aiat
1111 1954 1382 1996 „numeraf‘
1445 1954 1530 1988 Asc.
1559 1955 1591 1988 1.

142 2000 243 2032 Crat.
270 1998 331 2030 hat
355 1997 531 2030 wirhlich
554 2002 716 2030 senatum
743 1998 823 2032 Cos.
848 2018 892 2023 —
916 1999 1015 2033 Nam
1039 2000 1082 2033 de
1106 2001 1274 2034 ceteris..
1290 2025 1298 2033 .
1356 2000 1489 2042 Denn,
1515 2010 1594 2034 was

140 2045 204 2078 die
223 2043 414 2086 Uebrigen
439 2043 622 2076 ben-iffi..
638 2070 646 2078 .
672 2044 850 2078 niimlich:
890 2056 965 2088 „so
990 2045 1184 2080 kummern
1209 2046 1306 2079 mich
1339 2046 1400 2079 die
1425 2046 1593 2089 wenig.“

140 2091 260 2124 Untei·
295 2089 422 2123 diesen
457 2089 622 2122 versteht
657 2090 791 2124 Cicero
826 2091 888 2124 die
922 2092 1120 2134 Anderen‚
1157 2092 1218 2126 die
1248 2092 1388 2126 seinem
1421 2092 1593 2125 Gesuche

142 2136 240 2170 beim
265 2134 402 2169 Senate
427 2142 609 2178 entgegen
634 2136 714 2170 sein
740 2138 923 2172 mochten,
950 2158 993 2162 —
1019 2139 1201 2172 commode
1228 2138 1369 2180 fecisti,
1396 2139 1490 2182 quod
1513 2150 1594 2171 cum

144 2183 209 2216 Cn.
248 2181 451 2214 Tremellio
492 2181 623 2223 Scrofa
654 2183 800 2216 locutus
840 2195 880 2217 es
917 2184 963 2217 de
997 2185 1210 2229 Chaerippo
1245 2185 1302 2217 vel
1344 2184 1492 2217 locutus
1537 2189 1593 2218 est

142 2227 396 2272 Chaerippu53
429 2228 651 2269 mongum:
684 2228 775 2262 mais
810 2231 899 2263 c’est
931 2231 1101 2264 touiours
1126 2242 1173 2263 1111
1203 2231 1373 2263 bonheur
1399 2242 1471 2272 que
1497 2230 1593 2264 Che-

142 2275 272 2318 l‘ippus
298 2285 337 2307 ΞΘ
363 2273 436 2306 soit
460 2274 636 2307 addresse
661 2275 681 2306 3
706 2274 848 2309 Scrofa.
883 2276 958 2310 Die
970 2276 1090 2311 Sache
1114 2278 1275 2310 warum?
1301 2276 1348 2310 ist
1362 2277 1592 2318 unbekannt,

142 2322 232 2354 aber
257 2319 388 2354 Scrofa
410 2331 489 2353 war
515 2319 574 2352 ein
610 2325 819 2354 vertrauter
842 2322 992 2356 Freund
1031 2323 1095 2357 des
1121 2323 1272 2357 Attikus
1299 2322 1372 2355 und
1403 2323 1594 2366 gelehrtor

142 2366 374 2400 Landwirth.
417 2365 455 2400 S.
490 2366 612 2400 Varro
645 2366 690 2399 de
714 2367 772 2400 Re
801 2368 908 2402 Rust.
946 2370 978 2411 1,
1005 2369 1038 2403 2.
1073 2387 1117 2393 —
1150 2369 1205 2403 De
1229 2369 1433 2412 Pomptina
1461 2369 1499 2402 S.
1528 2381 1587 2413 ep.

144 2412 419 2453 CLXXXVII,
445 2412 466 2444 2
491 2422 545 2444 am
571 2411 688 2445 Ende.
713 2431 760 2438 —
792 2414 837 2447 L.
866 2415 1025 2456 Tullius,
1059 2414 1126 2448 der
1161 2414 1263 2449 Sohn
1300 2415 1401 2448 eines
1434 2414 1591 2459 iiingem

141 2459 307 2493 Bruders
332 2469 404 2490 von
431 2457 594 2490 Cicero's
607 2458 737 2501 Vater,
762 2471 854 2503 war,
880 2461 954 2494 wie
979 2462 1030 2495 M.
1056 2460 1211 2503 Annius,
1238 2471 1318 2494 zum
1344 2461 1509 2503 Legaten
1531 2461 1592 2494 fiir

143 2505 204 2538 die
230 2504 355 2538 Ciril-
393 2503 464 2536 und
490 2503 775 2538 Polizeisachen
801 2506 1005 2549 bestimmt3
1042 2517 1081 2541 es
1113 2508 1214 2540 hatte
1249 2508 1328 2540 also
1362 2507 1427 2539 mit
1463 2506 1590 2540 diesen

142 2562 185 2585 so
210 2550 282 2583 xiel
307 2550 392 2582 Eile
419 2549 539 2589 nicht,
578 2550 632 2583 als
667 2551 732 2585 init
764 2552 846 2584 dem
871 2552 1113 2597 Pomptinus,
1149 2553 1287 2587 seinem
1324 2553 1493 2586 Freund«)
1519 2553 1591 2587 [md

143 2607 375 2640 gewesenem
399 2597 630 2639 Propraclor
657 2595 693 2628 in
719 2598 867 2630 Gallien
894 2599 968 2632 und
993 2599 1058 2632 mit
1084 2599 1222 2633 seinem
1247 2599 1393 2633 Bruder
1419 2598 1590 2642 Quintus,

144 2643 205 2675 die
218 2641 349 2675 Cicero
375 2642 429 2674 als
456 2642 644 2675 bewssmrne
663 2642 892 2678 Heersuhrer
916 2645 995 2678 sich
1022 2656 1067 2679 zu
1084 2646 1250 2689 Legaten
1277 2646 1334 2678 fur
1359 2645 1422 2678 das
1434 2645 1590 2688 kriegs-

144 2689 393 2733 dcpartement
422 2689 646 2721 auscrwss'zhlt
670 2688 780 2723 hatte.

235 2736 265 2768 3.
318 2734 358 2766 dc
383 2734 533 2767 Sicinio.
568 2735 604 2768 5.
634 2743 715 2770 zum
741 2735 861 2780 vorig.
895 2738 957 2773 ΒΓ.
987 2737 1014 2780 ξ.
1042 2737 1073 2772 2.
1103 2736 1141 2773 P.
1170 2736 1321 2771 Licinii.
1370 2736 1477 2771 Iener
1511 2747 1589 2771 war
