1795 3043
436 62 751 109 EPISTOLA
787 63 1113 110 CCCLXXIV.
1403 68 1504 114 519

43 176 209 216 faciam.
267 173 476 226 Quidquid
507 176 726 227 statueris,
765 177 807 214 te
836 176 942 216 mihi
971 177 1151 217 amicum
1163 190 1177 226 3
1224 175 1289 216 siu
1320 175 1362 216 id
1392 175 1504 227 quod

42 235 166 286 opto,
211 232 334 272 etiam
365 233 665 274 amicissimum
693 232 907 274 iudicabo.

207 393 518 439 EPISTOLA
556 391 877 439 CCCLXXIV.
925 392 1006 450 (ad
1043 394 1134 439 Att.
1171 395 1225 439 X.
1262 394 1330 452 S.)

99 480 180 516 Ser.
206 480 242 514 in
270 481 432 514 Cumano
459 490 490 514 a.
517 480 553 514 d.
580 479 646 515 VI.
672 479 770 514 Non.
796 478 883 515 Mai.
908 480 953 514 Α.
979 479 1024 516 U.
1051 481 1088 515 C.
1116 481 1193 515 705.
1228 482 1274 523 (a.
1301 480 1341 514 C.
1360 480 1437 521 49.)

42 549 180 583 Causas
207 548 381 593 exponit,
415 559 480 581 cur
505 547 578 582 sibi
602 557 675 580 non
700 547 871 581 videatur
887 548 1200 594 exspectandum,
1226 559 1335 591 quem
1361 547 1502 582 exitum

42 606 102 631 res
127 596 162 629 in
189 594 383 639 Hispaniis
414 593 578 638 agendae
608 593 802 628 habiturae
828 594 912 629 sint.
962 595 1079 629 Addit
1112 595 1186 629 alia
1211 594 1390 638 quaedam
1415 593 1503 629 sub-

153 641 348 686 iungitque
371 640 566 675 literarum
592 641 637 674 ab
663 640 833 720 Αηῖοηὶεἰ
865 647 946 721 etna
970 642 1130 677 Caesare
1154 648 1389 687 acceptarum

587 697 721 731 exemp
741 698 773 721 a.
842 707 886 712 —
944 713 951 720 .

528 754 716 789 CICERO
749 755 941 790 ATTICO
977 756 1016 791 S.

152 815 208 855 Et
243 825 312 854 res
346 813 438 867 ipsa
466 814 663 854 monebat
703 815 744 854 et
773 817 819 855 tu
849 815 1091 856 ostenderas
1120 815 1163 855 et
1189 826 1268 868 ego
1295 813 1502 864 videbam,

40 871 92 912 de
120 872 173 911 iis
201 871 352 919 rebus,
392 885 495 923 quas
524 871 724 924 intercipi
753 872 1038 924 periculosum
1069 874 1202 921 esset,
1234 871 1361 912 finem
1388 872 1503 913 inter

37 940 116 969 nos
145 928 358 969 scribendi
396 928 490 969 fieri
530 932 693 980 tempus
723 941 828 971 esse.
888 929 994 981 Sed,
1043 943 1171 981 quum
1201 928 1252 969 ad
1283 942 1348 970 me
1377 940 1503 981 saepe

37 999 132 1027 mea
160 985 298 1027 Tullia
327 986 512 1033 scribat,
559 998 707 1037 orans,
754 988 830 1036 ut,
877 985 975 1038 quid
1005 987 1048 1027 in
1078 986 1288 1038 Hispania
1317 988 1502 1039 geratur,

39 1044 302 1095 exspectem,
355 1044 396 1082 et
435 1055 598 1094 semper
635 1043 847 1083 adscribat
887 1043 999 1082 idem
1039 1043 1176 1083 videri
1215 1042 1318 1091 tibi3
1374 1043 1503 1093 idque

39 1101 130 1152 ipse
161 1100 287 1139 etiam
316 1111 368 1138 ex
397 1100 480 1139 tuis
510 1099 646 1138 literis
676 1098 982 1147 intellexerim,
1034 1112 1119 1139 non
1149 1099 1252 1151 puto
1283 1111 1371 1139 esse
1401 1099 1503 1139 alie-

37 1169 137 1197 num
168 1168 233 1196 me
264 1155 315 1196 ad
345 1156 410 1208 te,
441 1155 541 1208 quid
572 1156 623 1195 de
645 1168 693 1196 ea
711 1168 756 1196 re
786 1156 979 1206 sentiam,
1010 1156 1209 1197 scribere.
1269 1156 1500 1196 Consilium
1524 1158 1554 1199 2

38 1214 150 1254 istud
180 1215 282 1253 tunc
311 1215 422 1252 esset
449 1213 660 1265 prudenS,
686 1214 735 1252 ut
762 1213 866 1253 mihi
895 1214 1081 1265 videtur,
1113 1214 1149 1253 si
1178 1215 1343 1253 nostras
1373 1214 1502 1254 ratio-

40 1284 114 1311 nes
145 1270 196 1311 ad
227 1270 546 1321 Hispaniensem
577 1281 721 1309 casum
751 1270 1107 1311 accommodaturi
1137 1282 1343 1319 essemus3
1390 1269 1505 1322 quod

39 1327 132 1368 fieri
164 1328 323 1378 [dicitis
353 1326 577 1379 oportere}
636 1325 818 1367 Necesse
849 1329 910 1367 est
941 1328 1053 1368 enim
1084 1329 1177 1375 aut,
1205 1327 1249 1366 id
1279 1327 1390 1378 quod
1419 1339 1506 1369 ma·

39 1386 150 1426 xime
181 1385 327 1432 velim,
361 1384 465 1435 pelli
494 1383 618 1422 istum
651 1383 702 1423 ab
733 1384 962 1435 Hispania3
1002 1385 1074 1425 aut
1104 1385 1216 1424 trahi
1246 1384 1291 1424 id
1320 1384 1505 1433 bellum5

40 1445 113 1482 aut
144 1442 296 1488 istum,
347 1442 394 1479 ut
424 1439 635 1480 confidere
666 1440 832 1481 videtur
850 1471 860 1488 ,
914 1441 1234 1493 apprehendere
1262 1441 1505 1492 Hispanias.

40 1500 85 1539 Si
115 1499 320 1551 pelletur,
369 1509 492 1549 quam
532 1499 674 1550 gratus
718 1500 790 1538 aut
830 1510 954 1549 quam
983 1499 1184 1538 honestus
1220 1499 1311 1538 tum
1340 1498 1422 1538 erit
1451 1496 1506 1539 ad

39 1622 209 1655 continuo
231 1620 377 1664 poterit.
427 1621 529 1654 Haec
553 1620 690 1654 leviter
716 1626 905 1665 corrupta.
953 1622 1043 1656 Cum
1069 1621 1175 1657 Vict.
1201 1622 1235 1656 1.
1268 1621 1388 1666 Beng.
1414 1620 1506 1658 reti-
1563 1652 1568 1658 .

43 1668 106 1701 nui
143 1667 220 1700 Md.
246 1667 404 1711 poterit:
437 1667 490 1708 „i.
516 1678 547 1700 e.
573 1667 656 1710 fieri
675 1668 833 1711 poteri?
865 1668 984 1711 Beng.
1006 1668 1147 1711 poteris
1171 1667 1405 1711 scripserunt
1423 1679 1506 1701 cum

39 1714 231 1758 prioribus
257 1714 356 1747 Crat.
384 1713 534 1749 Vict.2.
561 1714 691 1748 Lamb.
720 1714 853 1747 GraeV.
880 1714 971 1747 Ern.
995 1714 1136 1747 Bened.
1164 1713 1379 1749 Videndum
1393 1713 1506 1748 etiam

41 1768 150 1804 atque
185 1760 314 1802 etiam,
353 1770 399 1791 ne
433 1770 502 1804 pro
534 1770 637 1793 more
664 1759 737 1794 Md.
774 1760 809 1793 in
837 1761 959 1793 eodem
983 1760 1097 1794 lateat
1132 1771 1265 1793 nomen
1289 1760 1505 1805 proprium:

41 1805 98 1840 sin
126 1807 220 1839 idem
244 1805 419 1849 placebit,
446 1809 550 1848 atque
576 1806 734 1848 (amico,
768 1806 872 1840 cuius
897 1817 1031 1840 nomen
1057 1806 1297 1843 obliteratum
1323 1807 1416 1849 estz)
1441 1816 1507 1840 nec

42 1853 211 1885 continno
239 1852 300 1893 (is)
322 1852 471 1894 poterit.
512 1850 588 1885 Sed
615 1852 685 1885 hoc
711 1863 859 1895 quoque
886 1852 1078 1887 incertum.
1107 1852 1304 1886 ORELLI.
1353 1853 1507 1896 „Wenn
1559 1882 1563 1884 .

41 1899 116 1933 Dir
145 1897 293 1932 sreilich
326 1898 493 1931 dieselbe
518 1897 647 1931 Partei
672 1899 736 1931 mit
763 1899 832 1932 mir
863 1909 908 1932 zu
935 1899 1122 1942 ergreifen
1157 1899 1231 1932 und
1257 1900 1351 1933 eben
1377 1898 1506 1941 dahin,

41 1945 166 1979 wohin
192 1945 252 1977 ich
277 1944 393 1987 gene,
432 1954 477 1977 zu
502 1944 624 1986 gehen
650 1945 799 1988 gesallt,
839 1947 918 1985 (nec
944 1947 1079 1988 tamen)
1118 1945 1218 1979 diess
1249 1945 1388 1978 iedoch
1424 1944 1507 1979 sich

42 1992 144 2024 nicht
170 1990 378 2033 sogleich
404 2001 475 2022 von
503 1989 574 2023 Dir
599 1990 798 2024 ausfiihren
824 1992 929 2033 lassu
962 2003 1003 2025 so
1030 1991 1112 2025 will
1137 1991 1198 2025 ich
1224 1989 1331 2025 dasiir
1355 2001 1507 2035 sorgen,

43 2038 129 2071 dass
155 2037 215 2070 Du
249 2037 322 2070 alle
355 2036 535 2080 nothigen
560 2036 790 2081 Weisungen
827 2037 1038 2072 erhaltest.''
1070 2056 1114 2063 --
1162 2038 1219 2071 sin
1255 2036 1431 2072 statueris
1464 2037 1507 2072 id

41 2084 253 2164 quedlfwdce'
273 2129 342 2172 iis,
384 2130 529 2162 Asc.1.
571 2129 669 2163 Crat.
708 2128 835 2163 Lamb.
872 2129 939 2163 his.
976 2148 1018 2154 -
1067 2140 1155 2173 quas
1189 2130 1363 2174 intercipi
1389 2129 1503 2174 peric.

45 2180 154 2218 esset,
186 2176 246 2208 die
273 2176 360 2209 sehr
383 2174 616 2218 gelam-liene
640 2175 784 2219 Folgen
810 2176 929 2209 haben
955 2177 1138 2218 kennten,
1164 2187 1273 2210 wenn
1299 2177 1360 2211 die
1374 2176 1505 2210 Briefe

44 2223 289 2267 aufget‘anaen
314 2221 480 2254 wiirden.
531 2232 618 2264 quas
642 2221 735 2255 kurz
760 2228 845 2256 statt
870 2223 912 2255 de
937 2223 1063 2266 quibus
1087 2223 1227 2256 literas.

136 2269 169 2302 2.
205 2268 406 2302 Consilium
433 2268 548 2309 istud,
584 2267 670 2310 quid
699 2268 735 2301 in
762 2268 944 2312 Hispania
967 2274 1136 2311 geratur,
1169 2267 1424 2313 exspectandi.
1460 2285 1503 2292 —-·

45 2316 80 2348 si
97 2326 132 2348 n.
149 2319 221 2347 rat.
250 2340 257 2347 .
276 2340 283 2348 .
301 2340 308 2348 .
336 2324 510 2356 essemus,
536 2325 643 2347 wenn
670 2314 731 2347 ich
756 2314 851 2348 mein
873 2315 1076 2348 Verbalten
1094 2315 1186 2349 nach
1206 2315 1273 2348 der
1291 2315 1504 2358 VVendung,

45 2361 194 2394 welche
226 2360 288 2395 die
313 2359 456 2394 Sachen
489 2360 525 2393 in
552 2360 715 2404 Spanien
747 2361 902 2394 nehmen
931 2362 1108 2403 werden,
1148 2361 1406 2395 einzurichten
1439 2371 1505 2405 ge-

47 2408 189 2441 dachte.
220 2425 262 2430 —
312 2406 451 2449 [dicitis
474 2407 667 2450 oportere}
716 2406 778 2440 Ex
802 2407 894 2441 meis
918 2407 1013 2442 Edd.
1040 2408 1159 2452 prima
1186 2408 1298 2441 habet
1321 2407 1393 2440 hoc
1417 2418 1505 2452 sup-

47 2454 271 2500 plementum
298 2452 462 2497 Iuntina,
494 2453 546 2486 ita
571 2459 610 2487 ut
636 2453 681 2486 ab
708 2453 806 2486 Aldo
833 2455 1038 2497 profectum
1064 2454 1246 2488 videatur.
1298 2454 1392 2487 Tum
1416 2455 1505 2488 Asc.

48 2511 122 2535 sec.
161 2498 274 2542 Seqq.
300 2505 449 2541 praeter
473 2499 671 2533 luuianam.
719 2499 850 2533 Iunius
873 2510 953 2533 cum
981 2501 1068 2534 C2d.
1099 2505 1135 2533 et
1157 2502 1240 2534 Asc.
1267 2510 1323 2544 pr.
1351 2500 1504 2545 supple-

49 2545 120 2579 vit:
152 2545 233 2587 fieri
265 2555 333 2577 non
361 2545 471 2578 debet.
506 2546 583 2579 Md.
611 2546 794 2580 Oxon.1.
821 2546 853 2580 2.
889 2546 986 2580 Ball.
1016 2547 1172 2580 Helmst.
1205 2545 1297 2589 fieri.
1347 2547 1502 2581 Necesse

50 2596 101 2626 esl
134 2597 202 2626 cet.
259 2591 400 2625 Eratne
433 2591 558 2638 potius
590 2591 880 2636 supplendumZ:
922 2593 1016 2636 quod
1045 2592 1126 2634 fieri
1161 2603 1233 2625 non
1266 2602 1405 2627 necesse
1436 2598 1501 2629 est.

51 2637 204 2674 Necesse
238 2641 289 2671 cst
329 2637 425 2671 enim
461 2643 530 2672 cet.
572 2638 769 2672 ORELLI.
808 2658 852 2663 -—
904 2639 998 2682 pelli
1034 2640 1166 2682 istum,
1209 2638 1416 2674 Caesarem.
1460 2660 1504 2667 —-

53 2683 340 2729 apprehendere,
381 2684 419 2719 in
451 2685 555 2718 scine
586 2684 716 2719 H'ande
748 2685 979 2718 bekommen.
1011 2704 1055 2710 —-
1101 2685 1145 2719 Si
1164 2685 1322 2730 pelletur
1355 2686 1505 2722 Caesar,

56 2742 161 2775 quam
186 2734 317 2773 gratus
345 2755 353 2764 .
373 2757 381 2765 .
401 2756 408 2764 .
435 2729 613 2765 honestus.
659 2731 866 2774 Utrumque
891 2730 1046 2765 ironice.
1073 2750 1116 2757 —
1159 2733 1196 2765 si
1219 2732 1400 2766 vincimur
1424 2733 1449 2769 i.
1476 2745 1509 2767 e,
