<?xml version="1.0" encoding="UTF-8"?>
<!DOCTYPE html PUBLIC "-//W3C//DTD XHTML 1.0 Transitional//EN"
    "http://www.w3.org/TR/xhtml1/DTD/xhtml1-transitional.dtd">
<html xmlns="http://www.w3.org/1999/xhtml" xml:lang="en" lang="en">
 <head>
  <title>
</title>
<meta http-equiv="Content-Type" content="text/html;charset=utf-8" />
  <meta name='ocr-system' content='tesseract 3.04.00' />
  <meta name='ocr-capabilities' content='ocr_page ocr_carea ocr_par ocr_line ocrx_word'/>
</head>
<body>
  <div class='ocr_page' id='page_1' title='image "./epistolaeadattic02ciceuoft_0470.png"; bbox 0 0 1795 3043; ppageno 0'>
   <div class='ocr_carea' id='block_1_1' title="bbox 109 36 1312 117">
    <p class='ocr_par' dir='ltr' id='par_1_1' title="bbox 109 36 1312 117">
     <span class='ocr_line' id='line_1_1' title="bbox 109 36 1312 117; baseline -0.012 0"><span class='ocrx_word' id='word_1_1' title='bbox 109 68 211 117; x_wconf 78' lang='lat'><strong>460</strong></span> <span class='ocrx_word' id='word_1_2' title='bbox 365 58 435 107; x_wconf 85' lang='grc' dir='ltr'><strong>Μ.</strong></span> <span class='ocrx_word' id='word_1_3' title='bbox 472 58 528 106; x_wconf 70' lang='grc' dir='ltr'><strong>Τ.</strong></span> <span class='ocrx_word' id='word_1_4' title='bbox 564 53 908 110; x_wconf 76' lang='lat' dir='ltr'><strong>CICERONIS</strong></span> <span class='ocrx_word' id='word_1_5' title='bbox 942 36 1312 105; x_wconf 81' lang='lat' dir='ltr'><strong>EPISTOLAE.</strong></span> 
     </span>
    </p>
   </div>
   <div class='ocr_carea' id='block_1_2' title="bbox 35 167 1578 1364">
    <p class='ocr_par' dir='ltr' id='par_1_2' title="bbox 35 167 1578 1364">
     <span class='ocr_line' id='line_1_2' title="bbox 109 167 1573 229; baseline -0.005 -12"><span class='ocrx_word' id='word_1_6' title='bbox 109 175 256 229; x_wconf 73' lang='lat' dir='ltr'><strong>pertas·</strong></span> <span class='ocrx_word' id='word_1_7' title='bbox 278 174 415 226; x_wconf 79' lang='lat' dir='ltr'><strong>certo,</strong></span> <span class='ocrx_word' id='word_1_8' title='bbox 452 172 500 212; x_wconf 83' lang='lat' dir='ltr'><strong>nt</strong></span> <span class='ocrx_word' id='word_1_9' title='bbox 528 169 631 212; x_wconf 87' lang='lat' dir='ltr'><strong>hinc</strong></span> <span class='ocrx_word' id='word_1_10' title='bbox 659 170 836 212; x_wconf 82' lang='lat' dir='ltr'><strong>avolem.</strong></span> <span class='ocrx_word' id='word_1_11' title='bbox 896 169 1007 212; x_wconf 82' lang='lat' dir='ltr'><strong>Ante</strong></span> <span class='ocrx_word' id='word_1_12' title='bbox 1035 168 1223 221; x_wconf 87' lang='lat' dir='ltr'><strong>oportuit</strong></span> <span class='ocrx_word' id='word_1_13' title='bbox 1251 168 1445 209; x_wconf 82' lang='lat' dir='ltr'><strong>fortasse.</strong></span> <span class='ocrx_word' id='word_1_14' title='bbox 1488 167 1573 210; x_wconf 79' lang='lat' dir='ltr'><strong>Sed</strong></span> 
     </span>
     <span class='ocr_line' id='line_1_3' title="bbox 109 222 1572 286; baseline -0.005 -12"><span class='ocrx_word' id='word_1_15' title='bbox 109 246 186 286; x_wconf 84' lang='lat' dir='ltr'><strong>ea,</strong></span> <span class='ocrx_word' id='word_1_16' title='bbox 233 244 342 285; x_wconf 83' lang='lat' dir='ltr'><strong>quae</strong></span> <span class='ocrx_word' id='word_1_17' title='bbox 383 228 562 281; x_wconf 86' lang='lat' dir='ltr'><strong>scripsi,</strong></span> <span class='ocrx_word' id='word_1_18' title='bbox 599 240 666 269; x_wconf 87' lang='lat' dir='ltr'><strong>mo</strong></span> <span class='ocrx_word' id='word_1_19' title='bbox 694 228 915 269; x_wconf 87' lang='lat' dir='ltr'><strong>tardarunt</strong></span> <span class='ocrx_word' id='word_1_20' title='bbox 944 229 987 268; x_wconf 84' lang='lat' dir='ltr'><strong>et</strong></span> <span class='ocrx_word' id='word_1_21' title='bbox 1015 226 1248 267; x_wconf 82' lang='lat' dir='ltr'><strong>auctoritas</strong></span> <span class='ocrx_word' id='word_1_22' title='bbox 1278 225 1461 267; x_wconf 77' lang='lat' dir='ltr'><strong>maxime</strong></span> <span class='ocrx_word' id='word_1_23' title='bbox 1489 222 1572 266; x_wconf 80' lang='lat' dir='ltr'><strong>tua.</strong></span> 
     </span>
     <span class='ocr_line' id='line_1_4' title="bbox 58 283 1573 340; baseline -0.007 -8"><span class='ocrx_word' id='word_1_24' title='bbox 58 293 86 332; x_wconf 71' lang='lat'><strong><em>4</em></strong></span> <span class='ocrx_word' id='word_1_25' title='bbox 110 291 218 332; x_wconf 79' lang='lat' dir='ltr'><strong>Nam</strong></span> <span class='ocrx_word' id='word_1_26' title='bbox 253 299 382 340; x_wconf 90' lang='lat' dir='ltr'><strong>quum</strong></span> <span class='ocrx_word' id='word_1_27' title='bbox 420 286 473 326; x_wconf 82' lang='lat' dir='ltr'><strong>ad</strong></span> <span class='ocrx_word' id='word_1_28' title='bbox 502 286 619 327; x_wconf 87' lang='lat' dir='ltr'><strong>hunc</strong></span> <span class='ocrx_word' id='word_1_29' title='bbox 647 285 790 326; x_wconf 90' lang='lat' dir='ltr'><strong>locum</strong></span> <span class='ocrx_word' id='word_1_30' title='bbox 817 284 1047 332; x_wconf 86' lang='lat' dir='ltr'><strong>venissem,</strong></span> <span class='ocrx_word' id='word_1_31' title='bbox 1089 284 1230 324; x_wconf 84' lang='lat' dir='ltr'><strong>evolvi</strong></span> <span class='ocrx_word' id='word_1_32' title='bbox 1258 283 1456 324; x_wconf 84' lang='lat' dir='ltr'><strong>volumen</strong></span> <span class='ocrx_word' id='word_1_33' title='bbox 1485 283 1573 334; x_wconf 86' lang='lat' dir='ltr'><strong>epi-</strong></span> 
     </span>
     <span class='ocr_line' id='line_1_5' title="bbox 109 338 1574 396; baseline -0.008 -7"><span class='ocrx_word' id='word_1_34' title='bbox 109 348 314 389; x_wconf 85' lang='lat' dir='ltr'><strong>stolarum</strong></span> <span class='ocrx_word' id='word_1_35' title='bbox 343 346 534 391; x_wconf 77' lang='lat' dir='ltr'><strong>tuarum,</strong></span> <span class='ocrx_word' id='word_1_36' title='bbox 574 340 688 394; x_wconf 86' lang='lat' dir='ltr'><strong>quod</strong></span> <span class='ocrx_word' id='word_1_37' title='bbox 715 352 791 396; x_wconf 82' lang='lat' dir='ltr'><strong>ego</strong></span> <span class='ocrx_word' id='word_1_38' title='bbox 821 341 897 383; x_wconf 89' lang='lat' dir='ltr'><strong>sub</strong></span> <span class='ocrx_word' id='word_1_39' title='bbox 926 341 1046 395; x_wconf 85' lang='lat' dir='ltr'><strong>signo</strong></span> <span class='ocrx_word' id='word_1_40' title='bbox 1074 339 1210 381; x_wconf 85' lang='lat' dir='ltr'><strong>habeo</strong></span> <span class='ocrx_word' id='word_1_41' title='bbox 1240 351 1446 390; x_wconf 87' lang='lat' dir='ltr'><strong>servoque</strong></span> <span class='ocrx_word' id='word_1_42' title='bbox 1478 338 1574 381; x_wconf 85' lang='lat' dir='ltr'><strong>dili-</strong></span> 
     </span>
     <span class='ocr_line' id='line_1_6' title="bbox 109 395 1573 458; baseline -0.005 -14"><span class='ocrx_word' id='word_1_43' title='bbox 109 402 367 458; x_wconf 82' lang='lat' dir='ltr'><strong>gentissime.</strong></span> <span class='ocrx_word' id='word_1_44' title='bbox 420 400 528 442; x_wconf 84' lang='lat' dir='ltr'>Erat</span> <span class='ocrx_word' id='word_1_45' title='bbox 564 399 693 454; x_wconf 79' lang='lat' dir='ltr'><strong>igitur</strong></span> <span class='ocrx_word' id='word_1_46' title='bbox 720 400 766 440; x_wconf 87' lang='lat' dir='ltr'><strong>in</strong></span> <span class='ocrx_word' id='word_1_47' title='bbox 795 411 871 452; x_wconf 86' lang='lat' dir='ltr'><strong>ea,</strong></span> <span class='ocrx_word' id='word_1_48' title='bbox 917 410 1042 451; x_wconf 87' lang='lat' dir='ltr'><strong>quam</strong></span> <span class='ocrx_word' id='word_1_49' title='bbox 1071 411 1114 441; x_wconf 89' lang='lat' dir='ltr'><strong>x.</strong></span> <span class='ocrx_word' id='word_1_50' title='bbox 1137 396 1316 439; x_wconf 81' lang='lat' dir='ltr'>Kalend.</span> <span class='ocrx_word' id='word_1_51' title='bbox 1345 395 1474 438; x_wconf 85' lang='lat' dir='ltr'><strong>Febr.</strong></span> <span class='ocrx_word' id='word_1_52' title='bbox 1502 396 1573 438; x_wconf 88' lang='lat' dir='ltr'><strong>de-</strong></span> 
     </span>
     <span class='ocr_line' id='line_1_7' title="bbox 110 453 1576 511; baseline -0.007 -9"><span class='ocrx_word' id='word_1_53' title='bbox 110 462 252 511; x_wconf 85' lang='lat' dir='ltr'><strong>deras,</strong></span> <span class='ocrx_word' id='word_1_54' title='bbox 293 460 377 500; x_wconf 88' lang='lat' dir='ltr'><strong>hoc</strong></span> <span class='ocrx_word' id='word_1_55' title='bbox 405 458 553 500; x_wconf 79' lang='lat' dir='ltr'><strong>modo:</strong></span> <span class='ocrx_word' id='word_1_56' title='bbox 608 458 694 499; x_wconf 79' lang='lat' dir='ltr'><strong>Sed</strong></span> <span class='ocrx_word' id='word_1_57' title='bbox 721 458 961 506; x_wconf 71' lang='lat' dir='ltr'><strong>videamus,</strong></span> <span class='ocrx_word' id='word_1_58' title='bbox 1000 462 1043 497; x_wconf 81' lang='lat' dir='ltr'><strong>et</strong></span> <span class='ocrx_word' id='word_1_59' title='bbox 1076 457 1242 497; x_wconf 79' lang='lat' dir='ltr'><em>Gnaeus</em></span> <span class='ocrx_word' id='word_1_60' title='bbox 1265 453 1368 507; x_wconf 76' lang='lat' dir='ltr'><strong>quid</strong></span> <span class='ocrx_word' id='word_1_61' title='bbox 1393 459 1503 507; x_wconf 72' lang='lat' dir='ltr'><strong>agat</strong></span> <span class='ocrx_word' id='word_1_62' title='bbox 1533 459 1576 507; x_wconf 79' lang='lat' dir='ltr'><strong>et</strong></span> 
     </span>
     <span class='ocr_line' id='line_1_8' title="bbox 110 512 1576 569; baseline -0.006 -10"><span class='ocrx_word' id='word_1_63' title='bbox 110 522 227 559; x_wconf 81' lang='lat' dir='ltr'><strong>illius</strong></span> <span class='ocrx_word' id='word_1_64' title='bbox 255 520 448 557; x_wconf 79' lang='lat' dir='ltr'><strong>rationes</strong></span> <span class='ocrx_word' id='word_1_65' title='bbox 476 527 676 569; x_wconf 78' lang='lat' dir='ltr'><strong>quorsum</strong></span> <span class='ocrx_word' id='word_1_66' title='bbox 696 516 858 566; x_wconf 74' lang='lat' dir='ltr'><strong>fluant.</strong></span> <span class='ocrx_word' id='word_1_67' title='bbox 915 514 1038 565; x_wconf 80' lang='lat' dir='ltr'><strong>Quod</strong></span> <span class='ocrx_word' id='word_1_68' title='bbox 1063 515 1104 554; x_wconf 85' lang='lat' dir='ltr'><strong>si</strong></span> <span class='ocrx_word' id='word_1_69' title='bbox 1130 515 1208 553; x_wconf 79' lang='lat' dir='ltr'><strong>iste</strong></span> <span class='ocrx_word' id='word_1_70' title='bbox 1236 513 1416 553; x_wconf 79' lang='lat' dir='ltr'><strong>Italiam</strong></span> <span class='ocrx_word' id='word_1_71' title='bbox 1446 512 1576 551; x_wconf 76' lang='lat' dir='ltr'><strong>relin-</strong></span> 
     </span>
     <span class='ocr_line' id='line_1_9' title="bbox 110 563 1574 629; baseline -0.006 -14"><span class='ocrx_word' id='word_1_72' title='bbox 110 582 231 629; x_wconf 76' lang='lat' dir='ltr'><strong>quet,</strong></span> <span class='ocrx_word' id='word_1_73' title='bbox 264 574 407 625; x_wconf 78' lang='lat' dir='ltr'><strong>faciet</strong></span> <span class='ocrx_word' id='word_1_74' title='bbox 436 576 608 615; x_wconf 88' lang='lat' dir='ltr'><strong>omnino</strong></span> <span class='ocrx_word' id='word_1_75' title='bbox 638 573 753 612; x_wconf 80' lang='lat' dir='ltr'><strong>male</strong></span> <span class='ocrx_word' id='word_1_76' title='bbox 784 578 849 624; x_wconf 82' lang='lat' dir='ltr'><strong>et,</strong></span> <span class='ocrx_word' id='word_1_77' title='bbox 886 577 935 611; x_wconf 80' lang='lat' dir='ltr'><strong>ut</strong></span> <span class='ocrx_word' id='word_1_78' title='bbox 964 583 1043 625; x_wconf 86' lang='lat' dir='ltr'><strong>ego</strong></span> <span class='ocrx_word' id='word_1_79' title='bbox 1073 572 1288 618; x_wconf 71' lang='lat' dir='ltr'><strong>existimo,</strong></span> <span class='ocrx_word' id='word_1_80' title='bbox 1326 563 1574 615; x_wconf 75' lang='grc' dir='ltr'><em>ἅλογίστωςε</em></span> 
     </span>
     <span class='ocr_line' id='line_1_10' title="bbox 111 624 1576 673; baseline -0.007 0"><span class='ocrx_word' id='word_1_81' title='bbox 111 633 188 673; x_wconf 79' lang='lat' dir='ltr'><strong>sed</strong></span> <span class='ocrx_word' id='word_1_82' title='bbox 215 638 306 671; x_wconf 75' lang='lat' dir='ltr'><strong>tum</strong></span> <span class='ocrx_word' id='word_1_83' title='bbox 337 632 504 672; x_wconf 81' lang='lat' dir='ltr'><strong>demum</strong></span> <span class='ocrx_word' id='word_1_84' title='bbox 533 631 716 670; x_wconf 81' lang='lat' dir='ltr'><strong>consilia</strong></span> <span class='ocrx_word' id='word_1_85' title='bbox 755 633 907 669; x_wconf 77' lang='lat' dir='ltr'><strong>nostra</strong></span> <span class='ocrx_word' id='word_1_86' title='bbox 946 627 1249 669; x_wconf 81' lang='lat' dir='ltr'><strong>commutanda</strong></span> <span class='ocrx_word' id='word_1_87' title='bbox 1286 631 1424 666; x_wconf 72' lang='lat' dir='ltr'><strong>erunt.</strong></span> <span class='ocrx_word' id='word_1_88' title='bbox 1479 624 1576 665; x_wconf 81' lang='lat' dir='ltr'><strong>Hoc</strong></span> 
     </span>
     <span class='ocr_line' id='line_1_11' title="bbox 109 680 1575 739; baseline -0.006 -10"><span class='ocrx_word' id='word_1_89' title='bbox 109 687 264 729; x_wconf 80' lang='lat' dir='ltr'><strong>scribis</strong></span> <span class='ocrx_word' id='word_1_90' title='bbox 308 692 404 739; x_wconf 80' lang='lat' dir='ltr'><strong>post</strong></span> <span class='ocrx_word' id='word_1_91' title='bbox 449 687 562 726; x_wconf 89' lang='lat' dir='ltr'><strong>diem</strong></span> <span class='ocrx_word' id='word_1_92' title='bbox 606 685 826 737; x_wconf 81' lang='lat' dir='ltr'><strong>quartum,</strong></span> <span class='ocrx_word' id='word_1_93' title='bbox 879 694 1004 734; x_wconf 84' lang='lat' dir='ltr'><strong>quam</strong></span> <span class='ocrx_word' id='word_1_94' title='bbox 1042 682 1095 724; x_wconf 81' lang='lat' dir='ltr'><strong>ab</strong></span> <span class='ocrx_word' id='word_1_95' title='bbox 1142 683 1250 725; x_wconf 84' lang='lat' dir='ltr'><strong>urbe</strong></span> <span class='ocrx_word' id='word_1_96' title='bbox 1295 680 1575 723; x_wconf 86' lang='lat' dir='ltr'><strong>discessimus·</strong></span> 
     </span>
     <span class='ocr_line' id='line_1_12' title="bbox 35 740 1575 786; baseline -0.005 0"><span class='ocrx_word' id='word_1_97' title='bbox 35 778 41 781; x_wconf 89' lang='grc'><strong>.</strong></span> <span class='ocrx_word' id='word_1_98' title='bbox 109 744 275 786; x_wconf 79' lang='lat' dir='ltr'><strong>Deinde</strong></span> <span class='ocrx_word' id='word_1_99' title='bbox 308 756 409 786; x_wconf 85' lang='lat' dir='ltr'><strong>v111.</strong></span> <span class='ocrx_word' id='word_1_100' title='bbox 437 740 615 784; x_wconf 83' lang='lat' dir='ltr'><strong>Kalend.</strong></span> <span class='ocrx_word' id='word_1_101' title='bbox 650 740 800 784; x_wconf 85' lang='lat' dir='ltr'><strong>Febr.:</strong></span> <span class='ocrx_word' id='word_1_102' title='bbox 860 741 1171 782; x_wconf 80' lang='lat' dir='ltr'><em>Tantummodo</em></span> <span class='ocrx_word' id='word_1_103' title='bbox 1216 742 1383 782; x_wconf 79' lang='lat' dir='ltr'><strong>Gnaeus</strong></span> <span class='ocrx_word' id='word_1_104' title='bbox 1427 745 1575 780; x_wconf 81' lang='lat' dir='ltr'><strong>noster</strong></span> 
     </span>
     <span class='ocr_line' id='line_1_13' title="bbox 110 796 1573 850; baseline -0.005 -7"><span class='ocrx_word' id='word_1_105' title='bbox 110 816 187 850; x_wconf 80' lang='lat' dir='ltr'><strong>ne,</strong></span> <span class='ocrx_word' id='word_1_106' title='bbox 236 808 286 841; x_wconf 80' lang='lat' dir='ltr'><strong>ut</strong></span> <span class='ocrx_word' id='word_1_107' title='bbox 320 801 466 841; x_wconf 77' lang='lat' dir='ltr'><strong>arbem</strong></span> <span class='ocrx_word' id='word_1_108' title='bbox 503 796 728 846; x_wconf 74' lang='grc' dir='ltr'><em>ἀλογίστως</em></span> <span class='ocrx_word' id='word_1_109' title='bbox 769 801 968 850; x_wconf 77' lang='lat' dir='ltr'><strong>reliquit,</strong></span> <span class='ocrx_word' id='word_1_110' title='bbox 1016 800 1077 838; x_wconf 89' lang='lat' dir='ltr'><strong>sic</strong></span> <span class='ocrx_word' id='word_1_111' title='bbox 1114 798 1296 837; x_wconf 80' lang='lat' dir='ltr'><strong>Italiam</strong></span> <span class='ocrx_word' id='word_1_112' title='bbox 1338 798 1573 849; x_wconf 80' lang='lat' dir='ltr'><strong>relinquat.</strong></span> 
     </span>
     <span class='ocr_line' id='line_1_14' title="bbox 108 852 1577 908; baseline -0.005 -9"><span class='ocrx_word' id='word_1_113' title='bbox 108 858 271 900; x_wconf 84' lang='lat' dir='ltr'><strong>Eodem</strong></span> <span class='ocrx_word' id='word_1_114' title='bbox 301 857 371 897; x_wconf 85' lang='lat' dir='ltr'><strong>die</strong></span> <span class='ocrx_word' id='word_1_115' title='bbox 399 857 474 897; x_wconf 86' lang='lat' dir='ltr'><strong>das</strong></span> <span class='ocrx_word' id='word_1_116' title='bbox 502 856 683 908; x_wconf 83' lang='lat' dir='ltr'><strong>alteras,</strong></span> <span class='ocrx_word' id='word_1_117' title='bbox 729 854 885 906; x_wconf 88' lang='lat' dir='ltr'><strong>quibus</strong></span> <span class='ocrx_word' id='word_1_118' title='bbox 923 854 1031 895; x_wconf 87' lang='lat' dir='ltr'><strong>mihi</strong></span> <span class='ocrx_word' id='word_1_119' title='bbox 1060 853 1298 895; x_wconf 80' lang='lat' dir='ltr'><strong>consulenti</strong></span> <span class='ocrx_word' id='word_1_120' title='bbox 1328 852 1577 905; x_wconf 82' lang='lat' dir='ltr'><strong>planissime</strong></span> 
     </span>
     <span class='ocr_line' id='line_1_15' title="bbox 111 911 1575 967; baseline -0.005 -11"><span class='ocrx_word' id='word_1_121' title='bbox 111 914 354 967; x_wconf 83' lang='lat' dir='ltr'><strong>respondes.</strong></span> <span class='ocrx_word' id='word_1_122' title='bbox 421 913 499 954; x_wconf 81' lang='lat' dir='ltr'><strong>Est</strong></span> <span class='ocrx_word' id='word_1_123' title='bbox 536 913 650 953; x_wconf 90' lang='lat' dir='ltr'><strong>enim</strong></span> <span class='ocrx_word' id='word_1_124' title='bbox 684 911 769 953; x_wconf 85' lang='lat' dir='ltr'><strong>sic:</strong></span> <span class='ocrx_word' id='word_1_125' title='bbox 820 912 907 952; x_wconf 83' lang='lat' dir='ltr'><strong>Sed</strong></span> <span class='ocrx_word' id='word_1_126' title='bbox 945 914 1069 954; x_wconf 87' lang='lat' dir='ltr'><strong>venio</strong></span> <span class='ocrx_word' id='word_1_127' title='bbox 1117 912 1178 952; x_wconf 85' lang='lat' dir='ltr'><strong>ad</strong></span> <span class='ocrx_word' id='word_1_128' title='bbox 1216 912 1575 951; x_wconf 78' lang='lat' dir='ltr'><strong>consultationem</strong></span> 
     </span>
     <span class='ocr_line' id='line_1_16' title="bbox 109 967 1574 1020; baseline -0.006 -6"><span class='ocrx_word' id='word_1_129' title='bbox 109 979 247 1016; x_wconf 68' lang='lat' dir='ltr'><strong>ticam.</strong></span> <span class='ocrx_word' id='word_1_130' title='bbox 306 973 357 1013; x_wconf 83' lang='lat' dir='ltr'><strong>Si</strong></span> <span class='ocrx_word' id='word_1_131' title='bbox 377 972 544 1013; x_wconf 78' lang='lat' dir='ltr'><strong>Gnaeus</strong></span> <span class='ocrx_word' id='word_1_132' title='bbox 564 973 704 1012; x_wconf 75' lang='lat' dir='ltr'><strong>Italia</strong></span> <span class='ocrx_word' id='word_1_133' title='bbox 732 970 867 1020; x_wconf 80' lang='lat' dir='ltr'><strong>cedit,</strong></span> <span class='ocrx_word' id='word_1_134' title='bbox 904 971 950 1009; x_wconf 82' lang='lat' dir='ltr'><strong>in</strong></span> <span class='ocrx_word' id='word_1_135' title='bbox 978 969 1125 1009; x_wconf 81' lang='lat' dir='ltr'><strong>urbem</strong></span> <span class='ocrx_word' id='word_1_136' title='bbox 1155 967 1415 1007; x_wconf 76' lang='lat' dir='ltr'><strong>redeundum</strong></span> <span class='ocrx_word' id='word_1_137' title='bbox 1439 972 1574 1018; x_wconf 74' lang='lat' dir='ltr'><strong>puto.-</strong></span> 
     </span>
     <span class='ocr_line' id='line_1_17' title="bbox 109 1021 1575 1083; baseline -0.008 -12"><span class='ocrx_word' id='word_1_138' title='bbox 109 1044 220 1083; x_wconf 79' lang='lat' dir='ltr'><strong>qaae</strong></span> <span class='ocrx_word' id='word_1_139' title='bbox 259 1032 372 1072; x_wconf 82' lang='lat' dir='ltr'><strong>enim</strong></span> <span class='ocrx_word' id='word_1_140' title='bbox 402 1031 506 1081; x_wconf 86' lang='lat' dir='ltr'><strong>finis</strong></span> <span class='ocrx_word' id='word_1_141' title='bbox 540 1028 939 1081; x_wconf 74' lang='lat' dir='ltr'><strong>peregrinationis?</strong></span> <span class='ocrx_word' id='word_1_142' title='bbox 996 1025 1092 1065; x_wconf 91' lang='lat' dir='ltr'><strong>Hoc</strong></span> <span class='ocrx_word' id='word_1_143' title='bbox 1130 1024 1235 1064; x_wconf 91' lang='lat' dir='ltr'><strong>mihi</strong></span> <span class='ocrx_word' id='word_1_144' title='bbox 1261 1024 1390 1075; x_wconf 82' lang='lat' dir='ltr'><strong>plane</strong></span> <span class='ocrx_word' id='word_1_145' title='bbox 1418 1021 1575 1062; x_wconf 82' lang='lat' dir='ltr'><strong>haesit:</strong></span> 
     </span>
     <span class='ocr_line' id='line_1_18' title="bbox 110 1078 1578 1135; baseline -0.006 -8"><span class='ocrx_word' id='word_1_146' title='bbox 110 1089 155 1127; x_wconf 81' lang='lat' dir='ltr'><strong>et</strong></span> <span class='ocrx_word' id='word_1_147' title='bbox 191 1098 307 1127; x_wconf 88' lang='lat' dir='ltr'><strong>nunc</strong></span> <span class='ocrx_word' id='word_1_148' title='bbox 343 1084 406 1125; x_wconf 80' lang='lat' dir='ltr'><strong>ita</strong></span> <span class='ocrx_word' id='word_1_149' title='bbox 449 1084 596 1135; x_wconf 81' lang='lat' dir='ltr'><strong>videO,</strong></span> <span class='ocrx_word' id='word_1_150' title='bbox 646 1082 859 1123; x_wconf 88' lang='lat' dir='ltr'><strong>infinitum</strong></span> <span class='ocrx_word' id='word_1_151' title='bbox 904 1081 1066 1121; x_wconf 92' lang='lat' dir='ltr'><strong>bellum</strong></span> <span class='ocrx_word' id='word_1_152' title='bbox 1106 1079 1299 1121; x_wconf 85' lang='lat' dir='ltr'><strong>iunctum</strong></span> <span class='ocrx_word' id='word_1_153' title='bbox 1336 1078 1578 1119; x_wconf 82' lang='lat' dir='ltr'><strong>miserrima</strong></span> 
     </span>
     <span class='ocr_line' id='line_1_19' title="bbox 58 1133 1576 1196; baseline -0.009 -11"><span class='ocrx_word' id='word_1_154' title='bbox 58 1151 88 1194; x_wconf 80' lang='lat'>5</span> <span class='ocrx_word' id='word_1_155' title='bbox 110 1145 231 1196; x_wconf 80' lang='lat' dir='ltr'><strong>fuga:</strong></span> <span class='ocrx_word' id='word_1_156' title='bbox 264 1153 390 1194; x_wconf 89' lang='lat' dir='ltr'><strong>quam</strong></span> <span class='ocrx_word' id='word_1_157' title='bbox 411 1142 458 1182; x_wconf 80' lang='lat' dir='ltr'><strong>tu</strong></span> <span class='ocrx_word' id='word_1_158' title='bbox 480 1138 869 1193; x_wconf 80' lang='lat' dir='ltr'><strong>peregrinationem</strong></span> <span class='ocrx_word' id='word_1_159' title='bbox 895 1136 1128 1185; x_wconf 76' lang='grc' dir='ltr'><strong>ὑποκορίζῃ.</strong></span> <span class='ocrx_word' id='word_1_160' title='bbox 1177 1136 1383 1187; x_wconf 85' lang='lat' dir='ltr'><strong>Sequitur</strong></span> <span class='ocrx_word' id='word_1_161' title='bbox 1398 1133 1576 1184; x_wconf 78' lang='grc' dir='ltr'>χρησμός</span> 
     </span>
     <span class='ocr_line' id='line_1_20' title="bbox 110 1195 1578 1249; baseline -0.007 -6"><span class='ocrx_word' id='word_1_162' title='bbox 110 1213 172 1243; x_wconf 80' lang='lat' dir='ltr'><strong>VI.</strong></span> <span class='ocrx_word' id='word_1_163' title='bbox 200 1198 382 1242; x_wconf 86' lang='lat' dir='ltr'><strong>Kalend.</strong></span> <span class='ocrx_word' id='word_1_164' title='bbox 410 1197 636 1238; x_wconf 73' lang='lat' dir='ltr'><strong>Februan:</strong></span> <span class='ocrx_word' id='word_1_165' title='bbox 682 1198 806 1249; x_wconf 83' lang='lat' dir='ltr'><strong>Ego,</strong></span> <span class='ocrx_word' id='word_1_166' title='bbox 847 1197 887 1234; x_wconf 86' lang='lat' dir='ltr'><strong>si</strong></span> <span class='ocrx_word' id='word_1_167' title='bbox 915 1196 1141 1247; x_wconf 80' lang='lat' dir='ltr'><strong>Pompeius</strong></span> <span class='ocrx_word' id='word_1_168' title='bbox 1178 1200 1325 1234; x_wconf 81' lang='lat' dir='ltr'><strong>manet</strong></span> <span class='ocrx_word' id='word_1_169' title='bbox 1361 1197 1407 1234; x_wconf 89' lang='lat' dir='ltr'><strong>in</strong></span> <span class='ocrx_word' id='word_1_170' title='bbox 1436 1195 1578 1233; x_wconf 81' lang='lat' dir='ltr'><strong>Italia</strong></span> 
     </span>
     <span class='ocr_line' id='line_1_21' title="bbox 108 1250 1578 1306; baseline -0.007 -7"><span class='ocrx_word' id='word_1_171' title='bbox 108 1272 186 1299; x_wconf 77' lang='lat' dir='ltr'><strong>nec</strong></span> <span class='ocrx_word' id='word_1_172' title='bbox 213 1271 283 1297; x_wconf 84' lang='lat' dir='ltr'><strong>res</strong></span> <span class='ocrx_word' id='word_1_173' title='bbox 311 1256 372 1296; x_wconf 82' lang='lat' dir='ltr'><strong>ad</strong></span> <span class='ocrx_word' id='word_1_174' title='bbox 394 1259 637 1306; x_wconf 82' lang='lat' dir='ltr'><strong>pactionem</strong></span> <span class='ocrx_word' id='word_1_175' title='bbox 667 1256 807 1301; x_wconf 84' lang='lat' dir='ltr'><strong>venit,</strong></span> <span class='ocrx_word' id='word_1_176' title='bbox 836 1254 1008 1305; x_wconf 83' lang='lat' dir='ltr'><strong>longius</strong></span> <span class='ocrx_word' id='word_1_177' title='bbox 1039 1252 1195 1291; x_wconf 79' lang='lat' dir='ltr'><strong>bellum</strong></span> <span class='ocrx_word' id='word_1_178' title='bbox 1220 1256 1324 1301; x_wconf 81' lang='lat' dir='ltr'><strong>puto</strong></span> <span class='ocrx_word' id='word_1_179' title='bbox 1347 1250 1480 1300; x_wconf 80' lang='lat' dir='ltr'><strong>fore.-</strong></span> <span class='ocrx_word' id='word_1_180' title='bbox 1508 1254 1578 1289; x_wconf 84' lang='lat' dir='ltr'><strong>sin</strong></span> 
     </span>
     <span class='ocr_line' id='line_1_22' title="bbox 107 1303 1578 1364; baseline -0.006 -9"><span class='ocrx_word' id='word_1_181' title='bbox 107 1316 294 1355; x_wconf 81' lang='lat' dir='ltr'><strong>Italiam</strong></span> <span class='ocrx_word' id='word_1_182' title='bbox 323 1313 552 1364; x_wconf 77' lang='lat' dir='ltr'><strong>relinquit,</strong></span> <span class='ocrx_word' id='word_1_183' title='bbox 597 1309 659 1350; x_wconf 79' lang='lat' dir='ltr'><strong>ad</strong></span> <span class='ocrx_word' id='word_1_184' title='bbox 679 1314 902 1362; x_wconf 76' lang='lat' dir='ltr'><strong>posterum</strong></span> <span class='ocrx_word' id='word_1_185' title='bbox 933 1308 1088 1347; x_wconf 81' lang='lat' dir='ltr'><strong>bellum</strong></span> <span class='ocrx_word' id='word_1_186' title='bbox 1115 1303 1325 1345; x_wconf 78' lang='grc' dir='ltr'><em>ἄσπονδον</em></span> <span class='ocrx_word' id='word_1_187' title='bbox 1352 1309 1467 1347; x_wconf 77' lang='lat' dir='ltr'><strong>strui</strong></span> <span class='ocrx_word' id='word_1_188' title='bbox 1493 1310 1578 1346; x_wconf 82' lang='lat' dir='ltr'><strong>exi-</strong></span> 
     </span>
    </p>
   </div>
   <div class='ocr_carea' id='block_1_3' title="bbox 112 1392 1570 1410">
    <p class='ocr_par' dir='ltr' id='par_1_3' title="bbox 112 1392 1570 1410">
     <span class='ocr_line' id='line_1_23' title="bbox 112 1392 1570 1410; baseline 0 1633"><span class='ocrx_word' id='word_1_189' title='bbox 112 1392 1570 1410; x_wconf 95' lang='lat' dir='ltr'><strong> </strong></span> 
     </span>
    </p>
   </div>
   <div class='ocr_carea' id='block_1_4' title="bbox 108 1429 1584 1942">
    <p class='ocr_par' dir='ltr' id='par_1_4' title="bbox 108 1429 1581 1756">
     <span class='ocr_line' id='line_1_24' title="bbox 109 1429 1576 1478; baseline -0.006 -7"><span class='ocrx_word' id='word_1_190' title='bbox 109 1443 152 1475; x_wconf 82' lang='lat' dir='ltr'><strong>ut</strong></span> <span class='ocrx_word' id='word_1_191' title='bbox 176 1443 234 1471; x_wconf 87' lang='lat' dir='ltr'><strong>est</strong></span> <span class='ocrx_word' id='word_1_192' title='bbox 262 1435 346 1470; x_wconf 84' lang='lat' dir='ltr'><strong>Lib.</strong></span> <span class='ocrx_word' id='word_1_193' title='bbox 364 1436 428 1478; x_wconf 88' lang='lat'><strong>10,</strong></span> <span class='ocrx_word' id='word_1_194' title='bbox 460 1435 504 1476; x_wconf 84' lang='lat'><strong>1,</strong></span> <span class='ocrx_word' id='word_1_195' title='bbox 528 1433 565 1467; x_wconf 85' lang='lat'><strong>4.</strong></span> <span class='ocrx_word' id='word_1_196' title='bbox 613 1432 691 1466; x_wconf 84' lang='lat' dir='ltr'><strong>sive</strong></span> <span class='ocrx_word' id='word_1_197' title='bbox 717 1431 885 1476; x_wconf 83' lang='lat' dir='ltr'><strong>periculo</strong></span> <span class='ocrx_word' id='word_1_198' title='bbox 930 1429 1008 1465; x_wconf 88' lang='lat' dir='ltr'><strong>Md.</strong></span> <span class='ocrx_word' id='word_1_199' title='bbox 1047 1429 1147 1465; x_wconf 77' lang='lat' dir='ltr'><strong>Vict.</strong></span> <span class='ocrx_word' id='word_1_200' title='bbox 1180 1431 1212 1464; x_wconf 88' lang='lat'><strong>1.</strong></span> <span class='ocrx_word' id='word_1_201' title='bbox 1243 1429 1280 1463; x_wconf 85' lang='lat'><strong>2.</strong></span> <span class='ocrx_word' id='word_1_202' title='bbox 1319 1429 1445 1464; x_wconf 92' lang='lat' dir='ltr'><strong>Lamb.</strong></span> <span class='ocrx_word' id='word_1_203' title='bbox 1472 1429 1576 1464; x_wconf 83' lang='lat'><strong>1566.</strong></span> 
     </span>
     <span class='ocr_line' id='line_1_25' title="bbox 109 1475 1577 1526; baseline -0.007 -7"><span class='ocrx_word' id='word_1_204' title='bbox 109 1486 146 1519; x_wconf 77' lang='grc' dir='ltr'><strong>εἰ</strong></span> <span class='ocrx_word' id='word_1_205' title='bbox 161 1484 218 1518; x_wconf 87' lang='lat' dir='ltr'><strong>vel</strong></span> <span class='ocrx_word' id='word_1_206' title='bbox 229 1481 394 1526; x_wconf 76' lang='lat' dir='ltr'><strong>periculo</strong></span> <span class='ocrx_word' id='word_1_207' title='bbox 419 1480 466 1514; x_wconf 87' lang='lat' dir='ltr'><strong>de</strong></span> <span class='ocrx_word' id='word_1_208' title='bbox 482 1479 642 1516; x_wconf 78' lang='lat' dir='ltr'><strong>Corradi</strong></span> <span class='ocrx_word' id='word_1_209' title='bbox 667 1484 705 1513; x_wconf 85' lang='lat' dir='ltr'><strong>et</strong></span> <span class='ocrx_word' id='word_1_210' title='bbox 720 1477 856 1513; x_wconf 77' lang='lat' dir='ltr'><strong>Faerni</strong></span> <span class='ocrx_word' id='word_1_211' title='bbox 878 1475 1062 1512; x_wconf 83' lang='lat' dir='ltr'><strong>sententia</strong></span> <span class='ocrx_word' id='word_1_212' title='bbox 1088 1476 1225 1510; x_wconf 88' lang='lat' dir='ltr'><strong>Graev.</strong></span> <span class='ocrx_word' id='word_1_213' title='bbox 1251 1475 1342 1509; x_wconf 85' lang='lat' dir='ltr'><strong>Ern.</strong></span> <span class='ocrx_word' id='word_1_214' title='bbox 1368 1475 1454 1510; x_wconf 87' lang='lat' dir='ltr'><strong>Sch.</strong></span> <span class='ocrx_word' id='word_1_215' title='bbox 1480 1476 1577 1509; x_wconf 81' lang='lat' dir='ltr'><strong>Liin.</strong></span> 
     </span>
     <span class='ocr_line' id='line_1_26' title="bbox 109 1523 1579 1574; baseline -0.007 -9"><span class='ocrx_word' id='word_1_216' title='bbox 109 1530 189 1566; x_wconf 79' lang='lat' dir='ltr'><strong>Sed</strong></span> <span class='ocrx_word' id='word_1_217' title='bbox 205 1529 300 1565; x_wconf 84' lang='lat' dir='ltr'><strong>cdd.</strong></span> <span class='ocrx_word' id='word_1_218' title='bbox 327 1527 460 1574; x_wconf 81' lang='lat' dir='ltr'><strong>optimi</strong></span> <span class='ocrx_word' id='word_1_219' title='bbox 483 1525 662 1560; x_wconf 84' lang='lat' dir='ltr'><strong>audiendi</strong></span> <span class='ocrx_word' id='word_1_220' title='bbox 685 1530 802 1558; x_wconf 81' lang='lat' dir='ltr'><strong>erant.</strong></span> <span class='ocrx_word' id='word_1_221' title='bbox 840 1527 918 1558; x_wconf 79' lang='lat' dir='ltr'><strong>sine</strong></span> <span class='ocrx_word' id='word_1_222' title='bbox 937 1523 1106 1568; x_wconf 81' lang='lat' dir='ltr'><strong>periculo</strong></span> <span class='ocrx_word' id='word_1_223' title='bbox 1141 1523 1226 1556; x_wconf 85' lang='lat' dir='ltr'><strong>Asc.</strong></span> <span class='ocrx_word' id='word_1_224' title='bbox 1244 1523 1273 1556; x_wconf 90' lang='lat'><strong>1.</strong></span> <span class='ocrx_word' id='word_1_225' title='bbox 1302 1523 1402 1557; x_wconf 85' lang='lat' dir='ltr'><strong>Crat.</strong></span> <span class='ocrx_word' id='word_1_226' title='bbox 1441 1523 1579 1556; x_wconf 87' lang='lat' dir='ltr'><strong>Omnes</strong></span> 
     </span>
     <span class='ocr_line' id='line_1_27' title="bbox 108 1566 1581 1615; baseline -0.007 -4"><span class='ocrx_word' id='word_1_227' title='bbox 108 1577 176 1612; x_wconf 79' lang='lat' dir='ltr'><strong>isti</strong></span> <span class='ocrx_word' id='word_1_228' title='bbox 201 1585 350 1610; x_wconf 89' lang='lat' dir='ltr'><strong>errores</strong></span> <span class='ocrx_word' id='word_1_229' title='bbox 374 1572 450 1608; x_wconf 81' lang='lat' dir='ltr'><strong>nati</strong></span> <span class='ocrx_word' id='word_1_230' title='bbox 476 1570 580 1615; x_wconf 73' lang='lat' dir='ltr'><strong>sunt,</strong></span> <span class='ocrx_word' id='word_1_231' title='bbox 613 1576 655 1606; x_wconf 90' lang='lat' dir='ltr'><strong>ut</strong></span> <span class='ocrx_word' id='word_1_232' title='bbox 677 1581 791 1614; x_wconf 83' lang='lat' dir='ltr'><strong>saepe</strong></span> <span class='ocrx_word' id='word_1_233' title='bbox 815 1570 950 1603; x_wconf 81' lang='lat' dir='ltr'><strong>factum</strong></span> <span class='ocrx_word' id='word_1_234' title='bbox 975 1574 1032 1603; x_wconf 85' lang='lat' dir='ltr'><strong>est</strong></span> <span class='ocrx_word' id='word_1_235' title='bbox 1055 1568 1092 1602; x_wconf 90' lang='lat' dir='ltr'><strong>in</strong></span> <span class='ocrx_word' id='word_1_236' title='bbox 1110 1568 1317 1607; x_wconf 83' lang='lat' dir='ltr'><strong>similibus,</strong></span> <span class='ocrx_word' id='word_1_237' title='bbox 1349 1579 1399 1602; x_wconf 83' lang='lat' dir='ltr'><strong>ex</strong></span> <span class='ocrx_word' id='word_1_238' title='bbox 1423 1578 1498 1601; x_wconf 89' lang='lat' dir='ltr'><strong>non</strong></span> <span class='ocrx_word' id='word_1_239' title='bbox 1523 1566 1581 1601; x_wconf 85' lang='lat' dir='ltr'><strong>in-</strong></span> 
     </span>
     <span class='ocr_line' id='line_1_28' title="bbox 112 1613 1577 1665; baseline -0.007 -8"><span class='ocrx_word' id='word_1_240' title='bbox 112 1623 266 1659; x_wconf 77' lang='lat' dir='ltr'><strong>tellecto</strong></span> <span class='ocrx_word' id='word_1_241' title='bbox 293 1621 361 1655; x_wconf 92' lang='lat' dir='ltr'><strong>illo</strong></span> <span class='ocrx_word' id='word_1_242' title='bbox 385 1620 442 1654; x_wconf 79' lang='lat' dir='ltr'><strong>vel</strong></span> <span class='ocrx_word' id='word_1_243' title='bbox 467 1619 669 1665; x_wconf 71' lang='grc' dir='ltr'><strong>ἓπιτατικῷ.</strong></span> <span class='ocrx_word' id='word_1_244' title='bbox 710 1615 776 1650; x_wconf 86' lang='lat' dir='ltr'><strong>Sic</strong></span> <span class='ocrx_word' id='word_1_245' title='bbox 800 1616 882 1649; x_wconf 80' lang='lat' dir='ltr'><strong>Lib.</strong></span> <span class='ocrx_word' id='word_1_246' title='bbox 901 1617 963 1658; x_wconf 88' lang='lat'><strong>10,</strong></span> <span class='ocrx_word' id='word_1_247' title='bbox 991 1617 1029 1654; x_wconf 91' lang='lat'><strong>1,</strong></span> <span class='ocrx_word' id='word_1_248' title='bbox 1055 1615 1078 1648; x_wconf 87' lang='lat'>4</span> <span class='ocrx_word' id='word_1_249' title='bbox 1114 1615 1181 1649; x_wconf 89' lang='lat' dir='ltr'><strong>Cd.</strong></span> <span class='ocrx_word' id='word_1_250' title='bbox 1207 1614 1334 1650; x_wconf 87' lang='lat' dir='ltr'><strong>Ursin.</strong></span> <span class='ocrx_word' id='word_1_251' title='bbox 1360 1614 1400 1648; x_wconf 92' lang='lat' dir='ltr'><strong>id</strong></span> <span class='ocrx_word' id='word_1_252' title='bbox 1426 1613 1577 1648; x_wconf 82' lang='lat' dir='ltr'><strong>omittit.</strong></span> 
     </span>
     <span class='ocr_line' id='line_1_29' title="bbox 112 1659 1578 1712; baseline -0.007 -9"><span class='ocrx_word' id='word_1_253' title='bbox 112 1668 313 1704; x_wconf 84' lang='lat' dir='ltr'><strong><em>ORELLI.</em></strong></span> <span class='ocrx_word' id='word_1_254' title='bbox 338 1686 383 1694; x_wconf 88' lang='lat'><strong>-—-</strong></span> <span class='ocrx_word' id='word_1_255' title='bbox 431 1667 593 1712; x_wconf 79' lang='lat' dir='ltr'><strong>oportuit</strong></span> <span class='ocrx_word' id='word_1_256' title='bbox 614 1675 662 1697; x_wconf 91' lang='lat'>=</span> <span class='ocrx_word' id='word_1_257' title='bbox 683 1661 745 1696; x_wconf 90' lang='lat' dir='ltr'><strong>ich</strong></span> <span class='ocrx_word' id='word_1_258' title='bbox 770 1661 903 1696; x_wconf 67' lang='lat' dir='ltr'><strong>hatte</strong></span> <span class='ocrx_word' id='word_1_259' title='bbox 928 1671 968 1694; x_wconf 79' lang='lat' dir='ltr'><strong>es</strong></span> <span class='ocrx_word' id='word_1_260' title='bbox 992 1659 1187 1694; x_wconf 80' lang='lat' dir='ltr'><strong>vielleicht</strong></span> <span class='ocrx_word' id='word_1_261' title='bbox 1212 1661 1302 1694; x_wconf 89' lang='lat' dir='ltr'><strong>eher</strong></span> <span class='ocrx_word' id='word_1_262' title='bbox 1326 1661 1417 1694; x_wconf 78' lang='lat' dir='ltr'><strong>thun</strong></span> <span class='ocrx_word' id='word_1_263' title='bbox 1441 1661 1578 1695; x_wconf 83' lang='lat' dir='ltr'><strong>sollen.</strong></span> 
     </span>
     <span class='ocr_line' id='line_1_30' title="bbox 112 1706 1580 1756; baseline -0.007 -6"><span class='ocrx_word' id='word_1_264' title='bbox 112 1715 152 1752; x_wconf 86' lang='lat' dir='ltr'><strong>S.</strong></span> <span class='ocrx_word' id='word_1_265' title='bbox 167 1714 318 1750; x_wconf 81' lang='lat' dir='ltr'><strong>Ramsh.</strong></span> <span class='ocrx_word' id='word_1_266' title='bbox 344 1713 373 1756; x_wconf 64' lang='grc' dir='ltr'><strong>ἕ.</strong></span> <span class='ocrx_word' id='word_1_267' title='bbox 392 1714 473 1756; x_wconf 87' lang='grc'><strong>166,</strong></span> <span class='ocrx_word' id='word_1_268' title='bbox 497 1712 533 1755; x_wconf 90' lang='grc'><strong>2,</strong></span> <span class='ocrx_word' id='word_1_269' title='bbox 559 1721 592 1753; x_wconf 87' lang='lat' dir='ltr'><strong>c,</strong></span> <span class='ocrx_word' id='word_1_270' title='bbox 616 1709 662 1745; x_wconf 87' lang='lat' dir='ltr'><strong>N.</strong></span> <span class='ocrx_word' id='word_1_271' title='bbox 693 1708 840 1744; x_wconf 85' lang='lat' dir='ltr'><strong>Grotef.</strong></span> <span class='ocrx_word' id='word_1_272' title='bbox 866 1708 896 1751; x_wconf 85' lang='lat'><strong>§.</strong></span> <span class='ocrx_word' id='word_1_273' title='bbox 914 1706 992 1742; x_wconf 75' lang='lat'><strong>184.</strong></span> <span class='ocrx_word' id='word_1_274' title='bbox 1017 1724 1062 1732; x_wconf 92' lang='lat'><em>-</em></span> <span class='ocrx_word' id='word_1_275' title='bbox 1108 1707 1332 1750; x_wconf 46' lang='lat' dir='ltr'><strong>auctorata,</strong></span> <span class='ocrx_word' id='word_1_276' title='bbox 1358 1706 1580 1741; x_wconf 83' lang='lat' dir='ltr'><strong>Gutachten.</strong></span> 
     </span>
    </p>

    <p class='ocr_par' dir='ltr' id='par_1_5' title="bbox 112 1752 1584 1942">
     <span class='ocr_line' id='line_1_31' title="bbox 203 1752 1580 1804; baseline -0.007 -9"><span class='ocrx_word' id='word_1_277' title='bbox 203 1760 240 1795; x_wconf 80' lang='lat'><strong>4.</strong></span> <span class='ocrx_word' id='word_1_278' title='bbox 275 1770 384 1804; x_wconf 85' lang='lat' dir='ltr'><strong>quum</strong></span> <span class='ocrx_word' id='word_1_279' title='bbox 410 1785 419 1793; x_wconf 86' lang='lat'><strong>.</strong></span> <span class='ocrx_word' id='word_1_280' title='bbox 440 1785 448 1793; x_wconf 93' lang='lat'><strong>.</strong></span> <span class='ocrx_word' id='word_1_281' title='bbox 466 1783 476 1793; x_wconf 88' lang='lat'><strong>.</strong></span> <span class='ocrx_word' id='word_1_282' title='bbox 500 1759 700 1799; x_wconf 80' lang='lat' dir='ltr'><strong>venissem,</strong></span> <span class='ocrx_word' id='word_1_283' title='bbox 740 1755 797 1790; x_wconf 84' lang='lat' dir='ltr'><strong>als</strong></span> <span class='ocrx_word' id='word_1_284' title='bbox 828 1753 890 1789; x_wconf 88' lang='lat' dir='ltr'><strong>ich</strong></span> <span class='ocrx_word' id='word_1_285' title='bbox 920 1764 961 1788; x_wconf 86' lang='lat' dir='ltr'><strong>so</strong></span> <span class='ocrx_word' id='word_1_286' title='bbox 992 1752 1081 1786; x_wconf 83' lang='lat' dir='ltr'><strong>weit</strong></span> <span class='ocrx_word' id='word_1_287' title='bbox 1113 1753 1363 1796; x_wconf 79' lang='lat' dir='ltr'><strong>geschrieben</strong></span> <span class='ocrx_word' id='word_1_288' title='bbox 1387 1753 1501 1787; x_wconf 84' lang='lat' dir='ltr'><strong>hatte.</strong></span> <span class='ocrx_word' id='word_1_289' title='bbox 1534 1770 1580 1777; x_wconf 89' lang='lat'>—</span> 
     </span>
     <span class='ocr_line' id='line_1_32' title="bbox 112 1798 1581 1847; baseline -0.006 -6"><span class='ocrx_word' id='word_1_290' title='bbox 112 1807 251 1847; x_wconf 79' lang='lat' dir='ltr'><strong>evolvi,</strong></span> <span class='ocrx_word' id='word_1_291' title='bbox 283 1806 331 1840; x_wconf 87' lang='lat' dir='ltr'><strong>da</strong></span> <span class='ocrx_word' id='word_1_292' title='bbox 354 1805 469 1839; x_wconf 84' lang='lat' dir='ltr'><strong>rollte</strong></span> <span class='ocrx_word' id='word_1_293' title='bbox 492 1804 554 1838; x_wconf 83' lang='lat' dir='ltr'><strong>ich</strong></span> <span class='ocrx_word' id='word_1_294' title='bbox 578 1803 625 1836; x_wconf 83' lang='lat' dir='ltr'><strong>ab</strong></span> <span class='ocrx_word' id='word_1_295' title='bbox 650 1801 686 1836; x_wconf 88' lang='lat' dir='ltr'><strong>d.</strong></span> <span class='ocrx_word' id='word_1_296' title='bbox 709 1801 735 1836; x_wconf 87' lang='lat' dir='ltr'><strong>i.</strong></span> <span class='ocrx_word' id='word_1_297' title='bbox 761 1801 810 1835; x_wconf 86' lang='lat' dir='ltr'><strong>da</strong></span> <span class='ocrx_word' id='word_1_298' title='bbox 834 1799 1128 1834; x_wconf 66' lang='lat' dir='ltr'><strong>durchbliitterte</strong></span> <span class='ocrx_word' id='word_1_299' title='bbox 1153 1798 1213 1832; x_wconf 92' lang='lat' dir='ltr'><strong>ich</strong></span> <span class='ocrx_word' id='word_1_300' title='bbox 1239 1798 1302 1832; x_wconf 89' lang='lat' dir='ltr'><strong>die</strong></span> <span class='ocrx_word' id='word_1_301' title='bbox 1326 1799 1441 1833; x_wconf 89' lang='lat' dir='ltr'><strong>Rolle</strong></span> <span class='ocrx_word' id='word_1_302' title='bbox 1465 1798 1581 1832; x_wconf 85' lang='lat' dir='ltr'><strong>oder</strong></span> 
     </span>
     <span class='ocr_line' id='line_1_33' title="bbox 113 1844 1584 1896; baseline -0.007 -8"><span class='ocrx_word' id='word_1_303' title='bbox 113 1852 331 1896; x_wconf 86' lang='lat' dir='ltr'><strong>Sammlung</strong></span> <span class='ocrx_word' id='word_1_304' title='bbox 353 1851 499 1886; x_wconf 87' lang='lat' dir='ltr'><strong>Deiner</strong></span> <span class='ocrx_word' id='word_1_305' title='bbox 523 1849 665 1884; x_wconf 85' lang='lat' dir='ltr'><strong>Briese.</strong></span> <span class='ocrx_word' id='word_1_306' title='bbox 698 1866 742 1874; x_wconf 87' lang='lat'><strong>--</strong></span> <span class='ocrx_word' id='word_1_307' title='bbox 788 1846 839 1882; x_wconf 89' lang='lat' dir='ltr'><strong>X.</strong></span> <span class='ocrx_word' id='word_1_308' title='bbox 864 1847 956 1881; x_wconf 87' lang='lat' dir='ltr'><strong>Kal.</strong></span> <span class='ocrx_word' id='word_1_309' title='bbox 982 1845 1109 1888; x_wconf 60' lang='lat' dir='ltr'><strong>Febr„</strong></span> <span class='ocrx_word' id='word_1_310' title='bbox 1147 1855 1204 1878; x_wconf 87' lang='lat' dir='ltr'><strong>am</strong></span> <span class='ocrx_word' id='word_1_311' title='bbox 1228 1845 1286 1879; x_wconf 91' lang='grc'><strong>23.</strong></span> <span class='ocrx_word' id='word_1_312' title='bbox 1307 1845 1456 1879; x_wconf 84' lang='lat' dir='ltr'><strong>Ianuar.</strong></span> <span class='ocrx_word' id='word_1_313' title='bbox 1495 1844 1584 1880; x_wconf 89' lang='lat' dir='ltr'><strong>XII</strong></span> 
     </span>
     <span class='ocr_line' id='line_1_34' title="bbox 113 1890 1578 1942; baseline -0.007 -8"><span class='ocrx_word' id='word_1_314' title='bbox 113 1911 165 1934; x_wconf 85' lang='lat' dir='ltr'><strong>ex</strong></span> <span class='ocrx_word' id='word_1_315' title='bbox 187 1900 274 1933; x_wconf 88' lang='lat' dir='ltr'><strong>Lib.</strong></span> <span class='ocrx_word' id='word_1_316' title='bbox 294 1901 334 1940; x_wconf 88' lang='lat'><strong>7,</strong></span> <span class='ocrx_word' id='word_1_317' title='bbox 361 1898 433 1942; x_wconf 88' lang='lat' dir='ltr'><strong>Ep.</strong></span> <span class='ocrx_word' id='word_1_318' title='bbox 454 1897 489 1930; x_wconf 84' lang='lat'><strong>2.</strong></span> <span class='ocrx_word' id='word_1_319' title='bbox 523 1895 606 1931; x_wconf 88' lang='lat' dir='ltr'><strong>init.</strong></span> <span class='ocrx_word' id='word_1_320' title='bbox 642 1892 861 1929; x_wconf 85' lang='lat' dir='ltr'><strong>emendabat</strong></span> <span class='ocrx_word' id='word_1_321' title='bbox 885 1892 1055 1927; x_wconf 87' lang='lat' dir='ltr'><strong>Ciaccon.</strong></span> <span class='ocrx_word' id='word_1_322' title='bbox 1092 1890 1152 1926; x_wconf 85' lang='lat' dir='ltr'><strong>ad.</strong></span> <span class='ocrx_word' id='word_1_323' title='bbox 1179 1891 1284 1925; x_wconf 82' lang='lat' dir='ltr'><strong>Caes.</strong></span> <span class='ocrx_word' id='word_1_324' title='bbox 1310 1892 1358 1925; x_wconf 86' lang='grc' dir='ltr'><strong>Β.</strong></span> <span class='ocrx_word' id='word_1_325' title='bbox 1386 1892 1428 1926; x_wconf 85' lang='lat' dir='ltr'><strong>C.</strong></span> <span class='ocrx_word' id='word_1_326' title='bbox 1454 1892 1496 1935; x_wconf 85' lang='lat'><strong>1,</strong></span> <span class='ocrx_word' id='word_1_327' title='bbox 1521 1891 1578 1925; x_wconf 77' lang='lat'><strong>14.</strong></span> 
     </span>
    </p>
   </div>
   <div class='ocr_carea' id='block_1_5' title="bbox 112 1937 1581 2362">
    <p class='ocr_par' dir='ltr' id='par_1_6' title="bbox 112 1937 1581 2362">
     <span class='ocr_line' id='line_1_35' title="bbox 113 1937 1581 1992; baseline -0.008 -10"><span class='ocrx_word' id='word_1_328' title='bbox 113 1957 150 1992; x_wconf 82' lang='lat' dir='ltr'><strong>p.</strong></span> <span class='ocrx_word' id='word_1_329' title='bbox 171 1947 253 1982; x_wconf 87' lang='grc'><strong>356.</strong></span> <span class='ocrx_word' id='word_1_330' title='bbox 289 1945 384 1980; x_wconf 86' lang='lat' dir='ltr'><strong>Dav.</strong></span> <span class='ocrx_word' id='word_1_331' title='bbox 420 1943 494 1977; x_wconf 75' lang='grc' dir='ltr'><strong>ΟΕ.</strong></span> <span class='ocrx_word' id='word_1_332' title='bbox 521 1960 567 1968; x_wconf 92' lang='lat'><strong>-—</strong></span> <span class='ocrx_word' id='word_1_333' title='bbox 614 1941 719 1974; x_wconf 76' lang='lat' dir='ltr'><strong>illius</strong></span> <span class='ocrx_word' id='word_1_334' title='bbox 742 1943 813 1974; x_wconf 81' lang='lat' dir='ltr'><strong>rat.</strong></span> <span class='ocrx_word' id='word_1_335' title='bbox 841 1951 874 1985; x_wconf 86' lang='lat' dir='ltr'><strong>q.</strong></span> <span class='ocrx_word' id='word_1_336' title='bbox 898 1940 1030 1980; x_wconf 73' lang='lat' dir='ltr'><strong>fluant,</strong></span> <span class='ocrx_word' id='word_1_337' title='bbox 1071 1948 1132 1971; x_wconf 85' lang='lat' dir='ltr'><strong>wo</strong></span> <span class='ocrx_word' id='word_1_338' title='bbox 1156 1937 1262 1972; x_wconf 90' lang='lat' dir='ltr'><strong>seine</strong></span> <span class='ocrx_word' id='word_1_339' title='bbox 1286 1938 1407 1971; x_wconf 81' lang='lat' dir='ltr'><strong>Plane</strong></span> <span class='ocrx_word' id='word_1_340' title='bbox 1429 1938 1581 1971; x_wconf 83' lang='lat' dir='ltr'><strong>hinaus-</strong></span> 
     </span>
     <span class='ocr_line' id='line_1_36' title="bbox 112 1983 1578 2035; baseline -0.007 -8"><span class='ocrx_word' id='word_1_341' title='bbox 112 1992 264 2027; x_wconf 85' lang='lat' dir='ltr'><strong>wollen.</strong></span> <span class='ocrx_word' id='word_1_342' title='bbox 280 2009 326 2017; x_wconf 88' lang='lat'><strong>--</strong></span> <span class='ocrx_word' id='word_1_343' title='bbox 365 1990 639 2035; x_wconf 77' lang='grc' dir='ltr'><em>ἀλογίστως,</em></span> <span class='ocrx_word' id='word_1_344' title='bbox 664 1985 967 2027; x_wconf 79' lang='lat' dir='ltr'><strong>inconsiderate,</strong></span> <span class='ocrx_word' id='word_1_345' title='bbox 992 1983 1120 2018; x_wconf 83' lang='lat' dir='ltr'><strong>stulte.</strong></span> <span class='ocrx_word' id='word_1_346' title='bbox 1138 2003 1183 2009; x_wconf 89' lang='lat'>-</span> <span class='ocrx_word' id='word_1_347' title='bbox 1218 1983 1330 2018; x_wconf 86' lang='lat' dir='ltr'><strong><em>VIII.</em></strong></span> <span class='ocrx_word' id='word_1_348' title='bbox 1346 1984 1438 2018; x_wconf 87' lang='lat' dir='ltr'><strong>Kal.</strong></span> <span class='ocrx_word' id='word_1_349' title='bbox 1455 1984 1578 2024; x_wconf 73' lang='lat' dir='ltr'><strong>Febr.,</strong></span> 
     </span>
     <span class='ocr_line' id='line_1_37' title="bbox 113 2029 1578 2074; baseline -0.007 -1"><span class='ocrx_word' id='word_1_350' title='bbox 113 2050 170 2074; x_wconf 84' lang='lat' dir='ltr'><strong>am</strong></span> <span class='ocrx_word' id='word_1_351' title='bbox 187 2039 244 2072; x_wconf 86' lang='lat'><strong>25.</strong></span> <span class='ocrx_word' id='word_1_352' title='bbox 259 2038 403 2071; x_wconf 84' lang='lat' dir='ltr'><strong>Ianuar.</strong></span> <span class='ocrx_word' id='word_1_353' title='bbox 426 2054 471 2061; x_wconf 92' lang='lat'><strong>--</strong></span> <span class='ocrx_word' id='word_1_354' title='bbox 506 2034 769 2068; x_wconf 77' lang='lat' dir='ltr'><strong>Tantummodo</strong></span> <span class='ocrx_word' id='word_1_355' title='bbox 788 2055 798 2067; x_wconf 89' lang='lat'><strong>.</strong></span> <span class='ocrx_word' id='word_1_356' title='bbox 812 2059 819 2067; x_wconf 90' lang='lat'><strong>.</strong></span> <span class='ocrx_word' id='word_1_357' title='bbox 833 2059 842 2068; x_wconf 90' lang='lat'><strong>.</strong></span> <span class='ocrx_word' id='word_1_358' title='bbox 858 2043 902 2065; x_wconf 83' lang='lat' dir='ltr'><strong>ne</strong></span> <span class='ocrx_word' id='word_1_359' title='bbox 924 2042 972 2066; x_wconf 86' lang='lat'><strong><em>=</em></strong></span> <span class='ocrx_word' id='word_1_360' title='bbox 994 2041 1102 2065; x_wconf 89' lang='lat' dir='ltr'><strong>wenn</strong></span> <span class='ocrx_word' id='word_1_361' title='bbox 1126 2041 1197 2064; x_wconf 88' lang='lat' dir='ltr'><strong>nur</strong></span> <span class='ocrx_word' id='word_1_362' title='bbox 1220 2029 1335 2065; x_wconf 88' lang='lat' dir='ltr'><strong>nicht.</strong></span> <span class='ocrx_word' id='word_1_363' title='bbox 1372 2030 1411 2065; x_wconf 89' lang='lat' dir='ltr'><strong>S.</strong></span> <span class='ocrx_word' id='word_1_364' title='bbox 1428 2030 1578 2064; x_wconf 88' lang='lat' dir='ltr'><strong>Ramsh.</strong></span> 
     </span>
     <span class='ocr_line' id='line_1_38' title="bbox 112 2077 1581 2130; baseline -0.007 -10"><span class='ocrx_word' id='word_1_365' title='bbox 112 2087 143 2130; x_wconf 65' lang='grc' dir='ltr'><strong>δ.</strong></span> <span class='ocrx_word' id='word_1_366' title='bbox 159 2086 245 2127; x_wconf 85' lang='grc'><strong>190,</strong></span> <span class='ocrx_word' id='word_1_367' title='bbox 279 2084 386 2117; x_wconf 88' lang='lat' dir='ltr'><strong>Anm.</strong></span> <span class='ocrx_word' id='word_1_368' title='bbox 412 2083 445 2116; x_wconf 83' lang='lat'><strong>8.</strong></span> <span class='ocrx_word' id='word_1_369' title='bbox 494 2079 639 2114; x_wconf 83' lang='lat' dir='ltr'><strong>Grotef.</strong></span> <span class='ocrx_word' id='word_1_370' title='bbox 666 2081 696 2124; x_wconf 85' lang='lat'><strong>§.</strong></span> <span class='ocrx_word' id='word_1_371' title='bbox 717 2080 797 2116; x_wconf 83' lang='lat'><strong>336.</strong></span> <span class='ocrx_word' id='word_1_372' title='bbox 832 2080 939 2112; x_wconf 84' lang='lat' dir='ltr'><strong>Anm.</strong></span> <span class='ocrx_word' id='word_1_373' title='bbox 959 2078 993 2111; x_wconf 84' lang='lat'><strong>4.</strong></span> <span class='ocrx_word' id='word_1_374' title='bbox 1029 2096 1072 2101; x_wconf 89' lang='lat'><strong>—</strong></span> <span class='ocrx_word' id='word_1_375' title='bbox 1116 2077 1354 2121; x_wconf 76' lang='lat' dir='ltr'><strong>planissime,</strong></span> <span class='ocrx_word' id='word_1_376' title='bbox 1394 2087 1489 2121; x_wconf 87' lang='lat' dir='ltr'><strong>ganz</strong></span> <span class='ocrx_word' id='word_1_377' title='bbox 1513 2077 1581 2110; x_wconf 91' lang='lat' dir='ltr'><strong>be-</strong></span> 
     </span>
     <span class='ocr_line' id='line_1_39' title="bbox 113 2122 1579 2169; baseline -0.008 -3"><span class='ocrx_word' id='word_1_378' title='bbox 113 2131 265 2166; x_wconf 84' lang='lat' dir='ltr'><strong>stimmt.</strong></span> <span class='ocrx_word' id='word_1_379' title='bbox 297 2147 344 2154; x_wconf 93' lang='lat'><strong>—-</strong></span> <span class='ocrx_word' id='word_1_380' title='bbox 390 2129 439 2162; x_wconf 82' lang='lat' dir='ltr'><strong>ad</strong></span> <span class='ocrx_word' id='word_1_381' title='bbox 470 2127 623 2163; x_wconf 78' lang='lat' dir='ltr'><strong>consult.</strong></span> <span class='ocrx_word' id='word_1_382' title='bbox 659 2130 707 2169; x_wconf 86' lang='lat' dir='ltr'><strong>t.‚</strong></span> <span class='ocrx_word' id='word_1_383' title='bbox 747 2124 813 2159; x_wconf 85' lang='lat' dir='ltr'><strong>auf</strong></span> <span class='ocrx_word' id='word_1_384' title='bbox 840 2125 912 2158; x_wconf 90' lang='lat' dir='ltr'><strong>den</strong></span> <span class='ocrx_word' id='word_1_385' title='bbox 946 2125 1087 2165; x_wconf 75' lang='lat' dir='ltr'><strong>punct,</strong></span> <span class='ocrx_word' id='word_1_386' title='bbox 1126 2124 1302 2157; x_wconf 80' lang='lat' dir='ltr'><strong>woriiber</strong></span> <span class='ocrx_word' id='word_1_387' title='bbox 1335 2123 1398 2156; x_wconf 89' lang='lat' dir='ltr'><strong>Du</strong></span> <span class='ocrx_word' id='word_1_388' title='bbox 1431 2122 1579 2156; x_wconf 77' lang='lat' dir='ltr'><strong>meineri</strong></span> 
     </span>
     <span class='ocr_line' id='line_1_40' title="bbox 115 2168 1581 2219; baseline -0.006 -8"><span class='ocrx_word' id='word_1_389' title='bbox 115 2178 214 2212; x_wconf 89' lang='lat' dir='ltr'><strong>Rath</strong></span> <span class='ocrx_word' id='word_1_390' title='bbox 240 2175 429 2219; x_wconf 77' lang='lat' dir='ltr'><strong>begehrst.</strong></span> <span class='ocrx_word' id='word_1_391' title='bbox 462 2193 505 2199; x_wconf 90' lang='lat'>—</span> <span class='ocrx_word' id='word_1_392' title='bbox 552 2183 643 2217; x_wconf 83' lang='lat' dir='ltr'><strong>quae</strong></span> <span class='ocrx_word' id='word_1_393' title='bbox 671 2174 755 2216; x_wconf 82' lang='lat' dir='ltr'><strong>finis</strong></span> <span class='ocrx_word' id='word_1_394' title='bbox 786 2177 881 2213; x_wconf 84' lang='lat' dir='ltr'><strong>cet.‚</strong></span> <span class='ocrx_word' id='word_1_395' title='bbox 916 2170 1012 2204; x_wconf 89' lang='lat' dir='ltr'><strong>denn</strong></span> <span class='ocrx_word' id='word_1_396' title='bbox 1038 2179 1099 2203; x_wconf 88' lang='lat' dir='ltr'><strong>wo</strong></span> <span class='ocrx_word' id='word_1_397' title='bbox 1124 2169 1255 2204; x_wconf 75' lang='lat' dir='ltr'><strong>wurde</strong></span> <span class='ocrx_word' id='word_1_398' title='bbox 1278 2168 1345 2203; x_wconf 82' lang='lat' dir='ltr'><strong>des</strong></span> <span class='ocrx_word' id='word_1_399' title='bbox 1369 2168 1581 2204; x_wconf 83' lang='lat' dir='ltr'><strong>Wanderns</strong></span> 
     </span>
     <span class='ocr_line' id='line_1_41' title="bbox 114 2215 1580 2263; baseline -0.007 -5"><span class='ocrx_word' id='word_1_400' title='bbox 114 2224 177 2258; x_wconf 84' lang='lat' dir='ltr'><strong>ein</strong></span> <span class='ocrx_word' id='word_1_401' title='bbox 201 2222 310 2258; x_wconf 82' lang='lat' dir='ltr'><strong>Ende</strong></span> <span class='ocrx_word' id='word_1_402' title='bbox 335 2220 437 2255; x_wconf 61' lang='lat' dir='ltr'><strong>seinz</strong></span> <span class='ocrx_word' id='word_1_403' title='bbox 460 2238 505 2244; x_wconf 90' lang='lat'><strong>—</strong></span> <span class='ocrx_word' id='word_1_404' title='bbox 548 2218 686 2263; x_wconf 76' lang='lat' dir='ltr'><strong>haesit,</strong></span> <span class='ocrx_word' id='word_1_405' title='bbox 713 2218 779 2252; x_wconf 88' lang='lat' dir='ltr'><strong>das</strong></span> <span class='ocrx_word' id='word_1_406' title='bbox 803 2217 943 2251; x_wconf 82' lang='lat' dir='ltr'><strong>hastete</strong></span> <span class='ocrx_word' id='word_1_407' title='bbox 968 2217 1030 2250; x_wconf 83' lang='lat' dir='ltr'><strong>bei</strong></span> <span class='ocrx_word' id='word_1_408' title='bbox 1054 2215 1137 2250; x_wconf 84' lang='lat' dir='ltr'><strong>mir.</strong></span> <span class='ocrx_word' id='word_1_409' title='bbox 1163 2234 1207 2242; x_wconf 92' lang='lat'><strong>--</strong></span> <span class='ocrx_word' id='word_1_410' title='bbox 1254 2217 1307 2248; x_wconf 74' lang='lat' dir='ltr'><strong>ila</strong></span> <span class='ocrx_word' id='word_1_411' title='bbox 1332 2220 1372 2248; x_wconf 86' lang='lat' dir='ltr'><strong>ut</strong></span> <span class='ocrx_word' id='word_1_412' title='bbox 1399 2220 1437 2248; x_wconf 84' lang='lat' dir='ltr'><strong>tu</strong></span> <span class='ocrx_word' id='word_1_413' title='bbox 1463 2215 1580 2258; x_wconf 84' lang='lat' dir='ltr'><strong>signi-</strong></span> 
     </span>
     <span class='ocr_line' id='line_1_42' title="bbox 115 2261 1578 2312; baseline -0.006 -7"><span class='ocrx_word' id='word_1_414' title='bbox 115 2269 249 2312; x_wconf 83' lang='lat' dir='ltr'><strong>ficasti,</strong></span> <span class='ocrx_word' id='word_1_415' title='bbox 274 2268 356 2302; x_wconf 78' lang='lat' dir='ltr'><strong>scil.</strong></span> <span class='ocrx_word' id='word_1_416' title='bbox 374 2266 556 2309; x_wconf 73' lang='lat' dir='ltr'><strong>infinitam</strong></span> <span class='ocrx_word' id='word_1_417' title='bbox 580 2266 661 2299; x_wconf 84' lang='lat' dir='ltr'><strong>fore</strong></span> <span class='ocrx_word' id='word_1_418' title='bbox 686 2265 816 2299; x_wconf 79' lang='lat' dir='ltr'><strong>bellam</strong></span> <span class='ocrx_word' id='word_1_419' title='bbox 838 2269 909 2297; x_wconf 85' lang='lat' dir='ltr'><strong>cet.</strong></span> <span class='ocrx_word' id='word_1_420' title='bbox 927 2279 973 2289; x_wconf 86' lang='lat'><strong>--</strong></span> <span class='ocrx_word' id='word_1_421' title='bbox 1009 2262 1240 2296; x_wconf 79' lang='lat' dir='ltr'><strong>miserrimae</strong></span> <span class='ocrx_word' id='word_1_422' title='bbox 1256 2262 1370 2304; x_wconf 75' lang='lat' dir='ltr'><strong>fugae</strong></span> <span class='ocrx_word' id='word_1_423' title='bbox 1392 2261 1463 2295; x_wconf 91' lang='lat' dir='ltr'><strong>Ed.</strong></span> <span class='ocrx_word' id='word_1_424' title='bbox 1478 2262 1578 2296; x_wconf 76' lang='lat'><strong>1584.</strong></span> 
     </span>
     <span class='ocr_line' id='line_1_43' title="bbox 114 2308 1579 2362; baseline -0.006 -11"><span class='ocrx_word' id='word_1_425' title='bbox 114 2316 230 2362; x_wconf 81' lang='lat' dir='ltr'><strong>„eine</strong></span> <span class='ocrx_word' id='word_1_426' title='bbox 253 2313 462 2349; x_wconf 78' lang='lat' dir='ltr'><strong>naturliche</strong></span> <span class='ocrx_word' id='word_1_427' title='bbox 486 2311 605 2355; x_wconf 76' lang='lat' dir='ltr'><strong>Folge</strong></span> <span class='ocrx_word' id='word_1_428' title='bbox 629 2311 697 2345; x_wconf 84' lang='lat' dir='ltr'><strong>der</strong></span> <span class='ocrx_word' id='word_1_429' title='bbox 721 2309 998 2345; x_wconf 64' lang='lat' dir='ltr'><strong>iiimmerlichen</strong></span> <span class='ocrx_word' id='word_1_430' title='bbox 1023 2309 1196 2343; x_wconf 74' lang='lat' dir='ltr'><strong>1‹&#39;lucht.’&#39;</strong></span> <span class='ocrx_word' id='word_1_431' title='bbox 1219 2326 1264 2333; x_wconf 91' lang='lat'><strong>-—-</strong></span> <span class='ocrx_word' id='word_1_432' title='bbox 1308 2308 1456 2343; x_wconf 78' lang='grc' dir='ltr'><strong><em>ὐποκο</em></strong></span> <span class='ocrx_word' id='word_1_433' title='bbox 1496 2308 1579 2353; x_wconf 82' lang='grc' dir='ltr'><strong>ίζῃ,</strong></span> 
     </span>
    </p>
   </div>
   <div class='ocr_carea' id='block_1_6' title="bbox 114 2354 1625 2771">
    <p class='ocr_par' dir='ltr' id='par_1_7' title="bbox 114 2354 1625 2492">
     <span class='ocr_line' id='line_1_44' title="bbox 114 2354 1625 2399; baseline -0.007 -1"><span class='ocrx_word' id='word_1_434' title='bbox 114 2364 177 2398; x_wconf 88' lang='lat' dir='ltr'><strong>die</strong></span> <span class='ocrx_word' id='word_1_435' title='bbox 211 2362 276 2396; x_wconf 90' lang='lat' dir='ltr'><strong>Du</strong></span> <span class='ocrx_word' id='word_1_436' title='bbox 317 2359 385 2394; x_wconf 87' lang='lat' dir='ltr'><strong>mit</strong></span> <span class='ocrx_word' id='word_1_437' title='bbox 425 2358 493 2392; x_wconf 85' lang='lat' dir='ltr'><strong>der</strong></span> <span class='ocrx_word' id='word_1_438' title='bbox 534 2357 694 2391; x_wconf 88' lang='lat' dir='ltr'><strong>mildern</strong></span> <span class='ocrx_word' id='word_1_439' title='bbox 732 2358 964 2399; x_wconf 81' lang='lat' dir='ltr'><strong>Benennung</strong></span> <span class='ocrx_word' id='word_1_440' title='bbox 1002 2355 1106 2389; x_wconf 81' lang='lat' dir='ltr'><strong>einer</strong></span> <span class='ocrx_word' id='word_1_441' title='bbox 1136 2354 1382 2397; x_wconf 71' lang='lat' dir='ltr'><strong>Wanderung</strong></span> <span class='ocrx_word' id='word_1_442' title='bbox 1419 2354 1466 2387; x_wconf 92' lang='lat' dir='ltr'><strong>be</strong></span> <span class='ocrx_word' id='word_1_443' title='bbox 1486 2361 1578 2397; x_wconf 82' lang='lat' dir='ltr'><strong>egst.</strong></span> <span class='ocrx_word' id='word_1_444' title='bbox 1623 2364 1625 2369; x_wconf 77' lang='grc'>’</span> 
     </span>
     <span class='ocr_line' id='line_1_45' title="bbox 115 2399 1582 2492; baseline -0.007 -47"><span class='ocrx_word' id='word_1_445' title='bbox 115 2407 405 2492; x_wconf 44' lang='grc' dir='ltr'><em>ἶὲομορίζὲων</em></span> <span class='ocrx_word' id='word_1_446' title='bbox 437 2404 602 2449; x_wconf 76' lang='lat' dir='ltr'><strong>appellas</strong></span> <span class='ocrx_word' id='word_1_447' title='bbox 634 2415 656 2438; x_wconf 87' lang='lat' dir='ltr'><strong>e</strong></span> <span class='ocrx_word' id='word_1_448' title='bbox 689 2403 805 2447; x_wconf 80' lang='lat' dir='ltr'><strong>gloss.</strong></span> <span class='ocrx_word' id='word_1_449' title='bbox 841 2405 926 2440; x_wconf 83' lang='lat' dir='ltr'><strong>Asc.</strong></span> <span class='ocrx_word' id='word_1_450' title='bbox 953 2403 984 2436; x_wconf 93' lang='lat' dir='ltr'><strong>l.</strong></span> <span class='ocrx_word' id='word_1_451' title='bbox 1017 2401 1116 2436; x_wconf 82' lang='lat' dir='ltr'><strong>Crat.</strong></span> <span class='ocrx_word' id='word_1_452' title='bbox 1153 2400 1227 2435; x_wconf 72' lang='grc' dir='ltr'><strong>ΟΕ.</strong></span> <span class='ocrx_word' id='word_1_453' title='bbox 1285 2399 1322 2435; x_wconf 89' lang='lat' dir='ltr'><strong>S.</strong></span> <span class='ocrx_word' id='word_1_454' title='bbox 1355 2400 1582 2435; x_wconf 85' lang='lat' dir='ltr'><strong>Schneiders</strong></span> 
     </span>
     <span class='ocr_line' id='line_1_46' title="bbox 203 2462 478 2488; baseline -0.015 0"><span class='ocrx_word' id='word_1_455' title='bbox 203 2466 213 2488; x_wconf 84' lang='lat'><em>1</em></span> <span class='ocrx_word' id='word_1_456' title='bbox 240 2480 248 2488; x_wconf 89' lang='lat'><strong>.</strong></span> <span class='ocrx_word' id='word_1_457' title='bbox 284 2465 305 2487; x_wconf 84' lang='lat'><strong>·.</strong></span> <span class='ocrx_word' id='word_1_458' title='bbox 346 2464 368 2486; x_wconf 84' lang='lat'><strong>1.</strong></span> <span class='ocrx_word' id='word_1_459' title='bbox 396 2462 478 2486; x_wconf 78' lang='lat' dir='ltr'><strong>voc.</strong></span> 
     </span>
    </p>

    <p class='ocr_par' dir='ltr' id='par_1_8' title="bbox 118 2466 1583 2771">
     <span class='ocr_line' id='line_1_47' title="bbox 174 2466 1580 2547; baseline -0.006 -12"><span class='ocrx_word' id='word_1_460' title='bbox 174 2466 241 2535; x_wconf 54' lang='lat' dir='ltr'><strong>X5⁶.</strong></span> <span class='ocrx_word' id='word_1_461' title='bbox 275 2468 501 2547; x_wconf 52' lang='grc' dir='ltr'><strong>ἒρηςμός,</strong></span> <span class='ocrx_word' id='word_1_462' title='bbox 539 2494 774 2539; x_wconf 79' lang='lat' dir='ltr'><strong>vaticinatio,</strong></span> <span class='ocrx_word' id='word_1_463' title='bbox 825 2493 948 2529; x_wconf 87' lang='lat' dir='ltr'><strong>Deine</strong></span> <span class='ocrx_word' id='word_1_464' title='bbox 991 2493 1188 2528; x_wconf 69' lang='lat' dir='ltr'><strong>sormliehe</strong></span> <span class='ocrx_word' id='word_1_465' title='bbox 1228 2492 1494 2537; x_wconf 78' lang='lat' dir='ltr'><strong>Weissagung.</strong></span> <span class='ocrx_word' id='word_1_466' title='bbox 1537 2509 1580 2518; x_wconf 88' lang='lat'>—</span> 
     </span>
     <span class='ocr_line' id='line_1_48' title="bbox 118 2540 1580 2586; baseline -0.005 -5"><span class='ocrx_word' id='word_1_467' title='bbox 118 2548 189 2584; x_wconf 72' lang='lat' dir='ltr'><strong>VI.</strong></span> <span class='ocrx_word' id='word_1_468' title='bbox 215 2546 305 2580; x_wconf 85' lang='lat' dir='ltr'><strong>Kal.</strong></span> <span class='ocrx_word' id='word_1_469' title='bbox 330 2546 459 2586; x_wconf 59' lang='lat' dir='ltr'><strong>Febr„</strong></span> <span class='ocrx_word' id='word_1_470' title='bbox 498 2552 556 2576; x_wconf 83' lang='lat' dir='ltr'><strong>am</strong></span> <span class='ocrx_word' id='word_1_471' title='bbox 586 2543 644 2576; x_wconf 84' lang='lat'><strong>27.</strong></span> <span class='ocrx_word' id='word_1_472' title='bbox 665 2542 813 2576; x_wconf 88' lang='lat' dir='ltr'><strong>Ianuar.</strong></span> <span class='ocrx_word' id='word_1_473' title='bbox 848 2560 893 2568; x_wconf 91' lang='lat'>—</span> <span class='ocrx_word' id='word_1_474' title='bbox 941 2540 989 2574; x_wconf 86' lang='lat' dir='ltr'><strong>ad</strong></span> <span class='ocrx_word' id='word_1_475' title='bbox 1018 2543 1137 2584; x_wconf 59' lang='lat' dir='ltr'><strong>pact„</strong></span> <span class='ocrx_word' id='word_1_476' title='bbox 1177 2550 1259 2574; x_wconf 88' lang='lat' dir='ltr'><strong>zum</strong></span> <span class='ocrx_word' id='word_1_477' title='bbox 1284 2540 1503 2583; x_wconf 78' lang='lat' dir='ltr'><strong>Vergleich.</strong></span> <span class='ocrx_word' id='word_1_478' title='bbox 1537 2557 1580 2563; x_wconf 89' lang='lat'>—</span> 
     </span>
     <span class='ocr_line' id='line_1_49' title="bbox 122 2586 1581 2637; baseline -0.008 -9"><span class='ocrx_word' id='word_1_479' title='bbox 122 2595 170 2628; x_wconf 85' lang='lat' dir='ltr'><strong>ad</strong></span> <span class='ocrx_word' id='word_1_480' title='bbox 191 2597 379 2637; x_wconf 81' lang='lat' dir='ltr'><strong>posterum</strong></span> <span class='ocrx_word' id='word_1_481' title='bbox 408 2590 484 2623; x_wconf 87' lang='lat' dir='ltr'><strong>del.</strong></span> <span class='ocrx_word' id='word_1_482' title='bbox 518 2588 692 2627; x_wconf 80' lang='lat' dir='ltr'><strong>censebat</strong></span> <span class='ocrx_word' id='word_1_483' title='bbox 725 2587 812 2622; x_wconf 86' lang='lat' dir='ltr'><strong>Sch.</strong></span> <span class='ocrx_word' id='word_1_484' title='bbox 855 2587 953 2622; x_wconf 87' lang='lat' dir='ltr'><strong>Sane</strong></span> <span class='ocrx_word' id='word_1_485' title='bbox 978 2586 1130 2620; x_wconf 81' lang='lat' dir='ltr'><strong>insolita</strong></span> <span class='ocrx_word' id='word_1_486' title='bbox 1155 2592 1212 2621; x_wconf 85' lang='lat' dir='ltr'><strong>est</strong></span> <span class='ocrx_word' id='word_1_487' title='bbox 1235 2586 1405 2619; x_wconf 83' lang='lat' dir='ltr'><strong>formula.</strong></span> <span class='ocrx_word' id='word_1_488' title='bbox 1445 2586 1494 2618; x_wconf 75' lang='lat' dir='ltr'><strong>ad</strong></span> <span class='ocrx_word' id='word_1_489' title='bbox 1513 2592 1581 2628; x_wconf 57' lang='lat' dir='ltr'><strong>po}-</strong></span> 
     </span>
     <span class='ocr_line' id='line_1_50' title="bbox 119 2631 1580 2681; baseline -0.005 -8"><span class='ocrx_word' id='word_1_490' title='bbox 119 2645 292 2674; x_wconf 79' lang='lat' dir='ltr'><strong>stremum</strong></span> <span class='ocrx_word' id='word_1_491' title='bbox 323 2637 391 2681; x_wconf 82' lang='lat' dir='ltr'><strong>(in</strong></span> <span class='ocrx_word' id='word_1_492' title='bbox 416 2635 568 2670; x_wconf 80' lang='lat' dir='ltr'><strong>iedem</strong></span> <span class='ocrx_word' id='word_1_493' title='bbox 592 2633 756 2677; x_wconf 87' lang='lat' dir='ltr'><strong>Falle)</strong></span> <span class='ocrx_word' id='word_1_494' title='bbox 781 2634 855 2676; x_wconf 86' lang='lat' dir='ltr'><strong>leg.</strong></span> <span class='ocrx_word' id='word_1_495' title='bbox 890 2632 1039 2667; x_wconf 78' lang='lat' dir='ltr'><strong>videtur</strong></span> <span class='ocrx_word' id='word_1_496' title='bbox 1069 2643 1151 2666; x_wconf 90' lang='lat' dir='ltr'><strong>cum</strong></span> <span class='ocrx_word' id='word_1_497' title='bbox 1177 2633 1264 2666; x_wconf 88' lang='lat' dir='ltr'><strong>Asc.</strong></span> <span class='ocrx_word' id='word_1_498' title='bbox 1291 2643 1348 2677; x_wconf 80' lang='lat' dir='ltr'><strong>pr.</strong></span> <span class='ocrx_word' id='word_1_499' title='bbox 1385 2631 1580 2666; x_wconf 87' lang='lat' dir='ltr'><strong><em>ORELLI.</em></strong></span> 
     </span>
     <span class='ocr_line' id='line_1_51' title="bbox 121 2677 1582 2725; baseline -0.005 -7"><span class='ocrx_word' id='word_1_500' title='bbox 121 2705 166 2715; x_wconf 57' lang='grc'><strong>«-</strong></span> <span class='ocrx_word' id='word_1_501' title='bbox 189 2686 272 2719; x_wconf 75' lang='lat' dir='ltr'><strong>bell.</strong></span> <span class='ocrx_word' id='word_1_502' title='bbox 299 2685 401 2720; x_wconf 70' lang='grc' dir='ltr'><strong>ἄση.</strong></span> <span class='ocrx_word' id='word_1_503' title='bbox 430 2682 454 2716; x_wconf 92' lang='lat' dir='ltr'><strong>i.</strong></span> <span class='ocrx_word' id='word_1_504' title='bbox 469 2693 500 2715; x_wconf 90' lang='lat' dir='ltr'><strong>e.</strong></span> <span class='ocrx_word' id='word_1_505' title='bbox 527 2680 759 2725; x_wconf 77' lang='lat' dir='ltr'><strong>inexpiabile</strong></span> <span class='ocrx_word' id='word_1_506' title='bbox 785 2691 815 2713; x_wconf 87' lang='lat' dir='ltr'><strong>s.</strong></span> <span class='ocrx_word' id='word_1_507' title='bbox 840 2679 1076 2724; x_wconf 85' lang='lat' dir='ltr'><strong>implacabile</strong></span> <span class='ocrx_word' id='word_1_508' title='bbox 1101 2690 1169 2713; x_wconf 87' lang='lat' dir='ltr'><strong>nec</strong></span> <span class='ocrx_word' id='word_1_509' title='bbox 1193 2678 1264 2712; x_wconf 79' lang='lat' dir='ltr'><strong>nisi</strong></span> <span class='ocrx_word' id='word_1_510' title='bbox 1289 2678 1443 2713; x_wconf 81' lang='lat' dir='ltr'><strong>alterius</strong></span> <span class='ocrx_word' id='word_1_511' title='bbox 1468 2677 1582 2711; x_wconf 81' lang='lat' dir='ltr'><strong>inter-</strong></span> 
     </span>
     <span class='ocr_line' id='line_1_52' title="bbox 122 2723 1583 2771; baseline -0.008 -3"><span class='ocrx_word' id='word_1_512' title='bbox 122 2731 281 2768; x_wconf 66' lang='lat' dir='ltr'><strong>neolone</strong></span> <span class='ocrx_word' id='word_1_513' title='bbox 311 2729 516 2765; x_wconf 82' lang='lat' dir='ltr'><strong>fini-endum</strong></span> <span class='ocrx_word' id='word_1_514' title='bbox 549 2727 664 2769; x_wconf 71' lang='lat' dir='ltr'><strong>simi,</strong></span> <span class='ocrx_word' id='word_1_515' title='bbox 704 2738 746 2762; x_wconf 89' lang='lat' dir='ltr'><strong>so</strong></span> <span class='ocrx_word' id='word_1_516' title='bbox 770 2726 894 2771; x_wconf 61' lang='lat' dir='ltr'><strong>glaub*</strong></span> <span class='ocrx_word' id='word_1_517' title='bbox 920 2725 999 2769; x_wconf 81' lang='lat' dir='ltr'><strong>ich,</strong></span> <span class='ocrx_word' id='word_1_518' title='bbox 1045 2725 1130 2761; x_wconf 83' lang='lat' dir='ltr'><strong>dass</strong></span> <span class='ocrx_word' id='word_1_519' title='bbox 1165 2725 1330 2760; x_wconf 84' lang='lat' dir='ltr'><strong>dadurch</strong></span> <span class='ocrx_word' id='word_1_520' title='bbox 1361 2724 1429 2759; x_wconf 80' lang='lat' dir='ltr'><strong>der</strong></span> <span class='ocrx_word' id='word_1_521' title='bbox 1453 2723 1583 2759; x_wconf 86' lang='lat' dir='ltr'><strong>Grund</strong></span> 
     </span>
    </p>
   </div>
   <div class='ocr_carea' id='block_1_7' title="bbox 1728 0 1795 3043">
    <p class='ocr_par' dir='ltr' id='par_1_9' title="bbox 1728 0 1795 3043">
     <span class='ocr_line' id='line_1_53' title="bbox 1728 0 1795 3043; baseline 0 0"><span class='ocrx_word' id='word_1_522' title='bbox 1728 0 1795 3043; x_wconf 95' lang='lat' dir='ltr'><strong> </strong></span> 
     </span>
    </p>
   </div>
  </div>
 </body>
</html>
