1795 3043
245 85 347 133 212
508 75 571 123 M.
608 75 663 120 T.
702 72 1042 123 CICERONIS
1069 74 1448 126 ‚EPISTOLAE

248 194 314 235 ira
333 191 433 239 vidi,
461 200 586 242 saepe
604 189 832 241 placatum.
872 187 983 236 Quid
1013 187 1065 229 ad
1095 189 1272 229 Siatium
1300 188 1533 241 scripserit,
1555 186 1714 229 nescio.

250 247 463 301 Quidquid
495 248 667 288 acturus
696 245 748 285 de
777 244 852 286 tali
880 258 927 286 re
963 245 1064 295 fuit,
1103 246 1369 286 scribendum
1407 248 1544 286 tamen
1583 246 1636 286 ad
1664 244 1716 284 li-

249 309 416 349 bertum
446 317 529 344 non
560 303 653 343 suit.
711 303 819 343 Mihi
849 304 989 343 autem
1020 303 1101 342 erit
1128 304 1306 344 maxime
1343 316 1492 353 curae,
1530 315 1584 343 ne
1614 300 1717 353 quid

250 365 326 406 fiat
357 374 492 409 secus,
524 372 647 412 quam
677 362 870 400 volumus
901 372 1109 411 quamque
1140 362 1319 412 oportet.
1387 360 1476 400 Nec
1514 361 1616 400 satis
1656 359 1719 398 est

252 423 297 462 in
329 418 534 460 eiusmodi
563 429 624 469 re,
653 429 697 456 se
727 429 934 469 quemque
964 418 1195 468 praestare:
1229 416 1312 468 [ac]
1343 417 1546 458 maxima·
1575 417 1718 469 partes

251 478 374 519 istius
415 475 547 516 officii
587 475 683 514 sunt
720 475 843 526 pueri
885 474 1124 522 Ciceronis,
1168 475 1254 514 sive
1294 474 1377 514 iam
1414 474 1718 521 adolescentis3

254 535 367 588 quod
398 533 569 585 quidem
598 531 719 570 illum
748 533 862 570 soleo
894 530 1068 570 hortari.
1125 532 1187 572 Ac
1217 532 1320 571 mihi
1349 531 1516 571 videtur
1541 533 1720 571 matrem
1782 567 1783 570 ,

255 592 400 639 valde,
440 591 486 630 ut
516 588 663 634 debet,
706 599 844 628 amare
880 589 1004 639 teque
1043 587 1230 628 mirifice.
1301 588 1383 628 Sed
1425 589 1488 628 est
1526 598 1722 640 magnum

258 648 367 689 illud
397 646 590 699 quidem,
632 646 917 685 verumtamen
948 645 1170 696 multiplex
1207 645 1329 698 pueri
1357 644 1593 698 ingenium:
1637 655 1722 695 quo
1782 667 1783 674 κ

212 715 238 755 3
263 719 339 759 ego
368 703 550 757 regendo
582 701 716 742 habeo
746 701 904 754 negotii
934 701 1048 740 satis.
1109 702 1319 749 Quoniam
1343 702 1540 754 respondi
1565 703 1724 753 postre-

263 775 356 803 mae
386 764 484 801 tuae
523 759 702 811 paginae
740 759 877 809 prima
915 770 1031 806 mea3
1072 771 1185 799 nunc
1228 760 1279 799 ad
1321 761 1496 811 primam
1534 760 1725 798 revertar

262 822 392 860 tuam.
450 814 778 868 Peloponnesias
808 816 1002 855 civitates
1032 827 1174 855 omnes
1200 817 1430 857 maritimas
1459 828 1561 867 esse,
1591 815 1727 855 homi·
1786 813 1791 867 l

264 877 332 918 nis
359 887 443 916 non
473 885 677 924 nequam,
709 872 781 912 sed
811 872 938 911 etiam
968 873 1038 911 tuo
1073 873 1230 912 iudicio
1260 873 1443 926 probati,
1473 871 1728 913 Dicaearchi

265 934 424 974 tabulis
454 930 627 971 credidi.
686 930 727 969 Is
759 930 900 968 multis
934 928 1174 968 nominibus
1203 931 1245 969 iu
1275 930 1574 982 Trophoniana
1596 930 1728 970 Chae-

268 990 386 1032 ronis
415 988 658 1028 narratione
689 986 874 1026 Graecos
902 987 946 1025 in
978 999 1026 1026 eo
1056 987 1343 1037 reprehendit,
1376 987 1487 1038 quod
1505 998 1620 1026 mare
1639 986 1728 1026 tam

267 1046 405 1088 secuti
424 1047 543 1085 sunt:
574 1057 652 1084 nec
675 1044 810 1083 ullum
831 1044 874 1082 in
893 1044 1184 1094 Peloponneso
1203 1045 1342 1084 locum
1372 1044 1547 1096 excipit.
1594 1044 1730 1091 Quum

269 1104 375 1147 mihi
405 1104 554 1143 auctor
582 1102 787 1153 placeret7
816 1122 873 1130 --
903 1100 1059 1139 etenim
1090 1102 1181 1140 erat
1210 1099 1516 1149 ι’στορικώτατος
1545 1102 1587 1141 et
1615 1099 1729 1140 vixe-
1777 1095 1786 1128 ¹'

270 1226 368 1260 saep.
392 1215 488 1259 plac.
503 1238 513 1255 ‚
541 1212 594 1246 ost
618 1212 707 1245 aber
731 1212 817 1245 bald
843 1211 985 1246 wieder
1008 1212 1195 1256 beruhigt.
1213 1231 1257 1238 —·
1288 1222 1325 1245 se
1340 1223 1507 1257 quemque
1529 1215 1732 1257 praestare,
1778 1235 1781 1237 >

272 1262 358 1295 dass
384 1262 420 1294 in
447 1260 550 1293 einer
575 1258 695 1292 Sache
720 1258 843 1290 dieser
875 1260 945 1291 Art
970 1259 1081 1291 leder
1111 1269 1183 1291 von
1209 1259 1286 1291 Uns
1319 1260 1454 1292 beiden
1487 1260 1550 1292 das
1577 1258 1733 1301 Seiuige
1777 1270 1779 1298 Ι

272 1309 373 1349 thut3
406 1305 592 1349 seipsum
618 1315 747 1336 curare
774 1310 811 1336 ut
836 1303 1000 1336 officium
1025 1303 1155 1346 faciat,
1194 1304 1259 1337 sed
1285 1305 1394 1338 etiam
1420 1305 1667 1346 contendere,
1693 1307 1734 1336 ut

272 1354 337 1387 alii
369 1352 514 1386 saciant.
544 1350 652 1384 SCH.
679 1369 723 1374 -
760 1350 832 1393 [ac]
860 1349 923 1383 Sic
948 1352 1031 1384 Asc.
1058 1356 1233 1393 utraque,
1267 1350 1393 1384 Lamb.
1422 1351 1542 1385 delev.
1571 1362 1613 1384 ac
1637 1351 1731 1383 Ern.
1776 1353 1778 1355 '

273 1400 361 1435 Sch.
386 1399 500 1436 Lim..
536 1396 633 1429 unde
658 1407 702 1429 (ιο
727 1396 767 1439 []
797 1395 994 1430 ORELLI.
1037 1397 1149 1439 „Der
1180 1396 1293 1439 iunge
1319 1397 1454 1431 Cicero
1480 1398 1542 1430 hat
1566 1396 1627 1430 bei
1652 1396 1734 1429 die-

272 1457 334 1480 ser
359 1443 649 1488 Verpflichtung
673 1441 734 1475 die
752 1442 975 1487 Hauptrolle
1000 1453 1045 1476 zu
1071 1442 1251 1487 spielen”;
1287 1444 1402 1477 sehon
1429 1443 1551 1478 seines
1577 1443 1736 1486 eigenen

272 1491 475 1528 Vortheils
500 1499 633 1533 wegen
658 1500 757 1522 muss
784 1500 824 1522 er
850 1499 895 1521 an
920 1489 988 1523 der
1001 1490 1251 1532 Ausstihnung
1274 1490 1396 1523 seines
1415 1491 1551 1526 Vaters
1576 1489 1642 1522 mit
1667 1488 1736 1521 der

272 1538 415 1572 Mutter
439 1537 618 1571 arbeiten.
667 1536 794 1569 Ueber
826 1534 887 1568 die
922 1535 1057 1570 beiden
1084 1536 1253 1568 Accusat.
1281 1536 1343 1569 bei
1367 1535 1495 1569 hortor
1527 1546 1556 1570 s.
1581 1534 1734 1569 Ramsh.
1775 1534 1778 1539 ’

275 1585 304 1627 §.
323 1585 402 1627 131,
419 1585 462 1627 3,
487 1583 574 1616 Not.
595 1583 628 1616 2.
662 1581 805 1615 Grotef.
841 1583 868 1625 §.
884 1582 962 1616 222.
983 1602 1026 1607 —
1062 1582 1157 1615 illud
1181 1581 1333 1625 quidem.
1374 1582 1412 1617 S.
1432 1582 1580 1616 Ramsh.
1608 1582 1637 1622 §.
1654 1580 1734 1622 158,

276 1631 311 1671 2,
330 1631 354 1664 f,
376 1649 420 1654 —
456 1628 663 1672 multiplex,
699 1628 920 1661 faltenreich
955 1629 989 1662 d.
1015 1629 1038 1662 i.
1071 1627 1331 1661 vei-anderlich
1364 1640 1400 1663 u.
1438 1626 1734 1669 unzuverliissig,
1775 1648 1777 1652 ι

278 1677 420 1710 varium
454 1686 496 1708 ac
526 1674 714 1708 mutabile.
740 1694 784 1698 -—
823 1685 889 1717 quo
923 1685 990 1716 ego
1024 1685 1103 1715 reg.
1143 1675 1247 1707 Coni.
1283 1674 1318 1706 in
1353 1686 1465 1718 marg.
1489 1676 1578 1709 1584
1602 1674 1641 1707 iu
1665 1682 1735 1717 quo

279 1733 347 1765 ego
373 1734 403 1755 r.
432 1721 575 1754 Rursus
599 1721 689 1754 Ern.
710 1731 811 1764 susp.
837 1721 931 1763 quod
954 1720 1030 1755 Md.
1058 1722 1181 1754 Oxon.
1199 1721 1232 1754 2.
1258 1719 1356 1754 Vict.
1381 1722 1414 1754 1.
1443 1721 1517 1754 ΟΒ.

369 1770 403 1803 3.
436 1768 561 1800 mavit.
589 1777 680 1809 esse,
714 1778 788 1809 „an
815 1766 882 1799 der
904 1767 1024 1800 Kiiste
1050 1767 1208 1810 gelegen
1234 1767 1370 1800 seien.'’
1417 1767 1470 1800 Es
1495 1765 1659 1809 scheint,
1695 1774 1738 1799 er

281 1815 382 1848 hatte
408 1813 508 1846 diess
534 1814 571 1846 in
597 1813 701 1846 einer
726 1812 844 1846 Stelle
875 1813 1000 1847 seiner
1024 1813 1211 1856 Dialogen
1249 1813 1341 1846 iiber
1372 1812 1433 1846 die
1458 1812 1652 1857 Republik
1684 1811 1739 1845 als

280 1861 410 1895 Etwas
436 1860 640 1892 bekanntes
672 1866 961 1903 vorausgesetzt.
984 1879 1028 1884 ——
1068 1870 1138 1892 non
1168 1870 1320 1902 nequam
1351 1858 1375 1892 i.
1403 1870 1433 1892 e.
1460 1857 1741 1900 inconsiderati,

282 1905 532 1949 indiligenfis,
561 1912 699 1938 temere
725 1905 937 1939 scribentis.
970 1916 1041 1938 mm
1066 1916 1144 1938 meo
1175 1909 1315 1938 tantum
1344 1905 1435 1938 Ern.
1469 1915 1568 1949 susp.
1587 1923 1631 1929 —-
1669 1904 1741 1938 Di-
1773 1915 1777 1927 0

283 1951 453 1986 celem-chi
477 1952 610 1984 tabulis
634 1951 909 1995 geographicis.
950 1952 1004 1984 Er
1027 1963 1106 1985 war
1130 1962 1202 1984 von
1218 1951 1383 1985 Messina
1404 1953 1468 1985 aus
1483 1950 1652 1992 Sicssien,
1679 1949 1741 1982 ein
1774 1962 1776 1977 ³

283 1998 564 2043 Peripatetiker
595 1998 669 2030 und
703 1998 860 2032 Scheler
890 1998 956 2031 des
990 1997 1237 2040 Aristoteles,
1277 1998 1408 2030 dessen
1443 1996 1742 2041 geographische

285 2046 429 2079 VVerlie
453 2044 641 2089 Polybius
674 2043 711 2076 in
745 2044 867 2077 vielen
903 2044 1066 2078 Stucken
1103 2044 1250 2078 tadelte.
1305 2043 1343 2077 S.
1373 2042 1507 2078 Strabo
1526 2044 1584 2085 ΙΙ,
1611 2053 1645 2086 p.
1663 2043 1741 2076 107.

285 2091 331 2125 ad
356 2091 470 2124 Attic.
490 2091 542 2132 H,
568 2091 600 2123 2.
630 2091 684 2124 16.
734 2090 884 2124 Attikus
910 2091 1008 2124 hatte
1033 2091 1095 2124 die
1118 2089 1413 2133 geographische
1432 2087 1666 2131 Richtigkeit
1690 2087 1743 2121 ei-

286 2149 353 2171 ner
379 2137 496 2171 stelle
529 2137 565 2169 in
593 2136 756 2170 Cicero’s
781 2137 971 2180 Dialogen
1002 2138 1095 2170 iiber
1119 2137 1181 2169 die
1205 2135 1397 2180 Republik
1423 2135 1741 2178 angefochten.-—
1772 2150 1773 2153 ¹

284 2184 410 2217 multis
435 2183 656 2225 nominibus,
694 2182 812 2216 vieler
836 2183 963 2226 Dirige
987 2193 1155 2226 wegen.
1204 2181 1257 2216 So
1291 2181 1437 2214 nomine
1462 2180 1617 2214 sceleris
1642 2180 1743 2213 dam-
1772 2196 1773 2207 κ

285 2230 361 2263 nati
388 2229 538 2264 Vei-rin.
558 2229 606 2271 V,
627 2230 659 2262 5.
697 2229 845 2262 nomine
880 2229 1132 2273 negligentiae
1163 2234 1359 2272 suspectus
1390 2227 1434 2260 ad
1461 2227 1613 2260 Divers.
1631 2226 1689 2268 ΙΙ,
1707 2227 1740 2260 1.
1771 2248 1774 2255 ‹

287 2287 327 2310 eo
359 2276 502 2309 nomine
530 2287 576 2308 Σ·-
610 2275 828 2318 desswegen
864 2276 1035 2310 ebendas.
1071 2278 1089 2308 7
1115 2281 1209 2308 extr.
1238 2274 1358 2308 Tacit.
1391 2274 1523 2307 Annal.
1538 2272 1654 2314 XIV,
1683 2272 1739 2306 59.

287 2333 355 2367 quo
380 2322 523 2355 nomine
549 2321 690 2356 Vellei.
708 2322 735 2362 I,
753 2323 786 2354 5.
815 2322 963 2356 Ramsh.
989 2323 1017 2364 ξ.
1034 2322 1113 2363 103,
1144 2321 1232 2354 Not.
1254 2321 1347 2354 4.—
1381 2320 1419 2352 in
1449 2318 1581 2362 Troph.
1609 2317 1740 2352 chaer.

285 2372 450 2406 narrat..
489 2367 525 2400 in
551 2367 674 2400 §einer
700 2367 782 2401 dem
803 2368 951 2401 Charon
976 2368 1013 2401 in
1038 2368 1108 2400 den
1133 2366 1248 2400 Mund
1275 2364 1745 2410 gelegtenssesehreibung
1770 2380 1773 2390 =

287 2415 355 2449 der
380 2414 502 2447 Hohle
537 2413 602 2446 des
634 2414 887 2457 Trophonius.
934 2414 1164 2447 Chaeronem
1195 2412 1408 2455 loquentem
1444 2411 1644 2446 induxerat
1672 2409 1744 2443 Di-

286 2461 487 2495 caearchus
514 2459 549 2492 in
576 2459 684 2493 libris
722 2465 800 2507 περὶ
825 2463 888 2502 τῆς
911 2463 962 2500 εἷς
991 2462 1199 2507 Τροφωνίου
1225 2458 1474 2503 καταβάσεως,
1509 2462 1604 2491 teste
1627 2455 1743 2490 Athe-
1770 2492 1773 2497 .

285 2519 392 2542 nan.
419 2504 624 2540 MANUT.
673 2506 799 2538 Ueber
825 2506 886 2539 die
911 2505 1166 2540 Orakelho'hle
1191 2504 1256 2538 des
1279 2503 1519 2548 Trophonius
1543 2501 1606 2536 bei
1624 2501 1744 2534 Leba-
1770 2511 1771 2514 ¹

286 2554 349 2588 dia
381 2553 418 2586 in
442 2552 603 2586 Bootien
636 2564 665 2586 s.
691 2551 790 2585 Plin.
818 2552 864 2585 H.
890 2552 936 2586 N.
963 2552 1117 2594 XXXI,
1142 2551 1174 2583 2.
1206 2551 1449 2591 XXX1V,8.
1483 2549 1560 2583 cic.
1587 2547 1634 2580 de
1650 2547 1742 2581 Nat.
1770 2558 1772 2565 ’

287 2601 404 2635 Deor.
422 2603 499 2645 ΙΙΙ,
518 2605 571 2637 19.
590 2603 645 2636 22.
673 2601 719 2635 ad
745 2599 897 2634 Divers.
915 2600 952 2641 Ι,
972 2599 1028 2633 34.
1061 2598 1144 2632 Liv.
1161 2597 1280 2639 XLV,
1295 2596 1350 2631 27.
1369 2616 1414 2621 -
1438 2599 1522 2628 tam.
1548 2594 1738 2627 Fortasse:
1769 2593 1771 2597 ⁴

285 2652 436 2683 tantum.
453 2649 650 2684 ORELLI.
667 2668 710 2674 -—
740 2647 854 2681 secuti
869 2650 961 2679 sunt.
981 2646 1070 2679 Ern.
1088 2655 1188 2688 susp.
1205 2643 1292 2686 sint,
1320 2642 1427 2686 „sich
1437 2642 1492 2675 ian
1512 2640 1582 2673 den
1597 2639 1740 2673 Kiisten

283 2696 492 2739 angebauet
507 2697 712 2731 hiitten.''—
739 2695 853 2730 Quum
869 2704 915 2726 Ξ
929 2693 1166 2736 obgleich.-
1190 2693 1330 2731 auctor,
1357 2689 1423 2721 der
1439 2686 1740 2727 Gewiihrsmann,

282 2742 362 2776 sein
374 2742 620 2786 Zeugniss.-—
646 2748 802 2789 scrop„
817 2739 1053 2773 historiarum
1069 2735 1383 2785 peritissimus.—-
1402 2731 1740 2778 Dionysio,liberto
1769 2733 1774 2756 1³
