1795 3043
417 56 734 132 EPIS'roLA
769 82 1010 132 cccmv.
1078 83 1293 132 eccm.
1486 94 1587 144 475

439 194 670 241 „causan
701 194 869 241 οΡΡιο,
918 195 1175 232 οοΒΝΕιιο
1203 195 1267 232 sm

234 265 327 309 υΑ.
356 267 397 309 d.
429 280 511 311 VH.
541 269 606 308 Id.
637 269 770 309 Mart.
830 267 1106 308 Brundisium
1136 272 1233 308 veni
1243 285 1258 309 .·
1298 267 1359 310 ad
1384 281 1586 310 murum«

123 331 306 365 »castra
330 328 469 377 posui.
527 327 754 378 Pompeius
783 331 848 366 est
871 326 1103 366 Brundisii.
1163 327 1284 366 Misit
1312 326 1374 366 ad
1399 341 1465 367 me
1496 329 1548 368 N.
1562 339 1586 359 (ι

124 383 349 436 „Magium
381 383 433 423 de
454 397 574 435 pace.
635 384 753 433 Quae
782 385 876 423 visa
913 389 1034 430 sunt,
1080 384 1294 434 respondi.
1353 386 1448 424 Hoc
1477 395 1586 424 vosst

122 454 145 476 υ
155 442 304 479 statim
332 444 442 481 scire
460 442 592 482 volui.
634 441 770 490 Quum
798 442 844 480 in
862 453 976 492 spem
998 453 1154 479 venero
1184 440 1235 480 de
1252 444 1587 492 compositione«

121 497 324 550 „aliquid
349 512 417 538 me
443 499 669 549 conficere,
709 500 859 538 statim
889 510 966 538 vos
997 499 1200 538 certiores
1224 498 1444 549 faciam.<‘

236 599 448 647 Quomodo
475 612 544 641 me
569 611 684 641 nunc
711 601 862 652 putas,
902 600 963 641 mi
993 599 1167 649 Cicero,
1214 600 1430 652 torqueri,
1473 600 1588 652 post·
1610 599 1639 639 2
1688 648 1689 652 Ἰ

121 665 248 706 quam
285 668 430 697 rursus
463 657 507 697 in
538 669 652 709 spem
690 658 810 709 pacis
837 659 960 707 veni,
1010 669 1064 697 ne
1093 669 1177 708 qua
1206 669 1275 697 res
1305 669 1451 697 eorum
1480 669 1591 697 com-

120 712 374 765 positionem
397 713 629 766 impediat?
686 714 899 767 Namque,
931 715 1044 767 quod
1064 713 1214 755 absens
1241 715 1386 755 facere
1406 727 1590 767 possum,

120 771 239 820 opto.
299 770 418 819 Quod
448 771 485 812 si
514 784 600 812 una
629 784 785 825 essem,
814 773 978 825 aliquid
1000 773 1176 814 fortasse
1195 770 1404 826 proficere
1423 783 1588 825 possem

121 825 271 867 videri.
331 827 456 870 Nunc
486 830 804 882 exspectatione
832 830 1014 872 crucior.

323 1023 636 1071 EPISTOLA
672 1023 890 1072 CCCLV.
935 1023 1020 1083 (ad
1044 1025 1137 1070 Ait.
1170 1024 1249 1070 lx.
1285 1027 1389 1084 14.)

209 1110 293 1145 Ser.
318 1109 355 1146 in
372 1111 574 1146 Formiano
600 1111 813 1148 VI11.Ka1.
839 1112 932 1155 Apr.
957 1112 1005 1146 A.
1029 1111 1076 1145 U.
1104 1110 1146 1146 C.
1173 1110 1254 1148 705.
1288 1113 1336 1155 (a.
1364 1111 1407 1147 C.
1432 1112 1508 1153 49.)

122 1178 282 1223 Narrat,
331 1178 422 1223 quid
454 1179 502 1214 de
534 1179 694 1214 Caesare
728 1191 778 1215 ex
810 1179 933 1214 literis
966 1178 1078 1215 Pedii
1111 1185 1149 1214 et
1179 1180 1315 1215 Baebii
1349 1191 1522 1216 sermone
1555 1184 1590 1215 et

516 1225 663 1271 Leptae
688 1226 812 1261 literis
837 1226 1041 1271 acceperit.
1074 1227 1191 1263 1—3.

616 1306 806 1341 CICERO
836 1306 1032 1341 ATTICO
1059 1305 1099 1342 S.

237 1375 436 1416 Miseram
471 1374 524 1415 ad
552 1376 596 1416 te
635 1388 695 1417 lx.
727 1377 824 1417 Kal.
862 1377 1101 1428 exemplum
1142 1375 1347 1428 epistolae
1377 1376 1502 1418 Balbi
1541 1371 1594 1417 ad

124 1445 190 1473 me
219 1434 262 1473 et
291 1431 481 1472 Caesaris
509 1432 562 1472 ad
593 1445 708 1483 eum;
760 1446 861 1474 ecce
891 1432 970 1473 tibi
1001 1433 1146 1473 eodem
1175 1434 1244 1474 die
1276 1434 1419 1487 Capua
1448 1435 1596 1474 literas

126 1490 313 1542 [accepi]
346 1489 399 1530 ab
430 1489 477 1537 Q.
493 1489 648 1530 Pedio:
689 1491 910 1530 Caesarem
940 1489 993 1530 ad
1024 1503 1069 1530 se
1098 1490 1238 1542 pridie
1267 1490 1327 1531 Id.
1357 1490 1486 1532 Mart.
1516 1491 1594 1531 mi-

124 1547 229 1587 sisse
269 1547 352 1587 hoc
393 1547 610 1598 exemplo:
657 1549 885 1600 Pompeius
926 1561 971 1588 se
1018 1549 1170 1600 oppido
1212 1555 1343 1588 tenet.
1414 1550 1501 1588 Nos
1537 1548 1598 1587 acl

128 1611 284 1656 portas
320 1610 469 1644 castra
508 1605 725 1646 habemus.
789 1607 1008 1645 Conamur
1045 1618 1147 1656 opus
1186 1619 1391 1660 magnum
1422 1612 1464 1644 et
1493 1607 1596 1645 mul-

126 1668 268 1702 torum
287 1662 474 1709 dierum,
500 1668 680 1713 propter
703 1662 976 1702 altitudinem
995 1665 1147 1703 maris.
1207 1664 1293 1702 Sed
1322 1669 1468 1703 tamen
1490 1663 1598 1702 nihil

215 1783 317 1817 1—2.
343 1782 543 1826 subscripsi
566 1782 649 1816 scil.
673 1780 731 1815 his
757 1780 850 1815 meis
875 1780 1010 1815 literis.
1033 1799 1076 1806 —
1109 1781 1305 1815 distentum
1330 1780 1506 1824 negotiis,
1532 1780 1597 1814 be-

126 1829 311 1872 sch‘astigt.
337 1847 380 1854 -—-
429 1829 491 1872 qui
515 1840 561 1861 =
585 1839 697 1872 quum
723 1827 757 1861 is
782 1853 791 1861 .
811 1851 819 1860 .
836 1852 845 1862 .
872 1827 1080 1871 scripserit.
1107 1847 1150 1852 —
1201 1827 1357 1863 OPPIO.
1395 1825 1434 1861 S.
1463 1837 1509 1860 zu
1536 1837 1597 1871 ep.

126 1874 384 1911 DCCXLVII
413 1873 462 1908 im
493 1874 578 1911 Ans.
609 1893 652 1899 ““
702 1873 957 1907 CORNELIO
987 1874 1123 1908 Balbo.
1175 1874 1213 1909 S.
1251 1883 1298 1908 zu
1323 1873 1599 1908 CCCXXXIX

126 1921 273 1964 Anlage
298 1922 344 1955 A.
380 1940 425 1946 —-
477 1920 565 1954 VII.
591 1921 650 1954 Id.
674 1920 817 1961 Mart„
858 1931 914 1953 am
940 1921 972 1954 9.
994 1921 1112 1955 Marz.
1150 1939 1191 1946 —
1240 1920 1290 1955 Ν.
1317 1919 1506 1962 Magium.
1556 1918 1596 1954 S.

128 1968 159 2011 §.
179 1969 200 2003 8
226 1968 292 2001 des
315 1967 437 2010 vorig.
464 1966 602 2000 Briefs.
635 1985 678 1991 —
727 1976 818 2010 quae
840 1969 920 1999 vIsa
944 1971 1046 2009 sunt,
1087 1967 1209 2001 meine
1234 1966 1394 2001 Ansicht
1418 1966 1599 2007 dariiber3

127 2014 203 2049 wie
229 2013 288 2048 ich
313 2013 374 2047 die
401 2013 522 2048 Sache
548 2013 697 2046 ansehe.
731 2031 775 2036 —
823 2012 866 2045 de
891 2024 1046 2057 compos.
1073 2014 1122 2047 al.
1149 2039 1157 2047 .
1177 2037 1186 2046 .
1213 2014 1404 2056 conficere,
1440 2012 1478 2046 iu
1502 2011 1600 2046 Hin-

128 2060 228 2095 sicht
265 2059 369 2094 eines
408 2060 601 2103 giitlichen
637 2056 866 2101 Vergleichs
909 2059 1038 2093 Etwas
1080 2069 1126 2092 zu
1159 2058 1299 2093 Stande
1338 2069 1384 2092 zu
1424 2058 1597 2102 bringen.

130 2108 245 2141 Casar
276 2106 376 2139 hatte
409 2106 490 2140 sich
525 2105 587 2140 die
613 2104 781 2149 Sprache
813 2104 948 2138 milder
973 2104 1194 2147 Gesinnung
1218 2105 1394 2139 diessmal
1427 2115 1495 2139 zur
1519 2105 1600 2139 Ma-

130 2153 233 2188 xime
258 2153 439 2196 gemacht.
478 2170 521 2177 -
571 2151 745 2195 torqueri.
787 2151 975 2186 Desshalb
1000 2152 1232 2195 gebrauchte
1257 2151 1392 2187 Cicero
1418 2162 1474 2185 am
1491 2150 1601 2185 Ende

130 2200 198 2234 des
223 2199 379 2245 vorigen
395 2198 522 2233 Briess
547 2197 619 2232 den
644 2197 845 2232 Ausdruck
870 2201 1075 2242 torquetur,
1101 2208 1142 2231 er
1167 2198 1289 2231 macht
1309 2197 1391 2232 sich
1412 2196 1602 2241 qualvolle

132 2245 292 2289 Sorgen.
326 2264 372 2270 --
419 2245 566 2287 absens,
601 2245 697 2278 denn
716 2244 930 2278 Wiinschen
961 2244 1011 2278 ist
1041 2244 1169 2286 Alles‚
1205 2255 1284 2279 was
1318 2244 1380 2279 ich
1414 2244 1450 2278 in
1477 2243 1602 2278 dieser

131 2293 390 2335 Entl'ernung,
423 2302 557 2336 wegen
584 2290 728 2324 meiner
752 2290 1006 2334 Entfemung,
1039 2291 1128 2324 thun
1153 2290 1264 2324 kann.
1292 2309 1332 2316 -
1383 2291 1504 2324 videri
1529 2300 1601 2324 om.

135 2339 219 2372 Asc.
248 2340 278 2372 l.
314 2338 416 2372 Crat.
447 2338 575 2372 Lamb.
624 2336 752 2371 Allein
786 2347 825 2370 es
858 2336 906 2370 ist
937 2336 1139 2371 Ausdruck
1170 2337 1240 2372 der
1269 2334 1602 2374 Bescheidenheit,

134 2383 325 2418 wohinter
350 2383 417 2417 der
443 2384 640 2418 Gleissner
664 2383 745 2418 sich
770 2382 972 2416 versteckt.

226 2432 259 2464 1.
293 2430 365 2465 IX.
396 2429 487 2465 Kal.
518 2429 666 2474 Ap1·i1.,
705 2440 760 2463 am
796 2430 853 2465 23.
886 2430 1002 2464 Miirz.
1039 2447 1085 2457 --·
1132 2440 1212 2464 ecce
1243 2428 1323 2464 tibi.
1374 2427 1416 2464 S.
1449 2426 1601 2462 Ramsh.

134 2478 164 2521 §.
185 2477 252 2511 119
285 2477 379 2510 iiber
414 2475 478 2511 das
501 2477 687 2521 pleonast.
713 2476 794 2509 libi.
830 2494 876 2501 —
924 2476 1048 2521 accepi
1072 2478 1086 2521 [
1111 2476 1135 2519 J.
1173 2476 1264 2510 Ern.
1291 2475 1365 2508 del.
1394 2474 1483 2509 Sch.
1509 2474 1604 2507 Liin.

135 2541 181 2549 -—
225 2524 266 2559 Q.
298 2522 433 2565 Pedio,
472 2522 647 2557 Caesaris
684 2523 821 2567 legato.
864 2522 994 2557 Plane.
1035 2535 1066 2557 c.
1091 2525 1123 2557 7.
1157 2521 1384 2556 aedilitatem
1420 2531 1501 2554 cum
1537 2520 1604 2553 Cn.

136 2569 296 2605 Plancio
314 2568 417 2613 petit.
459 2569 530 2602 Hic
548 2575 606 2603 est
629 2568 710 2602 sine
736 2569 870 2612 dubio,
898 2569 963 2612 qui
988 2580 1009 2602 a
1026 2569 1185 2603 Caesare
1203 2568 1382 2601 cohaeres
1401 2565 1605 2600 Octaviano

138 2616 301 2696 ascriptus
327 2616 446 2695 lggem
468 2614 625 2696 {edilam
652 2615 1234 2697 εὲιιιταξαῗῧιξγῖἒῗῖυεεοῑεῑ
1259 2613 1448 2691 scripsit‚l
1463 2612 1510 2646 de
1534 2622 1607 2692 gula

172 2669 298 2696 ueton.
367 2672 441 2695 aes.
492 2664 524 2696 23.
585 2662 649 2695 'en
701 2688 708 2694 .
741 2672 811 2696 ce.
872 2684 880 2694 1
918 2668 931 2695 2
974 2672 981 2686 ⁴
1022 2663 1030 2672 '
1077 2686 1082 2694 .
1119 2679 1164 2686 -·
1236 2670 1277 2693 oc
1307 2670 1494 2703 cumpo,
1551 2670 1608 2692 o-

166 2708 287 2742 enden
308 2707 379 2741 Dir
396 2707 651 2742 abschriftlich
676 2707 951 2751 mitgetheilten
968 2707 1122 2741 Inhalts.
1161 2706 1304 2740 misisse
1319 2705 1448 2739 literas
1471 2706 1557 2739 Asc.
1574 2706 1606 2737 l.

139 2719 240 2789 {rat
274 2753 403 2788 Lamb.
433 2774 473 2780 --
524 2753 708 2788 Conantur
732 2764 821 2798 opus
845 2764 1032 2796 ’ztagnunm
1083 2752 1162 2787 Cfr.
1189 2753 1296 2788 Caes.
1322 2752 1370 2787 de
1392 2751 1438 2787 B.
1463 2750 1545 2787 Civ.
1574 2752 1608 2793 1,
