1795 3043
356 61 672 110 EPISTOLA
706 60 968 106 cccxxll.
1024 58 1311 106 CCCXXIII.
1461 64 1562 113 375

105 176 196 216 dem
226 175 280 216 iis
309 175 468 224 literis,
501 188 610 226 quae
641 175 771 215 Roma
799 170 1055 221 afferuntur,
1086 173 1138 213 de
1167 171 1378 219 Domitio,
1409 169 1461 210 do
1490 169 1561 210 Pi-

104 231 289 274 centium
319 233 576 274 cohortibus.
636 231 783 272 Omnia
813 232 933 270 erant
962 231 1075 271 facta
1103 231 1185 271 hoc
1212 228 1338 283 biduo
1369 227 1560 268 laetiora.

104 291 250 341 ltaque
279 291 399 345 suga,
430 303 538 343 quae
567 289 821 342 parabatur,
856 298 1050 340 repressa
1079 288 1154 327 est.
1214 284 1403 328 Caesaris
1432 283 1562 324 iuter-

103 347 237 396 dicia,

214 407 264 444 Si
291 411 331 445 te
359 404 539 445 seczmdo
568 406 724 444 lumine
751 403 817 443 hic
846 400 1087 453 offendero,

102 463 368 514 respuuntur.
426 461 541 501 Bona
581 460 631 500 de
669 458 876 506 Domitio,
907 458 1131 510 praeclara
1159 454 1211 497 de
1240 454 1417 497 Afranio
1444 455 1557 497 sama

102 521 175 559 est.
235 518 353 567 Quod
383 530 449 558 me
477 517 728 557 amicissime
758 516 970 567 admones,
999 516 1047 555 ut
1075 526 1141 555 me
1161 514 1384 565 integrum,
1414 511 1555 564 quoad
1578 518 1607 558 2

100 575 277 629 possim,
316 586 504 626 servem,
538 575 702 627 gratum
731 574 806 613 est.
873 572 993 620 Quod
1030 571 1175 619 addis,
1215 582 1269 610 ne
1304 570 1557 623 propensior

78 631 153 672 'ad
183 634 348 685 turpem
378 643 547 672 causam
577 630 741 679 videam
790 631 906 671 certe
943 628 1081 671 videri
1119 639 1301 681 possum.
1371 628 1461 680 Ego
1489 638 1557 666 me

100 689 249 729 ducem
280 690 322 729 in
353 689 470 731 civili
499 688 625 735 bello,
658 686 796 740 quoad
825 687 877 727 de
898 699 1003 739 pace
1023 686 1232 739 ageretur,
1261 684 1411 737 negavi
1441 695 1556 732 esse;

99 758 182 785 nou
214 748 316 796 quin
345 749 508 786 rectum
539 747 670 793 esset,
703 745 774 784 sed
804 743 926 796 quia,
969 743 1081 796 quod
1110 744 1241 783 multo
1268 742 1429 782 rectius
1459 741 1557 792 fuit,

98 803 142 843 id
169 803 272 843 mihi
300 803 488 844 fraudem
518 803 631 844 tulit.
688 803 820 842 Plane
850 814 959 849 eum,
992 800 1062 842 cui
1093 800 1256 841 Gnaeus
1284 800 1428 839 noster
1456 799 1559 838 alte-

98 872 190 900 rum
212 861 473 901 consulatum
502 859 686 900 deferret
709 861 750 898 et
772 859 1030 911 triumphum
1060 880 1117 887 —
1147 857 1355 908 atquibus
1384 854 1557 896 verbis?

98 929 203 969 „pro
234 917 318 957 suis
347 917 473 957 rebus
494 918 619 969 gesiis
640 916 934 968 amplissimi?
963 937 1020 943 —
1049 914 1268 955 inimicum
1298 913 1456 954 habere
1485 923 1558 951 no-

96 975 269 1014 lueram.
327 975 417 1028 Ego
446 975 549 1020 scio,
583 976 623 1014 et
654 987 778 1025 quem
809 976 990 1013 metuam
1011 973 1054 1012 et
1080 984 1207 1023 quam
1235 971 1288 1010 ob
1318 982 1420 1010 rem.
1481 968 1558 1008 Sin

97 1031 176 1071 erit
208 1031 380 1079 bellum,
411 1033 458 1071 ut
477 1030 599 1071 video
630 1032 743 1079 sore;
775 1032 916 1082 partes
945 1041 1063 1069 meae
1085 1039 1169 1068 non
1193 1026 1555 1067 desiderabuutur.

95 1088 158 1128 De
188 1090 260 1129 HS
289 1102 356 1130 xx.
385 1088 584 1129 Terentia
616 1088 692 1128 tibi
721 1087 949 1138 rescripsit.
1023 1085 1248 1137 Dionysio,
1285 1084 1385 1123 dum
1416 1081 1558 1123 existi·
1581 1085 1609 1124 3

95 1145 261 1186 mabam
290 1157 416 1198 vagos
444 1156 522 1185 nos
557 1146 670 1196 sore,
718 1145 835 1184 nolui
872 1144 1073 1183 molestus
1102 1149 1206 1182 esse.
1274 1140 1373 1182 Tibi
1418 1141 1559 1181 autem

95 1203 246 1244 erebro
275 1202 329 1244 ad
357 1215 424 1243 me
452 1201 659 1242 scribemi
689 1201 740 1240 de
757 1202 848 1241 eius
865 1200 1022 1248 officio,
1052 1199 1164 1240 nihil
1192 1197 1415 1250 rescripsi:
1445 1194 1560 1248 quod

89 1269 1559 1284 ——--—-—--———----—-——-———-—-—-—-—-

94 1295 153 1327 iis.
187 1294 274 1326 Asc.
293 1295 325 1326 l.
362 1293 461 1325 Crat.
488 1290 591 1325 Vict.
618 1292 650 1323 l.
676 1290 805 1322 Lamb.
831 1289 900 1323 his.
928 1308 970 1313 -
1018 1288 1160 1322 Domit.
1185 1288 1261 1332 vgl.
1290 1289 1324 1322 d.
1347 1287 1558 1322 321.Br.-—

96 1350 279 1382 repressa,
321 1336 549 1380 eingestellt.
589 1354 630 1359 —
686 1335 858 1369 Caesaris
889 1335 1108 1377 interdicta,
1155 1334 1286 1368 C'asars
1326 1333 1559 1376 Strafgebot,

96 1387 149 1429 uis·
174 1395 282 1418 wenn
310 1395 350 1417 er
375 1384 489 1416 sehon
516 1383 652 1416 Prator
677 1383 779 1414 ware
805 1381 879 1415 und
905 1381 966 1414 die
979 1381 1128 1424 Burger
1152 1390 1198 1414 zu
1224 1381 1361 1414 strafen
1388 1379 1560 1421 drohete‚

96 1433 156 1465 die
184 1442 224 1464 er
251 1431 500 1472 iibermorgen
524 1428 608 1461 fr'uh
634 1428 727 1459 noch
753 1428 790 1460 in
816 1428 914 1461 Rom
939 1428 1120 1461 antreffen
1150 1426 1294 1462 warde.
1336 1426 1418 1460 Der
1441 1424 1562 1460 Senar

96 1479 143 1512 ist
169 1478 244 1511 wol
270 1487 334 1510 aus
359 1475 426 1509 der
451 1475 544 1507 nach
562 1474 767 1518 Euripides
791 1474 1032 1516 gedichteten
1056 1472 1191 1507 Medea
1217 1473 1283 1506 des
1310 1472 1452 1507 Ennius
1478 1476 1560 1505 ent-

97 1525 217 1564 leliut;
252 1523 348 1555 deun
373 1520 472 1555 beim
490 1519 694 1564 Euripides
720 1520 836 1554 lautet
860 1519 922 1552 die
947 1518 1082 1561 Stelle,
1106 1529 1167 1552 wo
1192 1519 1324 1552 Kreon
1350 1518 1412 1552 die
1425 1517 1562 1551 Medea

97 1571 299 1604 bedrohet:
325 1571 370 1603 Εἰ
386 1572 418 1603 σ’
434 1567 455 1609 ἡ
474 1567 624 1602 ’πιοῦσα
650 1566 796 1608 λαμπάς
819 1566 946 1608 ὄψεται
969 1566 1066 1601 θεοῦ
1089 1568 1151 1600 καὶ
1174 1565 1312 1606 παῖδας
1335 1563 1434 1604 ἐντὸς
1457 1564 1561 1606 τῆςδε

96 1617 271 1665 τερμόνων
296 1612 455 1657 χθονός,
485 1614 603 1656 &aum
639 1613 798 1646 λέλεκιαι
820 1614 947 1654 μῦθος
972 1611 1015 1647 οὐ
1042 1609 1178 1655 ψευδής
1201 1610 1291 1647 τόδε.
1336 1610 1469 1644 Cicero
1496 1610 1560 1643 hat

94 1663 188 1697 auch
220 1662 257 1695 in
289 1661 356 1693 der
380 1659 486 1692 Rede
518 1669 588 1703 pro
614 1656 772 1692 Rabirio
798 1657 928 1691 Posth.
961 1656 1093 1691 diesen
1117 1656 1219 1693 Vers
1244 1668 1312 1690 vor
1335 1657 1486 1699 Augen:
1526 1659 1560 1689 et

94 1710 182 1742 illae
206 1707 350 1740 minae.-
374 1705 437 1749 „si
460 1709 494 1738 te
517 1704 671 1738 secundo
698 1704 832 1736 [maine
856 1703 914 1737 hic
939 1703 1142 1746 offendero,
1168 1703 1365 1736 moriere.'’
1394 1703 1431 1737 S.
1453 1701 1558 1736 Vlc-

97 1752 294 1789 TORIUS.
310 1771 356 1777 —
389 1754 626 1795 respuuntur,
652 1749 751 1783 wird
774 1749 839 1782 mit
864 1752 1033 1793 grosster
1048 1750 1296 1793 Verachtung
1320 1748 1558 1793 abgewieseu

94 1802 128 1835 d.
166 1801 191 1835 i.
228 1797 409 1834 Niemand
453 1797 568 1830 denkt
600 1796 692 1830 ietzt
725 1806 770 1829 an
803 1796 951 1830 Flucht.
983 1814 1027 1820 -—
1085 1796 1130 1829 de
1160 1797 1344 1839 Afranio,
1383 1793 1558 1840 Pompeii

95 1849 239 1891 legam,
271 1844 336 1889 qui
361 1843 553 1887 Hispaniis
578 1849 762 1887 praeerat.

183 1893 214 1925 2.
250 1895 287 1923 ut
310 1901 367 1923 me
391 1892 577 1933 integrum
601 1914 609 1922 .
625 1914 632 1922 .
650 1913 657 1921 .
684 1898 841 1930 servem,
872 1885 968 1922 sreie
984 1885 1115 1920 Hiinde
1140 1896 1186 1922 zu
1211 1887 1434 1929 bewahren,
1461 1885 1559 1920 mich

94 1941 151 1973 fiir
182 1936 293 1971 keine
324 1935 454 1971 Partei
493 1946 538 1969 zu
578 1934 765 1968 erklaren.
802 1951 845 1958 —-
898 1937 1050 1976 gratum
1086 1937 1158 1976 est,
1201 1934 1371 1968 verdient
1410 1932 1558 1967 meinen

94 1986 221 2019 besten
248 1982 371 2018 Dank.
397 2000 441 2009 -
498 1992 541 2014 ne
561 1982 779 2024 propensior
803 1984 875 2014 cet.
906 1980 974 2018 ist,
1007 1989 1086 2013 was
1110 1978 1263 2013 Attikus
1288 1991 1334 2014 zu
1359 1982 1399 2012 ut
1423 1989 1478 2012 me
1502 1981 1559 2012 in-

94 2036 238 2073 tegrum
261 2039 398 2063 servem
423 2027 684 2071 hinzugesetzt
708 2026 820 2059 hatte.
848 2044 893 2050 —-
940 2036 1011 2058 non
1028 2028 1133 2069 quin,
1160 2025 1263 2059 nicht
1287 2027 1343 2060 als
1362 2035 1471 2058 wenn
1492 2024 1560 2061 das

95 2077 194 2112 nicht
230 2076 334 2110 recht
365 2076 478 2108 wiire.
517 2073 554 2108 S.
581 2072 731 2106 Ramsh.
757 2073 785 2114 §.
802 2072 878 2106 186.
912 2071 1056 2106 Grotef.
1083 2073 1110 2114 ἓ.
1129 2073 1209 2107 394.
1235 2091 1281 2097 ——-
1327 2072 1422 2115 quod
1445 2072 1559 2104 multo

94 2126 227 2157 rectius
257 2123 327 2164 fuit
359 2120 381 2155 i.
410 2131 443 2154 e.
479 2120 567 2164 quia
597 2119 656 2160 id,
697 2118 797 2162 quod
829 2118 917 2150 olim
949 2117 1115 2152 eiusdem
1152 2118 1206 2151 rei
1240 2118 1417 2162 publicae
1447 2128 1559 2151 causa

95 2170 185 2211 feci,
221 2178 331 2212 quum
358 2166 539 2201 Catilinae
571 2164 865 2198 coniurationem
891 2163 1082 2208 oppressi,
1114 2175 1288 2198 summam
1316 2164 1406 2197 mihi
1432 2163 1558 2209 perni-

95 2215 186 2249 ciem
204 2213 348 2256 attulit,
376 2224 444 2257 pro
470 2218 573 2246 recte
597 2212 705 2245 factis
731 2210 767 2243 in
794 2210 967 2244 exsilium
981 2211 1103 2255 pulso.
1128 2210 1336 2245 MANUT.
1356 2229 1400 2235 -—
1443 2210 1558 2244 Plane

95 2273 194 2303 enm,
221 2262 428 2294 Caesarem.
454 2278 498 2283 —
546 2262 690 2299 noster,
717 2256 932 2301 Pompeius.
960 2276 1001 2281 -
1043 2267 1145 2300 quem
1169 2261 1336 2290 metuam.
1374 2255 1557 2290 Nimirum

96 2306 328 2350 Pompeium.
374 2305 414 2340 S.
448 2315 495 2338 zu
526 2316 584 2350 ep.
617 2303 863 2345 CCCXXVL
899 2303 939 2335 2:
977 2302 1150 2338 subeuml.
1181 2304 1386 2348 periculum
1416 2304 1476 2336 sit.
1514 2320 1556 2327 —-

95 2365 165 2387 non
191 2353 368 2393 desider„
400 2362 442 2384 so
468 2351 540 2384 soll
566 2361 604 2385 es
630 2361 674 2384 an
702 2350 772 2383 mir
796 2350 897 2382 nicht
922 2349 1060 2382 selilen.

184 2401 215 2433 3.
253 2397 316 2431 HS
341 2397 427 2431 XX.
469 2396 533 2432 Sic
566 2397 656 2431 Cdd.
691 2396 847 2440 Malasp.
875 2396 926 2430 M.
966 2395 1043 2429 XX
1067 2394 1242 2429 millibus.
1268 2396 1355 2428 Asc.
1381 2395 1414 2426 1.
1455 2394 1555 2427 Crat.

96 2445 196 2479 Vici.
223 2446 256 2477 1.
283 2443 315 2477 2.
354 2443 482 2476 Lamb.
513 2444 599 2477 Bos.
634 2443 796 2476 millibus
821 2443 908 2475 XX.
947 2441 1080 2475 GraeV.
1114 2441 1203 2475 Ern.
1237 2440 1325 2475 Seu.
1359 2440 1451 2472 Liin.
1480 2439 1555 2472 ΟΕ.

96 2492 147 2525 Es
173 2489 324 2524 bczieht
349 2488 429 2522 sich
454 2488 556 2522 diese
581 2489 701 2523 Stelle
727 2500 755 2521 vv
766 2489 802 2521 ol
828 2489 892 2522 auf
913 2499 972 2533 ep.
989 2487 1179 2530 CCGVH,
1204 2488 1243 2521 5:
1270 2497 1349 2519 cum
1369 2486 1559 2519 Terentiae

96 2548 235 2571 summa
272 2535 346 2569 und
373 2545 431 2579 ep.
450 2535 698 2577 CCCXVIII,
723 2536 760 2570 3:
797 2537 867 2567 ista
896 2557 925 2567 ..
942 2560 950 2567 .
974 2534 1139 2578 provide.
1167 2552 1209 2557 --
1258 2542 1391 2573 vagos,
1429 2530 1558 2565 immet

97 2583 160 2618 auf
182 2583 248 2616 der
270 2581 417 2617 Flucht.
449 2599 491 2605 —-
545 2582 647 2614 nolui
680 2581 850 2614 molestas
885 2590 958 2613 esse
988 2580 1011 2613 i.
1039 2591 1071 2614 e.
1110 2578 1213 2612 nolui
1250 2589 1332 2611 eum
1367 2586 1559 2611 arcessere

98 2630 141 2663 ad
167 2639 306 2673 pueros
333 2627 533 2661 docendos.
560 2627 667 2661 SCH.
703 2628 741 2661 S.
770 2638 828 2671 ep.
845 2626 1031 2668 CCCXV‚
1057 2628 1090 2660 3.
1123 2625 1248 2658 Ueber
1269 2624 1303 2657 d.
1323 2622 1508 2657 Nominat.
1525 2634 1559 2657 e.

100 2675 204 2708 Inlin.
239 2674 387 2709 Ramsli.
413 2675 440 2717 ξ).
460 2674 540 2715 168,
566 2673 610 2715 Β,
634 2673 668 2715 2,
699 2673 783 2707 Not.
810 2674 843 2708 3.
869 2673 904 2708 4.
945 2672 1087 2706 Grotef.
1115 2672 1142 2714 ᾗ.
1160 2670 1237 2705 205.
1263 2670 1340 2705 312.
1381 2669 1473 2704 iiber
1499 2669 1561 2703 die

102 2721 271 2766 Stellung
303 2721 398 2754 diem
423 2730 465 2753 er
491 2721 551 2754 die
581 2729 608 2754 s.
635 2719 782 2753 Ramsh.
812 2720 889 2763 197,
914 2718 950 2761 4,
978 2729 1009 2752 a.
1038 2737 1077 2743 —-
1127 2717 1169 2750 de
1200 2719 1277 2750 eius
1309 2717 1449 2759 officio,
1486 2726 1561 2750 von
