1795 3043
219 65 319 113 184
491 60 555 106 Μ.
591 59 646 105 Τ.
683 56 1018 105 CICERONIS
1052 57 1421 117 EPISTOLAE.

221 172 324 214 ticio
354 171 603 214 centesimas
631 183 697 212 mo
727 169 1049 212 observaturum
1077 170 1278 212 haberem
1309 182 1405 211 eum
1427 169 1685 211 anatocismo

223 230 526 281 anniversario,
555 229 630 268 ille
660 241 711 268 ex
741 230 978 281 syngrapha
1007 228 1249 281 postulabat
1267 229 1503 279 quaternas.
1544 226 1688 279 „Quid

227 287 321 328 ais?
363 287 548 337 inquam.
607 285 837 325 Possumne
874 288 1023 326 contra
1059 297 1198 324 meum
1227 283 1469 325 edictum&
1524 282 1581 323 At
1611 285 1688 324 ille

229 344 390 397 profert
420 344 586 383 senatus
624 343 860 383 consultum
890 343 1071 382 Lentulo
1101 342 1387 394 Philippoque
1429 340 1687 387 consulibus,

238 403 332 446 UT,
385 401 495 449 QUI
539 400 817 440 CILICIAM
855 401 1219 452 ORTINERET,
1272 400 1373 439 IUS
1413 400 1505 438 EX
1539 396 1689 437 ILLA

154 469 208 509 12
235 456 604 497 SYNGRAPHA
634 457 918 497 DICERET.
979 455 1187 495 Cohorrui
1215 455 1377 509 primo:
1416 455 1571 494 etenim
1602 454 1693 494 erat
1779 498 1781 502 Α

230 513 428 553 interitus
449 513 644 553 civit-atis.
695 513 876 565 Reperio
907 512 989 552 duo
1020 514 1188 552 senatus
1219 513 1410 553 consulta
1429 511 1579 551 iisdem
1597 522 1695 550 con·
1730 518 1731 521 ’

230 569 393 610 sulibus
433 569 484 610 de
523 568 668 609 eadem
697 570 946 622 syngrapha.
1007 569 1225 610 Salaminii
1263 582 1392 621 quum
1421 568 1576 608 Romae
1605 579 1696 608 ver·
1720 570 1732 592 ’ὃ

231 639 373 666 suram
406 628 544 668 facere
574 627 756 674 vellent,
796 638 878 666 non
910 627 1129 678 poterant3
1168 626 1277 678 quod
1317 627 1385 666 lex
1417 625 1598 665 Gabinia
1626 635 1697 664 ve-

229 683 362 725 tabat.
420 685 528 724 Tum
556 683 588 722 ii
618 683 742 723 Brut-i
770 682 1014 730 familiares,
1046 683 1148 723 freti
1178 683 1313 736 gratia
1333 682 1470 731 Bruti,
1501 683 1602 722 dare
1626 691 1699 721 vo·
1737 713 1741 717 .

230 741 375 781 lebant
411 740 648 792 quaternis,
695 739 732 779 si
771 739 852 779 sibi
890 741 1059 779 senatus
1100 741 1292 780 consulto
1333 740 1567 780 caveretur.
1626 736 1700 778 Fit
1742 757 1745 761 ·

231 798 368 850 gratia
387 797 510 837 Bruti
540 798 707 836 senatus
738 796 991 844 consultum,
1031 799 1108 837 UT
1135 799 1301 837 NEVE
1331 796 1698 842 SALAMINIIS‚

235 857 401 894 NEVE
441 856 548 903 QUI
584 856 686 893 EIS
725 855 1056 902 DEDJSSET,
1094 854 1330 894 FRAUDI
1358 856 1564 894 ESSET.
1623 852 1702 892 Pe·
1738 859 1744 866 “

232 931 300 966 mit
326 932 407 965 dem
423 931 544 965 Recht
571 930 631 964 die
658 930 956 964 riickstehenden
978 931 1114 964 Zinsen
1140 931 1213 964 alle
1229 930 1337 963 Iahre
1363 939 1444 963 zum
1463 929 1630 974 Capitale
1655 938 1702 962 zu

232 978 429 1022 schlagen,
463 977 595 1011 wiirde
621 987 665 1010 zu
684 977 805 1011 Recht
830 978 954 1021 gelten
982 977 1122 1021 lassen3
1156 987 1198 1010 so
1224 976 1391 1009 t‘orderte
1415 975 1587 1019 Scaptius
1612 975 1698 1008 den·
1755 991 1763 1010 i
1784 982 1786 987 '

233 1025 329 1057 noch
354 1026 529 1067 vermoge
550 1023 674 1057 seiner
692 1023 1078 1067 Zinsverschreibung
1098 1025 1120 1057 4
1135 1033 1208 1056 von
1227 1024 1292 1057 100
1318 1021 1557 1055 nionathlich.
1585 1020 1623 1055 S.
1642 1031 1703 1065 ep.

235 1070 383 1106 CCLII.
428 1070 609 1106 Plutarch
643 1069 681 1103 in
706 1069 879 1104 Lucullo.
920 1070 1195 1112 Anatocismus,
1222 1067 1481 1113 ἄυατοκισμός,
1517 1067 1605 1101 Zins
1630 1077 1704 1100 von

235 1117 337 1156 Zins,
367 1127 408 1151 so
433 1117 517 1150 dass
542 1116 604 1150 die
629 1116 912 1160 aufgelaufenen
930 1115 1066 1150 Zinsen
1093 1116 1252 1150 iiihrlich
1276 1115 1418 1148 wieder
1443 1120 1604 1147 mussten
1620 1124 1706 1146 ver-

235 1163 344 1197 zins't
375 1163 543 1197 werden.
596 1162 635 1196 S.
669 1174 746 1207 ep.:
781 1162 976 1197 CCLXIV
1012 1162 1233 1201 centesimis,
1268 1164 1436 1194 revocato
1470 1160 1510 1192 in
1538 1160 1707 1202 singulos

235 1211 382 1253 fenore‚·
409 1209 558 1244 CCLII:
586 1209 799 1242 centesimas
822 1209 987 1241 sexennii
1011 1220 1091 1242 cum
1115 1208 1350 1242 renovatione
1376 1217 1554 1239 annorum
1577 1207 1708 1248 singu-

235 1257 368 1290 lorum.
391 1274 435 1279 —
483 1259 679 1299 quaternas
712 1254 792 1288 scil.
826 1254 1045 1288 centesimas
1077 1254 1113 1288 h.
1139 1265 1171 1289 e.
1203 1260 1243 1286 ut
1277 1264 1343 1286 nos
1377 1253 1534 1285 dicimus
1565 1253 1609 1286 48
1637 1262 1708 1296 pro

238 1303 338 1336 Ceut.
357 1320 399 1326 —
426 1300 622 1335 Possumne
647 1305 717 1334 cet.
745 1301 843 1334 kann
870 1301 930 1334 ich
956 1310 1076 1343 gegen
1103 1299 1199 1332 mein
1220 1299 1330 1333 Edict
1354 1299 1476 1332 Recht
1501 1297 1710 1342 sprechenz

238 1367 281 1373 —
311 1349 467 1392 profert,
494 1347 573 1390 legt
598 1346 669 1380 mir
693 1357 774 1381 vor.
790 1364 836 1372 —·
870 1346 1090 1388 consulibus,
1116 1346 1193 1378 also
1221 1345 1280 1378 eiu
1307 1343 1345 1378 S.
1365 1345 1405 1378 C.
1427 1355 1511 1378 vom
1528 1345 1710 1378 Lotis.—

243 1394 331 1437 UT,
373 1393 465 1429 QUI
488 1399 559 1426 cet.
594 1393 693 1427 kraft
718 1392 852 1427 dessen
878 1392 983 1426 ieder
1013 1391 1183 1434 kiinstige
1208 1391 1428 1426 Statthalter
1453 1401 1525 1423 von
1552 1389 1710 1424 Cilicien

239 1441 352 1476 sollte
378 1440 553 1483 gehalten
579 1440 674 1482 sein,
700 1439 761 1473 die
787 1450 920 1483 wegen
941 1439 1065 1472 dieses
1081 1437 1363 1472 Schuldbriefes
1385 1444 1482 1470 etwa
1500 1437 1713 1470 entstehen-

239 1487 312 1521 den
338 1485 615 1520 Rechtshandel
640 1486 732 1520 nach
758 1486 959 1530 Massgabe
985 1485 1182 1519 desselben
1208 1494 1254 1518 zu
1280 1482 1532 1517 entscheiden.
1567 1483 1711 1527 Nempe

242 1533 416 1578 Scaptius
443 1539 480 1566 et
505 1532 682 1567 Matinius
709 1532 1001 1577 impetraverant
1026 1532 1216 1566 decretum
1242 1536 1410 1573 senatus,
1436 1540 1509 1573 quo
1536 1529 1601 1562 illa
1625 1539 1714 1575 syn-

241 1580 385 1624 grapha
410 1579 640 1622 firmaretur,
675 1589 723 1612 ne
757 1579 993 1622 magistratus
1028 1576 1273 1623 provincialis
1307 1587 1385 1611 eam
1422 1587 1470 1610 ex
1496 1574 1619 1611 edicto
1645 1585 1712 1610 suo

240 1626 387 1661 irritam
414 1625 601 1659 redderet.
628 1625 864 1660 ERNESTI.

334 1673 389 1706 12.
417 1673 537 1716 primo
562 1677 759 1706 momentO.
777 1691 823 1697 —
855 1670 1039 1713 interitus,
1064 1668 1164 1705 Ruin
1187 1669 1254 1704 der
1270 1668 1376 1704 Stadt
1393 1667 1562 1702 Salamis.
1588 1666 1714 1711 Denn,

243 1729 353 1753 Wenn
381 1719 446 1751 das
473 1717 621 1762 Capital
646 1718 739 1751 auch
776 1729 846 1751 nur
884 1719 949 1751 100
968 1717 1126 1751 Talente
1158 1717 1337 1760 betragen
1363 1716 1483 1757 hatte,
1516 1726 1557 1749 so
1583 1714 1716 1749 wiirde

245 1765 307 1799 die·
334 1764 473 1799 Schuld
502 1764 619 1798 durch
645 1775 687 1798 so
714 1765 930 1808 ungeheure
952 1764 1088 1797 Zinsen
1114 1763 1151 1797 in
1177 1763 1345 1797 GIahren
1374 1761 1438 1794 auf
1459 1761 1621 1804 931,200
1636 1761 1715 1794 Flr.

244 1811 549 1855 angeschwollen
577 1810 671 1845 sein.
702 1810 853 1845 WIEL.
871 1829 916 1835 —-
949 1821 1139 1843 versuram
1163 1810 1306 1852 facere,
1343 1807 1425 1841 eine
1452 1807 1601 1842 Summe
1627 1807 1719 1841 Gel-

246 1858 312 1892 des
338 1857 535 1892 aufleihen.
569 1857 703 1891 Cicero
730 1857 874 1891 erzahlt
899 1856 961 1890 die
979 1856 1261 1899 Veranlassung
1279 1865 1326 1888 zu
1345 1853 1416 1887 den
1433 1854 1568 1887 beiden
1584 1853 1720 1887 Raths-

247 1905 423 1938 decreten
450 1904 543 1937 iiber
559 1903 728 1937 dieselbe
744 1902 1193 1946 Schuldverschreibung.
1243 1899 1375 1936 Miseri
1390 1899 1583 1935 Salaminii
1608 1910 1720 1944 quum

248 1952 390 1985 Romae
416 1951 461 1983 ab
486 1949 737 1984 acerbissimis
763 1950 1040 1983 feneratoribus
1066 1948 1259 1994 pecuniam
1284 1953 1444 1981 mutuam
1471 1957 1616 1980 sumere
1641 1945 1722 1979 vel-

249 1997 345 2040 lent,
371 1996 541 2030 invenire
567 2007 640 2029 non
665 2001 861 2041 poterant,
889 1995 953 2039 qui
981 1995 1027 2029 iis
1053 1995 1245 2037 crederet3
1271 2004 1352 2028 nam
1379 1993 1557 2037 legitimis
1583 1991 1720 2034 usuris,

249 2054 383 2087 nempe
409 2042 645 2085 centesimis,
679 2042 737 2076 illi
763 2042 930 2076 contenti
956 2051 1028 2075 non
1061 2048 1186 2084 erant,
1213 2047 1269 2084 et,
1302 2051 1413 2082 quum
1439 2038 1633 2073 Salaminii
1656 2049 1724 2071 ne-

250 2090 426 2123 cessitate
452 2089 635 2134 compulsi
662 2089 721 2123 vel
747 2094 945 2132 quaternas
971 2088 1189 2122 centesimas
1212 2087 1250 2121 in
1275 2086 1487 2131 syngrapha
1502 2085 1723 2130 promittere

249 2136 410 2174 vellent,
444 2135 677 2169 feneratores
710 2139 830 2169 tamen
866 2134 1000 2168 adduci
1033 2145 1105 2168 non
1136 2139 1329 2179 poterant,
1369 2139 1408 2165 ut
1437 2131 1632 2176 pecuniam
1664 2130 1724 2163 his

251 2182 376 2216 usuris
401 2189 560 2215 mutuam
588 2182 737 2224 darent,
759 2181 874 2227 ‚quod
905 2182 963 2214 lex
990 2180 1149 2214 Gabinia
1182 2191 1231 2214 ex
1263 2178 1473 2212 huiusmodi
1499 2177 1724 2224 syngraphis

252 2229 310 2263 ius
336 2227 413 2261 dici
437 2233 620 2261 vetuerat.
647 2223 866 2263 SCHUTZ.
916 2227 1050 2262 sanxit
1083 2227 1218 2270 igitur,
1251 2231 1292 2258 nt
1318 2237 1364 2258 ex
1392 2224 1514 2257 edicto
1540 2224 1596 2257 ius
1623 2223 1726 2256 dice-

252 2281 372 2315 retur,
396 2273 433 2307 in
461 2285 534 2317 quo
559 2274 690 2307 modus
715 2285 910 2308 usurarum
937 2279 1173 2308 statueretur.
1195 2292 1238 2297 -
1274 2271 1429 2305 vetabat.
1456 2271 1489 2314 [e
1513 2269 1726 2315 syngrapha

254 2322 314 2355 ius
338 2321 474 2363 dicere]
498 2320 545 2354 de
570 2331 637 2353 suo
664 2320 811 2354 addidit
836 2321 986 2354 Ernest.
1025 2318 1208 2355 Similiter
1233 2317 1322 2353 Sch.
1343 2318 1457 2351 Lim:
1483 2318 1577 2360 quod
1602 2327 1619 2349 e
1643 2327 1726 2361 syn-

253 2366 401 2411 grapha
427 2367 485 2400 ius
509 2366 587 2399 dict·
611 2367 668 2398 lex
695 2363 855 2400 Gabinia
880 2367 1035 2400 vetabat.
1085 2365 1160 2400 Sed
1185 2375 1340 2409 prorsus
1367 2369 1406 2396 ut
1431 2363 1507 2398 h.l.
1535 2363 1621 2397 Lib.
1638 2364 1725 2405 6‚1:

254 2413 452 2449 Pecuniam
466 2412 668 2447 Salaminii
692 2417 821 2446 contra
843 2413 960 2455 Iegem
977 2412 1172 2446 Gabiniam
1186 2414 1425 2455 sumpserant,
1452 2415 1603 2443 notante
1617 2409 1726 2442 Bent.

258 2459 455 2493 ORELLI.
475 2478 520 2483 —-
554 2459 695 2501 gratia,
722 2459 784 2492 die
810 2457 1255 2502 Vielvermogenheit.—-
1281 2458 1370 2491 dare
1399 2483 1406 2490 .
1423 2481 1431 2490 .
1459 2455 1655 2500 quaterni&
1681 2464 1726 2488 zu

245 2507 276 2544 ,4
302 2516 374 2539 von
402 2507 468 2539 100
493 2504 718 2545 monathlich
755 2505 1028 2539 vorschiessen.
1048 2524 1092 2529 —
1124 2504 1158 2537 si
1183 2529 1191 2538 .
1209 2530 1238 2537 ..
1263 2507 1471 2543 caveretur,
1503 2502 1647 2535 wosern
1673 2500 1727 2533 sie

256 2552 374 2586 durch
400 2551 460 2585 ein
487 2551 794 2586 Senatusconsult
826 2551 986 2590 gedeckt
1021 2550 1188 2584 wurden.
1207 2569 1252 2575 -
1301 2549 1370 2584 UT
1396 2575 1429 2582 ..
1446 2575 1453 2582 .
1479 2547 1733 2582 DEDISSET

256 2598 445 2642 (Oxon.2.
473 2598 695 2640 dedissent),
721 2597 927 2632 FRAUDI
948 2597 1117 2640 ESSET,
1144 2596 1228 2630 dass
1250 2596 1380 2629 weder
1398 2595 1468 2627 den
1483 2593 1728 2630 Salaminiern

254 2646 351 2678 noch
378 2645 496 2684 Dem,
533 2644 600 2677 der
625 2644 736 2677 ihnen
764 2643 828 2677 das
855 2643 952 2677 Geld
986 2643 1119 2677 wiirde
1152 2642 1326 2686 geliehen
1353 2642 1492 2683 haben,
1525 2639 1628 2674 diese
1653 2641 1730 2673 An-

255 2690 355 2724 leihe
380 2701 463 2723 zum
490 2690 659 2724 Schaden
686 2689 887 2733 gereichen
914 2690 1040 2724 sollte.
1092 2689 1304 2725 MANUT.
1332 2693 1372 2721 ut
1396 2698 1517 2730 neque
1542 2687 1732 2720 fenerato-

253 2747 315 2771 res
341 2736 520 2772 creditam
546 2736 742 2782 pecuniam
759 2735 973 2771 amitterent
992 2746 1115 2780 neque
1135 2733 1329 2771 Salaminii
1347 2734 1606 2776 multarentur,
1633 2731 1730 2777 quod
