1795 3043
482 105 796 154 EPISTOLA
833 105 1162 152 CCXXXVHI.
1463 111 1562 158 149

74 214 261 270 'potuum
288 218 454 260 hostem
482 230 535 260 ex
565 231 614 259 eo
646 219 788 260 monte
817 218 981 271 tollere,
1014 231 1138 271 agere
1166 218 1350 271 perrexi.
1403 218 1557 266 Quum-

87 286 171 325 que
200 288 268 315 me
298 276 514 317 discedere
553 276 606 316 ab
645 289 694 316 eo
733 277 876 315 moute
915 276 1174 317 simulassem
1205 279 1248 316 et
1278 277 1383 317 alias
1412 278 1554 327 partes

87 331 266 372 Ciliciae
300 336 467 386 petere,
508 333 779 384 abessemque
819 332 871 372 ab
909 333 1070 372 Amano
1107 333 1190 375 iter
1228 334 1352 373 unius
1388 333 1472 372 diei
1511 335 1551 373 et

83 390 220 429 castra
258 390 370 442 apud
399 391 690 444 Epiphaneam
725 389 940 430 fecissem:
983 404 1020 430 a.
1051 389 1090 431 d.
1120 403 1175 431 iv.
1200 390 1298 430 Idus
1331 389 1550 442 Octobres,

82 457 213 496 quum
240 447 620 501 advesperasceret,
652 446 846 499 expedito
876 447 1067 487 exercitu
1097 447 1158 487 ita
1186 449 1315 487 noctu
1343 447 1426 486 iter
1449 448 1548 498 feci,

81 504 128 542 ut
158 516 196 544 a.
220 503 259 543 d.
280 517 350 544 111.
375 505 472 544 Idus
496 504 714 554 Octobres,
744 516 873 554 quum
902 504 1142 554 lucisceret,
1172 504 1215 542 in
1240 504 1447 544 Amanum
1478 504 1548 543 ad-

79 559 345 610 scenderem;
375 561 694 613 distributisque
723 560 968 601 cohortibus
999 563 1040 601 et
1068 560 1261 608 auxiliis,
1291 573 1419 611 quum
1449 562 1546 601 aliis

79 616 125 664 Q.
145 618 293 669 frater,
321 619 496 671 legatus,
523 631 690 658 mecum
713 617 855 668 simul,
881 619 976 658 aliis
1007 618 1049 658 C.
1075 618 1337 668 Pomptinus,
1366 618 1542 669 legatus,

76 674 253 725 reliquis
281 674 338 715 Μ.
358 676 547 715 Anneius
585 677 628 714 et
655 675 701 715 L.
722 674 936 722 Tulleius,
966 675 1122 727 legati,
1151 676 1415 725 praeessent:
1454 677 1541 726 ple-

75 742 229 782 rosque
258 733 559 784 necopinantes
601 733 903 784 oppressimus,
933 732 1007 784 qui
1035 732 1167 772 occisi
1198 731 1395 783 captique
1425 735 1535 779 sunt,

73 787 297 828 interclusi
324 788 437 842 fuga.
496 790 681 830 Eranam
710 791 871 838 autem,
912 801 1022 840 quae
1050 790 1132 829 fuit
1160 801 1245 829 non
1275 788 1360 829 vici
1389 788 1537 840 instar,

74 843 146 885 sed
185 845 322 892 urbis,
364 846 476 899 quod
517 848 606 886 erat
641 847 792 886 Amani
833 848 983 898 caput,
1029 845 1215 897 itemque
1254 845 1456 898 Sepyram
1494 848 1536 885 et

73 901 342 954 Commorim,
382 904 540 944 acriter
575 905 618 943 et
654 903 726 944 diu
770 903 1124 956 repugnantibus,
1165 903 1388 954 Pomptino
1417 903 1535 943 illam

71 960 234 1012 partem
261 959 413 1001 Amani
442 963 625 1012 tenente,
654 972 707 1000 ex
728 962 981 1001 antelucano
1012 962 1201 1011 tempore
1229 971 1362 1010 usque
1385 958 1438 999 ad
1459 958 1532 998 ho·

70 1028 161 1056 ram
188 1016 273 1056 diei
303 1016 526 1069 decimam,
555 1029 707 1070 magna
735 1017 1003 1058 multitudine
1032 1018 1215 1057 hostium
1235 1017 1388 1067 occisa,
1418 1016 1532 1067 cepi-

69 1085 160 1113 mus
190 1075 452 1127 castellaque
479 1088 551 1115 sex
581 1075 728 1125 capta3
773 1076 991 1125 complura
1021 1073 1299 1114 incendimus.
1357 1073 1436 1112 His
1465 1085 1530 1112 re·
1551 1076 1580 1115 9

70 1127 238 1170 busita
277 1132 428 1184 gestis,
470 1134 608 1172 castra
644 1132 688 1171 in
727 1131 945 1172 radicibus
974 1131 1125 1171 Amani
1164 1130 1387 1170 habuimus
1416 1130 1527 1181 apud

67 1186 173 1230 Aras
201 1187 432 1229 Alexandri
459 1188 754 1240 quatriduum:
793 1190 834 1229 et
862 1188 907 1228 in
936 1188 1130 1239 reliquiis
1158 1188 1309 1228 Amani
1338 1186 1527 1226 delendis

68 1243 264 1296 agrisque
293 1246 521 1296 vastandis,
563 1258 671 1298 quae
701 1259 801 1297 pars
829 1246 919 1285 cius
954 1247 1107 1286 montis
1134 1257 1252 1285 meae
1280 1244 1527 1296 provinciae

67 1302 144 1350 est,
172 1301 215 1340 id
243 1303 406 1355 tempus
434 1315 555 1342 omne
586 1303 904 1343 consumsimus.
965 1301 1180 1342 Confectis
1210 1302 1274 1340 his
1304 1301 1443 1351 rebus,
1475 1300 1527 1340 ad
1553 1304 1606 1341 10

67 1358 267 1409 oppidum
304 1360 710 1399 Eleutherocilicum
746 1359 1039 1399 Pindenissum
1080 1358 1312 1400 exercitum
1350 1357 1527 1397 adduxi:

66 1414 178 1465 quod
206 1428 335 1465 quum
365 1418 473 1456 esset
500 1417 703 1455 altissimo
735 1417 777 1455 et
803 1416 1082 1455 munitissimo
1112 1416 1207 1454 loco
1238 1415 1291 1454 ab
1309 1415 1444 1465 iisque
1466 1415 1529 1453 in-

67 1472 294 1521 coleretur,
327 1473 399 1526 qui
429 1485 482 1512 ne
510 1472 681 1525 regibus
710 1472 877 1523 quidem
907 1485 1088 1524 uuquam
1114 1472 1369 1524 paruissent,
1400 1483 1527 1522 quum

66 1529 109 1568 et
138 1530 336 1581 fugitivos
364 1531 604 1582 reciperent
632 1531 674 1568 et
695 1529 949 1569 Parthorum
980 1530 1205 1569 adventum
1229 1528 1435 1568 acerrime
1459 1540 1527 1567 ex-

65 1590 326 1646 spectarent,
365 1589 425 1630 ad
461 1585 811 1629 existimationem
847 1586 1015 1641 imperii
1053 1585 1268 1641 pertinere
1298 1585 1527 1626 arbitratus

64 1749 227 1785 einmahl
251 1747 413 1782 Frieden
438 1747 506 1781 auf
524 1747 608 1781 dem
632 1748 795 1782 Amanus
821 1756 866 1780 zu
893 1746 1060 1780 macheu.
1081 1763 1123 1770 —-
1157 1745 1297 1786 tollere,
1323 1753 1370 1777 zu
1395 1741 1527 1776 vertil-

64 1807 148 1841 gen.
168 1815 208 1821 —
241 1806 275 1829 α.
295 1795 327 1829 d.
348 1806 402 1828 ιν.
418 1793 474 1828 Id.
503 1794 598 1837 Oct.‚
630 1805 687 1828 am
714 1794 766 1829 12.
790 1793 966 1827 October.
987 1811 1031 1817 --
1068 1803 1147 1835 exp.
1174 1802 1311 1828 exerc„
1343 1790 1410 1823 mit
1435 1789 1526 1821 mei-

62 1854 144 1878 nem
169 1841 312 1883 neem,
352 1841 418 1874 das
443 1839 508 1874 mit
531 1840 665 1874 Nichts
691 1840 747 1874 als
770 1839 837 1873 mit
861 1839 990 1873 seinen
1015 1840 1163 1872 VVaffen
1189 1838 1347 1871 belastet
1370 1846 1461 1869 war.
1483 1853 1526 1858 —-

64 1900 97 1923 α.
119 1889 151 1923 d.
177 1901 245 1923 ιιι.
266 1888 316 1921 id.
338 1888 427 1930 Oct„
453 1897 510 1921 am
536 1888 590 1922 13.
603 1887 744 1920 Oct.—
768 1886 1024 1930 oppressimus,
1050 1885 1122 1918 wir
1145 1884 1259 1917 fielen
1285 1883 1351 1916 her
1367 1883 1525 1914 uber.—

62 1934 252 1970 interclusi
275 1935 380 1976 fuga,
405 1933 495 1968 weil
520 1932 633 1967 ihnen
659 1932 721 1966 die
736 1933 872 1966 Flucht
897 1931 1179 1976 abgeschnitten
1204 1940 1296 1963 war.
1312 1947 1354 1953 —
1383 1928 1523 1969 Erana,

63 1982 123 2015 ein
147 1980 398 2024 Bergflecken
424 1979 605 2013 Ciliciens
630 1978 679 2014 im
699 1979 873 2013 Amanus.
889 1997 935 2003 -—
958 1979 1054 2022 quod
1080 2004 1087 2012 .
1106 2004 1113 2012 .
1134 2004 1142 2010 .
1168 1979 1287 2020 caput.
1313 1974 1352 2010 S.
1369 1973 1521 2025 Ranisb.

61 2029 90 2072 ᾗ.
108 2029 188 2070 159,
206 2029 239 2069 1,
258 2028 293 2069 6,
310 2026 396 2060 Not.
433 2025 576 2060 Grotef.
604 2025 632 2067 §.
653 2025 734 2064 211,
751 2025 784 2059 2.
806 2044 845 2050 ——
881 2024 1020 2070 Sepyra
1052 2035 1087 2057 u.
1117 2023 1324 2058 Commoris
1354 2030 1525 2071 wemgcr

61 2073 295 2108 bedentende
326 2071 491 2106 Flecken
531 2072 709 2105 daselbst.
734 2089 778 2095 -
820 2071 1108 2115 repugnantibus
1144 2069 1335 2109 hostibus,
1373 2066 1521 2100 incolis.

60 2123 304 2164 repugnantes
328 2118 375 2152 de
399 2118 527 2152 Lamb.
555 2128 655 2162 susp.
683 2117 769 2151 Sch.
795 2117 888 2151 Liin.
903 2136 947 2142 —
979 2118 1168 2159 decimam,
1192 2115 1248 2149 bis
1273 2114 1383 2149 4Uhr
1401 2113 1525 2147 Nach-

60 2167 220 2210 mittags.
260 2164 333 2207 Ibi,
359 2170 441 2208 sagt
466 2175 508 2199 er
533 2163 898 2208 ep.cchV111‚3
923 2163 1167 2209 imperatores
1193 2160 1373 2206 appellati
1399 2169 1524 2193 sumus·

61 2223 97 2247 u.
123 2211 393 2254 CCXXV1‚3:
420 2211 478 2244 Ila
501 2209 662 2244 victoria
687 2210 782 2243 iusta
807 2209 1011 2255 imperator
1034 2209 1243 2254 appellatus
1268 2214 1338 2241 cet.
1452 2249 1458 2255 ·

152 2259 186 2291 9.
220 2257 260 2290 in
283 2258 398 2291 radic.
424 2258 494 2299 A„
527 2267 583 2290 am
608 2257 726 2290 Fusse
751 2256 818 2290 des
842 2257 1016 2291 Amanus.
1033 2275 1077 2281 -
1102 2266 1160 2299 ap.
1178 2256 1280 2288 Aras
1294 2254 1424 2293 Alex„
1450 2261 1473 2283 1.
1489 2261 1520 2301 e:

61 2303 193 2338 Issum.
233 2302 272 2337 S.
298 2313 345 2336 zu
376 2314 434 2347 ep.
454 2303 675 2346 CCXXVI,
697 2305 732 2338 3.
778 2302 883 2337 Nach
915 2302 998 2336 dem
1030 2302 1251 2336 beriihmten
1276 2300 1429 2333 Treffen
1462 2296 1523 2329 bei

61 2350 165 2384 Issus
196 2349 297 2382 hatte
328 2349 546 2382 Alexander
575 2349 660 2383 dem
693 2348 858 2393 Iupiter,
898 2349 966 2383 der
997 2349 1125 2383 Pallas
1157 2359 1193 2381 u.
1227 2347 1309 2380 dem
1336 2343 1524 2379 Herkules

62 2395 146 2430 drei
171 2395 301 2428 Altiire
326 2404 409 2428 zum
423 2395 634 2429 Denkmale
659 2395 782 2429 seinos
798 2395 930 2439 Sieges
957 2396 1049 2429 (lber
1073 2395 1144 2427 den
1162 2393 1303 2427 Darius
1329 2390 1523 2441 erricluet,

63 2442 123 2476 die
149 2451 195 2475 zu
212 2440 377 2475 Cicero's
393 2441 523 2474 Zeiten
547 2442 644 2475 noch
669 2441 836 2475 standon.
852 2461 894 2466 —
926 2453 1016 2486 quae
1038 2451 1128 2485 pars
1142 2445 1209 2473 cet.
1224 2466 1233 2481 ,
1261 2450 1302 2473 so
1321 2437 1409 2472 weit
1426 2436 1525 2469 dress

55 2487 228 2530 Gebirge
244 2496 298 2565 ξω
323 2486 464 2520 meiner
477 2487 643 2521 Provinz
667 2489 815 2531 gehbrt.
854 2487 894 2524 S.
916 2499 975 2533 ep.
990 2487 1247 2527 CCXXVL2.
1275 2482 1525 2523 CCXXVIII,

63 2536 96 2570 3.
128 2533 240 2568 Rams
271 2559 277 2565 .
325 2533 414 2567 ‚159
441 2534 463 2567 3
496 2544 529 2566 e.

154 2580 208 2614 10.
240 2533 392 2613 Ρῑηέαεη.
416 2558 542 2622 'S.’ep.
563 2579 778 2621 ccxxv1‚
803 2582 838 2615 3.
860 2599 900 2604 -
937 2579 983 2612 ab
1007 2579 1135 2623 iisque.
1168 2578 1268 2611 erat.
1297 2576 1400 2611 vict.
1422 2575 1450 2607 1.
1477 2572 1522 2606 ab

67 2624 187 2669 hisque
212 2630 343 2658 contra
368 2624 445 2658 Md.
480 2625 605 2658 Ueber
629 2626 690 2670 qui
715 2637 797 2659 cum
823 2625 920 2659 coni.
949 2627 1042 2659 nach
1066 2626 1100 2658 is
1125 2636 1153 2658 S.
1170 2623 1325 2658 Ramsh.
1351 2623 1380 2665 §.
1400 2621 1478 2661 184,
1491 2619 1523 2652 4.

69 2689 109 2696 —-
133 2671 284 2713 regibus
300 2670 468 2713 Ciliciae,
493 2670 701 2715 Sy1·iae.—·
724 2672 903 2715 fugitivos
919 2671 1189 2715 (entlaufenen)
1211 2679 1340 2703 servos
1366 2674 1527 2700 nostros.

70 2736 112 2742 —
143 2717 340 2759 acerrime,
369 2717 435 2751 mit
459 2717 636 2751 hochstet
659 2718 873 2762 Ungeduld.
896 2738 930 2743 —-
968 2718 1027 2751 ad.
1054 2718 1116 2751 Ex
1141 2716 1327 2760 supplem.
1355 2713 1462 2746 omis.
1483 2711 1530 2745 ad

69 2763 147 2799 Md.
173 2774 243 2809 „es
266 2763 409 2809 genere
433 2773 501 2799 zur
518 2763 619 2799 Ehre
634 2764 775 2800 meiner
791 2762 1132 2800 Stauhalterschaft
1156 2762 1268 2798 oder
1292 2760 1358 2795 des
1375 2760 1533 2796 Romet-
