1795 3043
241 84 340 131 290
547 77 610 123 M.
647 78 700 122 Τ.
739 76 1077 126 CICERONIS
1113 77 1484 127 EPISTOLAE.

241 203 363 244 pore,
416 190 550 230 nolles
585 189 806 243 navigare,
849 191 1081 244 approbavi
1121 193 1240 232 tuum
1280 191 1524 240 consilium,
1562 203 1702 244 nequo

241 260 354 288 nunc
384 247 512 295 muto,
543 247 579 287 si
609 249 656 287 tu
684 249 727 287 in
759 248 904 288 eadem
935 260 978 288 es
1007 248 1230 291 sententia.
1279 249 1357 289 Sin
1380 250 1522 289 autem
1541 251 1701 302 postea,

242 317 366 357 quam
399 302 540 344 cibum
568 304 745 357 cepisti,
775 305 930 346 videris
958 305 1038 345 tibi
1067 318 1187 358 posse
1217 319 1284 346 me
1314 306 1540 357 consequi,
1578 307 1700 345 tuum

244 360 468 401 consilium
505 362 579 401 est.
637 361 871 403 Marionem
905 361 956 403 ad
987 365 1030 402 te
1059 375 1107 402 eo
1139 363 1256 411 misi,
1298 368 1345 402 ut
1374 364 1447 403 aut
1477 363 1616 403 tecum
1645 361 1699 402 ad

241 431 308 458 me
338 430 464 469 quam
493 419 676 471 primum
704 420 889 471 veniret,
930 421 1026 471 aut,
1060 420 1096 460 si
1127 421 1173 460 tu
1201 431 1437 468 morarere,
1476 419 1617 460 statim
1646 418 1701 459 ad

190 491 218 530 2
241 487 307 515 me
336 474 505 515 rediret.
564 476 629 516 Tu
659 478 797 516 autem
829 477 909 516 hoc
940 477 1020 516 tibi
1049 477 1273 529 persuade,
1312 476 1348 516 si
1385 476 1602 517 commodo
1629 488 1700 516 va-

241 532 444 572 letudinis
485 534 582 572 tuae
620 531 714 572 fieri
756 534 908 585 possit,
958 534 1066 574 nihil
1106 546 1172 574 me
1213 535 1341 575 malle
1381 545 1508 584 quam
1536 534 1578 572 te
1608 543 1700 572 esse

239 601 429 629 mecum:
461 590 496 628 si
526 590 664 629 autem
692 589 904 642 intelliges
925 603 1028 642 opus
1047 603 1134 631 esse
1156 593 1199 631 te
1220 591 1359 631 Patris
1377 587 1699 630 convalescendi

239 657 368 686 causa
395 647 585 698 paullum
615 647 887 694 commorari,
927 647 1036 686 nihil
1065 660 1130 687 me
1159 649 1283 688 malle
1313 659 1440 699 quam
1469 647 1512 686 te
1539 646 1699 687 valere.

240 702 287 743 Si
317 704 458 743 statim
496 702 690 755 navigas,
733 715 808 742 nos
839 703 1033 743 Leucade
1062 716 1341 756 consequere:
1382 704 1446 744 sin
1476 704 1518 742 te
1548 700 1698 743 confir-

238 771 354 799 mare
388 760 470 811 vis,
512 761 554 798 et
591 759 768 799 comites
795 760 837 799 et
874 760 1141 811 tempestates
1171 763 1213 801 et
1241 774 1391 802 navem
1418 760 1612 800 idoneam
1652 759 1700 798 ut

237 816 418 865 habeas,
458 815 680 869 diligenter
708 815 885 857 videbis.
945 817 1085 857 Unum
1115 817 1245 865 illud,
1287 819 1345 858 mi
1375 818 1498 866 Tir0,
1538 816 1696 866 videto,

236 873 272 913 si
301 885 367 913 me
396 886 522 924 amaS,
551 885 605 912 ne
634 875 676 913 te
697 873 903 913 Marionis
925 873 1128 915 adventus
1154 876 1195 914 et
1213 875 1293 915 hae
1313 875 1463 915 literae
1484 873 1698 914 moveant.

237 930 356 978 Quod
384 929 617 971 valetudini
643 932 743 970 tuae
772 931 954 970 maxime
985 931 1213 979 conducet,
1246 932 1281 971 si
1308 932 1488 979 feceris,
1518 929 1699 971 maxime

184 1001 210 1039 3
235 986 539 1041 obtemperaris
568 987 776 1028 voluntati
803 1000 934 1030 meae.
1000 989 1120 1029 Haec
1148 1000 1225 1040 pro
1263 990 1336 1027 tuo
1364 988 1533 1040 ingenio
1563 984 1698 1027 consi-

234 1043 347 1092 dera.
406 1044 492 1084 Nos
526 1044 588 1084 ita
617 1045 659 1083 te
696 1043 1001 1093 desideramus,
1043 1047 1091 1085 ut
1127 1057 1332 1086 amemus:
1377 1056 1516 1095 amor,
1552 1044 1600 1083 ut
1628 1055 1696 1082 va-

232 1101 386 1141 lentem
414 1101 654 1148 videamus,
695 1101 911 1142 hortatur:
951 1102 1231 1154 desiderium,
1270 1104 1317 1142 ut
1346 1113 1472 1152 quam
1500 1100 1694 1153 primum.

231 1158 343 1198 Illud
372 1158 500 1210 igitur
537 1158 692 1210 potius.
753 1158 865 1198 Cura
900 1171 998 1212 ergo
1034 1159 1318 1212 potissimum,
1356 1160 1404 1198 ut
1442 1159 1602 1199 valeas:
1646 1154 1698 1196 de

230 1216 314 1255 tuis
351 1214 729 1254 innumerabilibus
767 1215 813 1254 in
855 1227 921 1255 me
959 1215 1112 1256 officiis
1156 1216 1237 1255 erit
1278 1216 1360 1256 hoc
1398 1215 1697 1268 gratissimum.

230 1284 302 1312 111.
333 1271 475 1311 Nonas
504 1270 772 1311 Novembres.

231 1394 293 1428 die
318 1394 391 1429 See
415 1405 565 1439 wagen,
599 1394 815 1430 abschiffen.
839 1415 881 1421 —
928 1397 1101 1440 approb.,
1125 1407 1166 1431 so
1192 1396 1274 1430 hab’
1297 1396 1357 1430 ich
1378 1396 1502 1431 Deine
1515 1395 1696 1433 Vorsicht

229 1441 415 1485 gebilligt.
439 1459 483 1465 —-
519 1445 617 1474 muto
643 1442 792 1484 consil„
826 1441 886 1476 ich
911 1443 1050 1477 findere
1075 1443 1197 1477 meine
1222 1443 1438 1477 Gedanken.
1455 1461 1500 1468 --
1537 1442 1604 1477 Sin
1629 1452 1694 1476 au-

228 1491 310 1522 tem.
351 1488 478 1521 Lamb.
513 1486 633 1521 delev.
667 1492 796 1522 autem.
844 1488 944 1524 Vide
969 1489 1116 1524 Ramsh.
1149 1490 1177 1533 §.
1200 1491 1287 1532 190,
1313 1489 1488 1524 Anmerk.
1509 1490 1551 1533 3,
1577 1490 1623 1531 ¹⁴¹).
1649 1508 1695 1515 —

228 1534 347 1567 cibum
371 1532 500 1578 cepisti
523 1534 711 1566 stomacho
738 1544 831 1577 non,
867 1541 905 1568 ut
930 1542 1058 1578 antea,
1082 1542 1294 1579 respuente.
1319 1534 1527 1570 MANUT.
1552 1554 1596 1560 —
1638 1544 1695 1568 me

229 1579 418 1623 consequi,
447 1578 545 1613 mich
570 1579 807 1613 einzuholen.
824 1599 865 1604 —
907 1585 1007 1614 tuum
1031 1582 1225 1615 consilium
1249 1585 1318 1624 est,
1354 1592 1396 1616 so
1421 1582 1520 1616 lasse
1544 1581 1604 1615 ich
1628 1580 1694 1615 das

230 1626 405 1668 ganzlich
441 1626 505 1659 auf
536 1625 638 1659 Dein
672 1625 823 1660 Urtheil
859 1626 1155 1661 ankommen.—-
1195 1628 1429 1671 Marionem,
1464 1628 1586 1662 Einen
1620 1626 1693 1661 sei-

228 1681 296 1706 ner
331 1671 508 1706 Sklaven.

320 1717 351 1751 2.
390 1715 456 1752 hoc
489 1717 558 1750 tibi
583 1727 704 1761 pers„
740 1718 840 1751 halte
872 1718 972 1752 Dich
1004 1719 1136 1753 dessen
1170 1719 1451 1754 versicl1e1t.—-
1491 1720 1691 1763 commodo,

229 1764 328 1797 ohne
354 1763 563 1798 Nachtheil.
583 1782 627 1788 -
669 1764 703 1797 si
727 1768 863 1807 autem,
898 1765 997 1799 Crat.
1024 1767 1081 1799 sin
1107 1771 1245 1805 autem,
1283 1765 1411 1800 Lamb.
1434 1765 1504 1799 sin.
1530 1785 1574 1791 -
1618 1766 1692 1801 Pcz-
1729 1793 1731 1795 .

229 1810 319 1853 tris,
360 1819 406 1844 zu
440 1811 598 1852 Patrae,
637 1810 727 1844 ietzt
758 1811 957 1855 Patrasso,
996 1811 1034 1844 in
1064 1812 1205 1846 Achaia
1240 1812 1305 1845 auf
1334 1811 1415 1846 dem
1449 1812 1690 1857 Peloponnes

227 1856 405 1898 (Morea).
443 1854 521 1890 Die
547 1855 653 1890 stadt
690 1856 789 1890 hatte
826 1856 933 1891 einen
969 1863 1081 1900 guten
1114 1859 1312 1892 11311611.-
1350 1858 1492 1901 valere,
1526 1859 1579 1892 als
1605 1859 1690 1892 dass

227 1902 291 1936 Du
318 1902 460 1936 wieder
484 1902 627 1946 gesund
652 1903 826 1937 wei-dest.
847 1922 889 1928 --
924 1904 1103 1947 Leucade,
1130 1904 1235 1938 einer
1249 1903 1358 1938 Stadt
1383 1904 1420 1938 in
1437 1904 1689 1947 Akarnanien,

228 1948 322 1982 ietzt
346 1948 461 1982 Sama
484 1950 627 1983 Maura.
646 1967 691 1974 —
721 1949 779 1982 sin
804 1954 837 1982 te
862 1952 1023 1992 confirm.
1049 1951 1124 1993 vis,
1151 1951 1268 1984 willst
1291 1951 1353 1985 Du
1372 1950 1472 1984 Dich
1496 1952 1586 1985 aber
1611 1956 1689 1985 erst

227 2004 322 2038 ganz
347 1994 491 2028 wieder
520 1995 696 2038 erholen,
730 1996 894 2030 starken.
914 2016 958 2021 —
994 1997 1133 2031 videbis
1168 1997 1252 2030 loco
1283 1996 1507 2041 imperativi.
1529 2016 1573 2022 -
1611 2008 1689 2030 mo·

228 2044 354 2084 veant,
385 2051 432 2074 zu
456 2041 580 2075 vielen
604 2041 768 2076 Einfluss
793 2042 858 2076 auf
878 2042 1027 2077 Deinen
1052 2044 1269 2078 Entschluss
1294 2043 1413 2086 habe,
1438 2043 1539 2077 Dich
1564 2053 1611 2077 zu
1636 2042 1688 2078 ei-

222 2088 296 2121 'ner
321 2096 366 2120 zu
391 2087 643 2131 friihzeitigen
666 2087 827 2122 Abreise
851 2089 1055 2133 austreibe,
1088 2089 1246 2133 aufiage.

319 2133 354 2167 3.
382 2144 452 2177 pro
487 2138 547 2167 tuo
577 2135 746 2178 ingenio,
782 2136 875 2168 nach
899 2135 1060 2170 Deinein
1093 2136 1223 2169 besten
1248 2133 1470 2170 Verstande.
1521 2133 1564 2169 Si
1594 2134 1688 2169 scri-

230 2178 338 2212 beret
363 2178 410 2212 ad
434 2179 618 2214 hominem
643 2180 800 2215 alicuius
826 2181 1076 2224 auctoritatis,
1115 2181 1272 2216 dixisset
1300 2191 1369 2224 pro
1400 2185 1463 2213 tua
1493 2181 1687 2225 sapientia.
1794 2211 1795 2228 3

230 2223 448 2268 Diligenter
480 2226 670 2271 expende,
704 2232 745 2261 ut
773 2228 883 2262 soles.
917 2227 1131 2262 GRONOV.
1152 2247 1196 2252 ——
1243 2238 1349 2270 quam
1376 2227 1539 2270 primum
1563 2233 1600 2261 te
1623 2237 1687 2261 va·
1749 2248 1753 2251 Δ

231 2270 367 2305 lentem
393 2270 594 2306 videamus.
619 2291 663 2298 ·—-
706 2274 807 2307 Illud
838 2274 919 2308 scil.
947 2280 986 2308 ut
1019 2275 1201 2308 valentem
1231 2273 1388 2306 videam.
1409 2292 1454 2297 ——
1489 2286 1554 2308 111.
1587 2272 1684 2308 Non.

230 2316 343 2361 Nov.,
368 2327 425 2351 am
448 2320 482 2353 3.
498 2319 721 2354 November.
753 2320 963 2364 Uebrigens
988 2319 1036 2353 ist
1060 2330 1105 2354 zu
1122 2320 1336 2361 bemerken‚
1360 2319 1443 2353 dass
1455 2319 1546 2353 Tiro
1570 2319 1686 2353 sehon
1750 2346 1753 2349 .

230 2362 280 2396 im
305 2363 502 2445 Iungisdu.
529 2365 648 2401 Iulius
682 2366 719 2401 in
752 2366 820 2401 der
850 2366 1015 2401 provinz
1048 2366 1260 2412 unpiisslich
1291 2375 1383 2401 war.
1421 2363 1460 2401 S.
1489 2376 1546 2411 ep.
1566 2366 1644 2410 270,
1662 2365 1684 2400 2

230 2420 351 2454 gegen
409 2420 430 2445 n
460 2421 490 2445 e.

807 2532 1106 2539 ———-——--
