1795 3043
276 106 378 154 510
530 101 598 148 M.
634 101 691 146 T.
726 98 1068 150 CICERONIS
1099 101 1474 155 EPISTOLAE.

275 227 353 269 pro
377 215 495 256 certo
524 212 728 255 habemus
758 226 835 266 per
850 214 1070 271 illyricum
1097 216 1314 270 proficisci
1337 217 1383 260 in
1406 218 1600 263 Galliam.
1636 217 1729 277 Ego

264 285 388 315 snunc
418 283 502 324 qua
530 272 572 312 et
601 283 685 323 quo
714 270 881 315 videbo.

474 432 790 480 EPISTOLA
824 434 1080 483 CCCLXX.
1125 434 1208 494 (ad
1240 436 1333 483 Att.
1368 438 1426 486 X.
1456 437 1526 498 7.)

340 520 425 567 Ser.
449 520 489 555 in
512 522 674 557 Cumano
700 520 800 556 circa
822 522 874 560 V.
899 523 985 559 Kal.
1010 524 1101 559 Mai.
1125 525 1170 559 A.
1194 523 1241 560 U.
1267 525 1310 560 C.
1336 525 1415 560 705.
1449 527 1497 569 (a.
1523 525 1564 561 C.
1587 525 1660 569 49.)

272 589 389 626 Attici
413 591 609 626 consilium
632 590 785 636 probat,
827 602 930 626 suum
955 592 1122 628 defendit
1146 604 1306 638 suasque
1323 594 1493 637 ,rationes
1518 605 1598 629 cum
1622 594 1726 629 illius

270 648 381 672 causa
405 644 605 684 comparat.
639 640 672 672 l.
721 637 804 673 Ser.
832 637 1038 683 Sulpicium
1064 650 1104 674 se
1129 641 1336 676 convenire⁴
1358 642 1469 677 velle.
1507 642 1542 676 2.
1590 646 1628 675 et
1652 641 1727 677 Cu·
1779 647 1781 680 t

269 684 412 718 rionem
436 696 559 720 secum
585 684 725 719 vixisse
749 684 912 729 nuntiat3
948 685 1123 724 Quintum
1137 686 1254 721 filium
1280 699 1320 722 se
1345 687 1724 732 obiurgassescribi15

314 730 362 765 de
388 731 523 777 Oppiis
554 737 593 765 ut
623 730 768 773 videat,
806 737 914 773 rogat
938 731 1176 776 praediisque
1202 733 1320 768 Attici
1352 745 1502 769 usurum
1533 744 1574 769 se
1597 743 1680 770 esse

542 784 584 812 ut
607 777 705 822 suis,
730 777 763 813 si
787 776 825 811 in
842 777 1000 823 Epirum
1023 778 1190 824 venerit,
1215 780 1387 816 ostendit.
1417 783 1452 818 3.

760 847 949 883 CICERO
973 848 1165 883 ATTICO
1192 847 1231 883 S.

380 905 471 960 Ego
510 919 613 949 vero
659 904 861 960 Apuliam
907 908 949 948 et
987 907 1207 960 Sipontum
1252 908 1296 949 et
1334 906 1723 962 tergiversationem

266 962 389 1005 istam
416 964 568 1017 probot
607 976 686 1005 nec
723 966 838 1006 tuam
876 965 1084 1006 rationem
1118 965 1295 1006 eandem
1322 977 1413 1006 esse
1448 965 1557 1006 duco
1594 977 1723 1016 quam
1778 1001 1779 1005 ,

264 1033 421 1072 meam;
469 1034 554 1062 non
594 1022 698 1073 quin
734 1023 779 1062 in
814 1035 864 1064 re
901 1023 1076 1074 publica
1110 1024 1274 1063 rectum
1309 1021 1421 1063 idem
1458 1022 1520 1063 sit
1548 1022 1722 1073 utrique

263 1081 472 1120 nostrum:
521 1079 593 1119 sed
632 1091 682 1119 ea
718 1091 802 1119 non
841 1080 992 1133 agitur.
1046 1080 1264 1133 Regnandi
1294 1080 1509 1121 contentio
1539 1080 1623 1129 est;
1675 1079 1722 1119 in

263 1147 348 1187 qua
377 1137 522 1189 pulsus
552 1138 614 1176 est
642 1136 871 1177 modestior
898 1149 974 1176 rex
1003 1138 1045 1176 et
1072 1137 1247 1188 probior
1278 1139 1321 1177 et
1352 1136 1559 1190 integrior
1598 1137 1641 1176 et
1666 1135 1721 1187 is,

262 1194 339 1245 qui
367 1194 451 1234 nisi
479 1193 614 1234 vincit
643 1205 807 1244 ‚nomen
840 1195 986 1244 populi
1017 1193 1193 1234 Romani
1222 1194 1415 1234 deleatur
1443 1205 1616 1234 necesse
1636 1194 1720 1233 esta

262 1251 329 1290 sin
357 1252 497 1290 autem
524 1249 681 1301 vincit,
728 1249 903 1289 Sullano
933 1261 1049 1289 more
1086 1252 1360 1303 exemploque
1388 1251 1546 1292 vincet.
1604 1250 1719 1302 Ergo

260 1308 343 1348 hac
371 1307 415 1347 in
447 1305 718 1347 contentione
746 1308 943 1346 neutrum
970 1304 1053 1345 tibi
1082 1307 1220 1358 palam
1250 1307 1515 1347 sentiendum
1546 1308 1588 1347 et
1616 1308 1719 1347 tem-

259 1364 356 1417 pori
385 1363 652 1405 serviendum
669 1364 741 1404 est.
799 1363 897 1403 Mea
917 1376 1042 1403 causa
1072 1366 1211 1404 autem
1234 1363 1320 1404 alia
1343 1366 1429 1416 est,
1459 1364 1572 1416 quod
1593 1363 1718 1404 bene-

259 1420 361 1462 ficio
391 1422 556 1462 vinctus
584 1420 772 1474 ingratus
802 1432 892 1460 esse
921 1432 1004 1460 non
1035 1432 1222 1471 possum:
1260 1433 1339 1461 nec
1369 1423 1509 1462 tamen
1537 1420 1582 1461 in
1607 1421 1715 1470 acie,

257 1478 332 1519 sed
360 1479 534 1519 Melitae
563 1481 636 1518 aut
665 1478 749 1518 alio
789 1478 835 1518 in
865 1478 960 1518 loco
989 1476 1119 1518 simili
1148 1478 1348 1531 oppidulo
1377 1480 1567 1519 futurum
1585 1480 1712 1531 puto.

258 1536 402 1589 Nihil,
428 1535 613 1588 inquies,
643 1535 762 1576 iuvas
791 1548 910 1588 eum,
940 1536 985 1575 in
1016 1547 1140 1586 quem
1169 1537 1359 1589 ingratus
1389 1548 1479 1577 esse
1507 1548 1592 1577 non
1620 1533 1714 1577 vis?

257 1662 371 1696 deren
396 1662 504 1697 Plan.
530 1679 574 1686 —
613 1660 762 1701 videbo,
798 1658 864 1692 auf
884 1658 955 1691 den
979 1658 1061 1692 Fall
1088 1659 1174 1693 hatt'
1198 1659 1258 1693 ich
1283 1661 1404 1694 meine
1427 1661 1592 1704 Fragen:
1625 1671 1713 1694 wo-

256 1709 356 1742 hinl
403 1708 476 1742 und
512 1707 588 1741 auf
619 1705 834 1741 welchem
868 1705 1028 1748 wege?
1064 1704 1140 1748 (ich
1164 1704 1239 1739 ihm
1263 1706 1392 1750 folgen
1416 1707 1542 1750 sollte)
1568 1707 1712 1743 danach

351 1760 388 1788 nt
411 1753 581 1788 cheiden.

253 1765 301 1791 zu
327 1765 598 1845 eLSApulz'am.
630 1797 759 1832 Probo
786 1795 982 1832 consilium
1008 1801 1045 1831 et
1070 1796 1250 1831 rationem
1276 1798 1459 1833 discessus
1484 1798 1539 1833 tui
1564 1810 1613 1834 ex
1638 1800 1712 1833 Ita-

252 1846 321 1890 lia,
354 1847 454 1891 quod
479 1846 584 1890 quasi
607 1844 856 1887 tergiversans
879 1843 1130 1889 proficiscaris
1154 1843 1198 1878 ad
1225 1845 1465 1888 exsequenda
1488 1845 1637 1890 negotia
1650 1852 1712 1880 tua

251 1893 290 1927 in
317 1894 511 1939 Apuliam,
544 1892 741 1936 Sipontum
769 1897 805 1924 et
830 1890 903 1934 alia
926 1892 1029 1932 loca,
1055 1901 1101 1924 ne
1127 1891 1291 1935 suspicio
1316 1891 1366 1925 sit
1390 1898 1426 1925 te
1445 1891 1615 1926 Caesaris
1640 1891 1709 1925 im-

250 1939 396 1984 perium
420 1941 564 1984 fugere.
598 1936 788 1973 POPMA.
822 1955 865 1961 -
912 1938 1120 1982 Sipontum,
1155 1937 1238 1971 eine
1265 1937 1507 1972 ansehnliche
1530 1936 1638 1973 Stadt
1661 1948 1707 1971 an

251 1985 319 2021 der
349 1987 467 2021 Kiiste
506 1996 579 2020 von
610 1983 794 2028 Apulien‚
836 1995 908 2018 von
942 1984 1108 2019 welcher
1136 1985 1231 2017 noch
1263 1983 1354 2017 ietzt
1384 1984 1604 2018 Triimmern
1642 1983 1706 2018 bei
1769 1987 1795 2024 J

249 2032 511 2068 Manfredonia
540 2041 586 2066 zu
612 2031 723 2066 seben
757 2029 851 2065 sind.
886 2050 926 2056 -
974 2033 1172 2074 rationem,
1208 2027 1331 2064 Deine
1356 2030 1627 2066 Verhaltnisse.
1660 2048 1704 2056 --

249 2090 321 2113 non
344 2081 456 2124 quin,
487 2079 591 2112 nicht
616 2078 670 2112 als
697 2078 744 2111 ob
770 2077 882 2111 nicht.
916 2095 960 2102 —-
1007 2077 1069 2111 sed
1102 2087 1143 2110 ea
1169 2079 1244 2119 (res
1270 2075 1435 2121 publica)
1467 2087 1537 2110 non
1561 2078 1702 2120 agitur,

247 2126 337 2159 aber
363 2138 421 2160 um
446 2125 550 2160 diese
576 2124 625 2159 ist
649 2129 705 2158 est
729 2122 831 2157 nicht
855 2134 899 2157 zu
920 2123 1034 2168 thun3
1060 2123 1126 2157 der
1141 2122 1260 2158 Streit
1275 2123 1335 2166 ist,
1361 2123 1456 2156 Wer
1471 2134 1541 2157 von
1566 2122 1704 2157 beiden

246 2172 400 2216 Konig
425 2173 504 2206 sein
531 2171 617 2207 soll.
656 2189 701 2195 —
746 2170 871 2214 pulsus
895 2174 948 2203 est
971 2180 1019 2204 ex
1044 2170 1173 2213 Italia,
1203 2168 1418 2213 Pompeius.
1457 2187 1503 2194 --
1547 2169 1702 2203 Sullano

245 2229 347 2252 more
371 2219 407 2254 d.
426 2217 449 2253 i.
476 2229 519 2252 er
534 2218 631 2252 wird
651 2216 712 2250 die
727 2216 979 2261 Gegenpartei
993 2215 1165 2260 ganzlich
1183 2215 1380 2259 vertilgen.
1406 2233 1450 2240 —
1482 2219 1650 2249 neutrum
1665 2241 1674 2251 .
1689 2241 1700 2250 .

245 2265 469 2299 sentiendam
493 2268 526 2298 et
549 2275 596 2298 =
619 2263 685 2298 sed
710 2267 811 2307 temp.
826 2273 928 2298 rserv.
953 2267 1023 2307 est,
1063 2262 1236 2297 brauchst
1260 2261 1321 2295 Du
1347 2261 1446 2296 Dich
1471 2263 1530 2296 fiir
1553 2261 1700 2296 Keinen

246 2323 318 2347 von
351 2311 488 2346 beiden
522 2309 711 2344 offentlich
743 2319 789 2343 zu
822 2309 1014 2354 erkliiren,
1054 2309 1213 2343 sondern
1239 2307 1340 2342 Dich
1374 2308 1413 2342 in
1447 2307 1509 2342 die
1535 2307 1621 2342 Zeit
1653 2318 1699 2343 zu

246 2357 438 2393 schicken.
474 2358 596 2392 Fort.:
626 2357 850 2391 sentiendum
874 2357 954 2393 est?
984 2358 1139 2399 tempori
1158 2355 1386 2389 serviendum
1409 2358 1471 2389 est.
1499 2354 1696 2389 ORELLI.

243 2423 289 2430 -=-
330 2405 370 2438 in
399 2406 478 2438 acie
508 2402 694 2447 Pompeii.
728 2422 773 2428 -
819 2403 883 2436 sed
906 2403 1061 2437 Melitae
1090 2405 1154 2434 aut
1185 2401 1260 2434 alio
1285 2402 1323 2435 in
1349 2402 1428 2435 loco
1451 2401 1571 2435 simili
1593 2400 1698 2445 oppi-
1765 2423 1766 2432 η

244 2452 329 2486 dulo
355 2462 413 2485 me
438 2452 600 2494 futurum
625 2460 707 2483 esse
726 2453 827 2493 puio.
863 2449 927 2484 Sic
952 2448 1030 2484 Md.
1056 2446 1148 2482 cdd.
1175 2447 1292 2482 Bosii.
1323 2448 1444 2483 Oxon.
1472 2450 1505 2482 1.
1529 2448 1563 2483 2.
1597 2448 1696 2481 lens.

243 2498 344 2533 vict.
377 2498 411 2531 2.
456 2496 544 2530 Bos.
588 2495 722 2530 Graev.
766 2495 854 2530 Ern.
902 2494 982 2539 (qui
1013 2500 1132 2528 tamen
1162 2495 1241 2529 loco
1276 2494 1327 2538 [J
1353 2493 1429 2528 del.
1452 2492 1537 2529 sch.
1569 2493 1695 2534 Lim).

241 2544 361 2578 Recte
376 2569 387 2587 ‚
420 2542 457 2577 ni
481 2543 613 2585 fallor,
642 2536 733 2576 Bos.
760 2541 940 2586 explicat:
972 2540 1035 2584 „in
1059 2541 1145 2575 loco
1162 2567 1173 2585 ‚
1208 2542 1273 2585 qui
1296 2540 1428 2575 similis
1453 2540 1502 2575 sit
1526 2539 1693 2581 Melitae,

241 2589 340 2634 quod
358 2589 403 2624 ad
422 2589 600 2634 oppidum
615 2587 779 2622 attinet.’'
812 2588 891 2622 Nos
917 2587 1144 2622 diceremus:
1175 2588 1274 2631 „alio
1300 2587 1335 2620 in
1362 2587 1448 2621 loco
1474 2597 1554 2620 cum
1579 2585 1694 2620 simili

239 2636 458 2682 oppidulo.’'
491 2636 614 2679 aliquo
638 2637 677 2668 in
701 2634 780 2668 loco
802 2636 879 2667 sive
901 2634 1073 2678 oppidulo
1096 2633 1194 2669 Ball.
1224 2633 1382 2668 Helmst.
1417 2634 1539 2678 aliquo
1563 2632 1692 2666 saltem

238 2682 278 2716 in
303 2682 436 2717 talibus
462 2688 518 2716 est
541 2682 652 2726 plane
664 2680 874 2715 Tullianum
898 2691 969 2724 pro
994 2680 1070 2714 alio
1088 2681 1223 2724 aliquo.
1252 2679 1447 2714 ORELLI.
1481 2678 1520 2714 S.
1538 2678 1689 2714 Ramsll.

238 2729 269 2771 ἕ.
288 2730 376 2772 160,
401 2729 448 2771 2,
483 2728 530 2763 Ν.
555 2729 596 2770 5,
621 2739 662 2771 a,
688 2730 712 2762 ⁸.
753 2745 795 2752 —
844 2727 950 2760 iuvas
981 2738 1026 2760 =
1056 2725 1184 2760 iuvare
1207 2725 1277 2760 vis.
1310 2745 1355 2751 —
1400 2727 1516 2759 Immo
1541 2749 1551 2760 .
1568 2749 1601 2760 ..
1626 2734 1690 2758 vo-

237 2774 386 2818 luisset,
417 2776 458 2809 o!
489 2773 682 2809 vielleicht
712 2773 801 2809 hatt'
832 2781 875 2808 er
898 2772 964 2808 mit
987 2773 1083 2807 noch
1108 2772 1349 2817 Wenigerem
1378 2765 1688 2817 farnewgenom-

1761 2691 1766 2729 Ι

1760 2731 1766 2865 1

1743 2867 1762 3043 «ὃ

1786 2216 1795 2377 5,*ωῷ
1789 2168 1795 2189 ‘-
1791 2123 1795 2144 ..-
