1795 3043
497 62 814 111 EPISTOLA
850 62 1102 111 CCXLIII.
1436 74 1532 120 165

71 175 231 219 labella
259 176 471 229 integrum
500 175 578 216 tibi
608 187 817 222 reserve5‚
850 175 1027 217 suadeo:
1059 179 1101 217 et
1130 178 1232 219 huic
1259 178 1338 231 rei,
1368 178 1421 219 de
1449 193 1531 232 qua

69 235 242 287 loquor,
285 236 328 275 et
368 232 563 288 dignitati
592 234 689 273 tuae
719 233 1028 284 aequitatisque
1055 235 1245 287 opinioni
1274 237 1357 277 hoc
1383 237 1444 277 ita
1472 239 1531 277 sa-

69 291 383 390 girigrzxpedit.
452 292 594 343 Turpe
633 289 712 330 tibi
749 290 831 330 erit
865 291 1094 342 pantheras
1124 293 1309 335 Graecas
1338 306 1405 334 me
1443 306 1527 334 non

235 517 545 565 EPISTOLA
582 517 830 564 CCXLIII.
867 518 948 576 (ad
982 520 1087 564 Div.
1124 519 1250 566 VIII.
1283 523 1356 580 7.)

111 609 193 643 Ser.
218 607 358 642 Romae
382 604 565 652 postridie
590 608 675 650 post
697 605 930 650 superiorem
956 607 1002 640 A.
1024 606 1069 640 U.
1096 606 1136 640 C.
1164 607 1243 642 704.
1271 609 1320 652 (a.
1340 609 1380 642 C.
1402 610 1476 651 50.)

64 676 287 713 AParthico
311 676 414 709 bello
439 685 481 708 se
497 673 671 708 Ciceroni
698 674 830 709 timere
855 673 1051 718 significat.
1099 676 1303 710 Praeterea
1327 676 1520 711 Cornificii

65 730 102 758 et
126 723 328 758 Orestillae
352 721 510 766 nuptias,
536 721 694 754 Paullae
719 719 932 764 divortium,
959 720 1132 755 Servium
1158 723 1325 757 Ocellam
1350 723 1387 757 in
1413 723 1520 757 adul-

420 767 517 801 terio
545 767 816 811 deprehensum
842 766 998 802 nuntiat.
1025 770 1104 802 1—
1123 769 1156 802 2.

508 835 727 870 CAELIUS
762 836 1005 871 CICERONI
1038 835 1078 871 S.

173 907 307 956 Quam
337 905 421 947 cito
451 908 497 946 tu
528 907 655 946 istinc
685 906 888 946 decedere
917 905 1084 958 cupias,
1114 905 1280 948 nescio:
1320 919 1396 960 ego
1426 908 1519 960 qui-

61 965 155 1006 dem
184 977 234 1005 eo
263 964 414 1016 magis,
456 976 537 1015 quo
567 963 706 1004 adhuc
735 963 902 1004 felicius
931 975 998 1003 res
1035 964 1216 1016 gessisti.
1275 964 1384 1004 Dum
1421 965 1518 1005 istic

59 1023 167 1069 eris,
208 1022 260 1062 de
287 1021 391 1061 belli
421 1020 614 1061 Parthici
643 1021 835 1072 periculo
866 1020 1113 1068 cruciabor,
1156 1034 1211 1060 ne
1241 1022 1355 1061 hunc
1386 1021 1517 1062 risum

58 1092 197 1120 meum
225 1080 360 1118 metus
390 1078 522 1129 aliqui
548 1076 784 1129 perturbet.
840 1076 1062 1118 Breviores
1090 1078 1164 1118 has
1192 1077 1338 1118 literas
1367 1091 1517 1130 prope-

57 1137 170 1177 ranti
198 1135 522 1189 publicanorum
555 1134 779 1174 tabellario
817 1134 955 1174 subito
984 1134 1101 1174 dedi:
1142 1136 1212 1174 tuo
1242 1135 1395 1175 liberto
1423 1137 1517 1187 pln-

57 1194 176 1234 ribus
204 1191 346 1234 verbis
365 1193 542 1244 scriptas
563 1191 700 1243 pridie
719 1191 927 1231 dederam.
959 1191 1040 1231 Res
1056 1193 1197 1232 autem
1219 1204 1353 1232 novae
1371 1194 1513 1233 nullae
1537 1193 1565 1232 2

56 1263 156 1292 sane
185 1249 454 1300 acciderunt,
492 1248 574 1288 nisi
613 1249 719 1288 haec
751 1249 814 1288 vis
841 1248 921 1288 tibi
952 1248 1103 1295 scribi,
1145 1261 1253 1299 quae
1281 1251 1399 1289 certe
1429 1250 1513 1289 vis:

57 1306 311 1348 Cornificius
330 1305 572 1345 adolescens
590 1305 814 1345 Orestillae
835 1304 967 1345 filiam
990 1305 1073 1345 sibi
1097 1305 1329 1357 despondit.
1362 1306 1516 1346 Paulla

56 1430 115 1463 fiir
148 1429 219 1462 den
251 1428 416 1462 dadurch
449 1439 516 1462 zur
548 1427 809 1462 Dankbarkeit
847 1429 980 1462 hochst
1010 1428 1297 1473 verpflichteten
1328 1430 1514 1463 Manu.—

57 1477 112 1510 De
137 1476 219 1509 Dol.
248 1500 256 1508 .
272 1501 281 1509 .
305 1485 483 1515 reserves,
513 1474 551 1508 in
571 1474 744 1508 Hinsicht
769 1476 834 1507 des
854 1475 1056 1508 Dolabella
1080 1476 1228 1508 behalte
1242 1475 1366 1509 Deine
1383 1476 1512 1509 Hiinde

56 1522 155 1556 noch
180 1521 268 1563 t'rei3
294 1521 454 1554 nondum
479 1521 551 1553 hoc
577 1527 743 1564 tempore
762 1520 810 1553 de
826 1520 1051 1554 Dolabellae
1075 1521 1311 1554 matrimonio
1330 1533 1410 1555 cum
1423 1522 1515 1555 Tul-

57 1568 110 1601 lia
142 1567 234 1601 certi
264 1566 406 1610 aliquid
438 1567 594 1599 statuas!
628 1566 734 1600 SCH.
766 1566 949 1608 integram
985 1567 1053 1600 tibi
1076 1578 1152 1600 rem
1177 1578 1297 1600 serres
1321 1568 1447 1601 Lamb.
1468 1587 1512 1593 —

56 1613 140 1647 Izuz'c
164 1613 238 1654 rei,
271 1612 387 1656 Appii
411 1612 652 1645 absolutioni.
672 1631 716 1636 —-
751 1623 828 1655 aeq.
856 1614 954 1656 opin.
981 1613 1050 1646 der
1073 1614 1315 1647 offentlichen
1334 1614 1514 1657 Meinung

56 1671 130 1693 von
161 1659 306 1693 Deiner
345 1658 501 1701 billigen
530 1658 717 1692 Denkart.
771 1658 942 1702 Iniquior
982 1658 1079 1692 enim
1112 1659 1301 1693 videberis
1333 1659 1513 1693 affinitate

55 1717 138 1740 cum
165 1716 208 1738 eo
234 1705 368 1747 iuncta,
395 1705 459 1747 qui
479 1704 643 1748 Appium
667 1715 802 1738 novum
827 1704 983 1739 amicum
1008 1710 1108 1738 tuum
1132 1705 1172 1739 in
1197 1705 1375 1739 iudicium
1390 1712 1512 1740 vocet.

55 1751 263 1787 MANUT.
281 1769 326 1776 —
361 1751 532 1784 Graecas.
563 1751 649 1785 Man
670 1757 817 1794 namne,
844 1751 919 1785 wie
938 1762 977 1784 es
1002 1751 1159 1795 scheint,
1186 1752 1260 1785 alle
1275 1752 1512 1786 Asiatischen

55 1798 224 1841 Lander,
250 1808 308 1831 wo
335 1796 558 1830 Griechisch
582 1798 814 1841 gesprochen
837 1797 989 1840 wurde,
1017 1797 1251 1832 Griechisch.
1287 1799 1341 1831 Im
1367 1798 1512 1840 eigent-

54 1844 180 1878 lichen
205 1843 505 1877 Griechenlande
538 1843 608 1887 gab
640 1854 681 1877 es
711 1843 823 1877 keine
845 1844 1024 1878 Panther.
1071 1844 1221 1877 WIEL.
1249 1843 1512 1887 pantherarum

55 1900 191 1933 greges
214 1900 270 1922 me
294 1900 364 1922 non
389 1888 530 1923 habere.
561 1889 664 1923 Vale.
689 1889 838 1932 Lamb.;
863 1889 947 1934 ipse
971 1895 1103 1934 postea
1128 1890 1364 1935 improbavit.
1403 1891 1513 1924 Cete-

54 1947 137 1970 rum
169 1937 304 1970 haereo
337 1935 373 1969 in
401 1935 592 1979 pantheris
635 1935 799 1969 Graecis.
840 1936 1054 1972 Volebatne
1078 1937 1204 1980 potius
1231 1937 1441 1982 Cibyratae,
1474 1942 1513 1969 ut

55 1993 108 2026 ep.
127 1983 148 2015 4
174 1988 211 2015 et
233 1983 265 2016 9.
292 1982 437 2025 (CCVI,
454 1982 487 2015 5.
514 1981 647 2023 CCXI,
664 1982 739 2023 3.)”.l
771 1982 900 2016 Facile
925 1982 1041 2016 semel
1066 1982 1139 2016 hoc
1164 1994 1296 2016 nomen
1322 1981 1513 2026 corrumpi

55 2027 188 2074 potuit.
243 2027 327 2063 Nisi
362 2033 482 2061 tamen
518 2039 566 2062 ex
605 2039 674 2062 usu
709 2028 889 2071 loquendi
921 2028 1082 2064 Graecae
1115 2034 1189 2064 tum
1226 2030 1513 2074 opponebantur

55 2074 274 2118 Africanis?
319 2074 391 2108 ΟΕ.

148 2122 179 2154 l.
210 2120 340 2162 istinc,
376 2132 396 2154 e
422 2119 567 2154 Cilicia.
586 2139 629 2144 —
665 2130 706 2154 eo
738 2120 861 2163 magis
889 2121 1023 2166 cupio,
1056 2126 1093 2155 te
1118 2120 1227 2155 istinc
1253 2121 1447 2155 decedere.
1467 2140 1513 2146 —

1 2173 2 2176 ’
55 2176 125 2200 νεε.
151 2167 275 2201 Lamb.
301 2167 437 2200 Graev.
463 2167 552 2200 Ern.
579 2167 666 2201 Sch.
691 2167 786 2200 Liin.
812 2177 900 2202 rem.
934 2167 999 2211 „ie
1023 2167 1257 2211 glucklicher
1281 2168 1378 2202 Dein
1400 2167 1513 2201 Feld-

56 2221 129 2255 zug
154 2213 217 2246 auf
237 2213 320 2246 dem
343 2213 504 2246 Amanus
529 2213 747 2256 abgelausen
780 2212 862 2246 ist.⁷’
895 2213 935 2249 S.
968 2225 1025 2258 ep.
1044 2215 1258 2250 CCXXVI.
1278 2233 1323 2240 ——
1365 2215 1509 2248 crucia„

57 2260 125 2291 bor
149 2258 229 2292 scil.
256 2264 437 2302 metuens,
463 2269 516 2292 ne.
534 2279 578 2284 -
602 2260 718 2293 risum
743 2258 766 2293 i.
785 2271 817 2292 e.
844 2259 1023 2293 laetitiam
1049 2261 1096 2293 ob
1124 2272 1198 2294 rem
1225 2271 1245 2294 a
1271 2267 1307 2295 te
1330 2271 1513 2304 prospere

0 2343 3 2347 Ι
58 2311 211 2349 gestam.
229 2323 273 2329 —
303 2305 430 2346 aliqui.
461 2304 525 2339 Sic
550 2306 583 2339 h.
602 2306 625 2340 l.
653 2312 689 2339 et
713 2306 808 2339 infra
833 2306 908 2340 Md.
931 2307 1028 2340 Crat.
1054 2307 1158 2342 Vict.
1174 2308 1252 2341 122.
1281 2307 1414 2341 Graev.
1440 2307 1513 2338 Be-

0 2355 3 2358 ’
59 2351 144 2384 ned.
162 2350 250 2384 Sch.
268 2361 314 2382 =
337 2351 470 2393 aliquis
492 2351 617 2386 Lamb.
633 2352 725 2385 Ern.
741 2353 838 2386 Liin.
866 2352 939 2385 ΟΒ.
973 2351 1011 2386 S.
1033 2353 1186 2386 Ramsh.
1212 2354 1242 2395 §.
1261 2354 1338 2394 160,
1358 2353 1393 2395 2,
1420 2352 1464 2385 N.
1479 2352 1513 2391 5,

59 2397 193 2437 a*).—
224 2396 441 2439 memores,
465 2399 624 2431 warum?
661 2398 760 2441 quod
785 2398 1066 2443 publicanorum
1093 2399 1310 2433 tabellarius
1334 2408 1515 2444 propera-

59 2443 146 2485 bat,
172 2441 352 2476 sorteilte.
373 2460 417 2467 —
451 2442 588 2487 subito,
615 2444 651 2477 in
677 2444 776 2478 Eile.
796 2463 838 2468 —
859 2445 983 2488 pridie
1006 2456 1053 2478 =
1077 2452 1239 2487 gestern.

148 2488 183 2521 2.
217 2488 379 2530 interea,
417 2487 563 2522 interim
587 2501 634 2523 =
657 2490 728 2524 seit
761 2496 909 2533 gestem
941 2492 1162 2524 acciderunt.
1182 2510 1228 2517 —-
1271 2491 1398 2533 filiam.
1433 2488 1514 2522 Md.

62 2534 323 2568 adolescentior
355 2538 406 2566 est
440 2534 528 2567 illae
561 2536 688 2577 fillum.
745 2536 963 2580 Cornificius
996 2538 1070 2570 wol
1108 2538 1176 2570 der
1206 2537 1308 2571 Sohn
1348 2536 1413 2568 des
1447 2534 1514 2569 Se-

64 2585 186 2615 nators
212 2581 257 2615 Q.
274 2579 515 2623 Cornificius,
553 2582 656 2616 eines
681 2582 863 2626 Collegen
889 2583 955 2616 des
980 2583 1114 2617 Cicero
1139 2583 1187 2616 im
1211 2584 1422 2625 Augurate‚
1448 2582 1516 2615 der

64 2626 142 2661 sich
166 2638 234 2660 vor
260 2627 448 2661 131ahren
475 2627 593 2660 neben
619 2627 693 2661 ihm
717 2640 778 2662 um
804 2629 868 2662 das
886 2630 1062 2663 Consulat
1090 2630 1291 2663 beworben
1318 2629 1428 2660 hatte.
1474 2627 1514 2661 S.

0 2684 7 2747 Ι]
65 2683 120 2716 ep.
144 2673 305 2707 DCXLI
331 2683 409 2708 ωε.
424 2683 468 2705 w.
484 2697 493 2713 ‚
526 2674 692 2707 welcher
716 2675 824 2708 Brief
845 2676 1138 2709 iiberschrieben
1163 2675 1220 2708 ist:
1261 2674 1389 2708 cicero
1416 2673 1454 2707 S.
1467 2674 1514 2707 D.

6 2721 7 2763 ξ
69 2718 564 2762 ΟονηίίὶείονΰΟΙιΙΛΕθΑΕ.
585 2738 628 2745 -
662 2721 855 2761 Orestilla,
881 2722 1060 2757 Catilinas
1085 2721 1316 2765 vormahlige
1331 2719 1516 2754 Geliebte.
