1795 3043
223 90 292 140 94
495 86 562 133 Μ.
597 86 652 131 Τ.
688 83 1025 133 CICERONIS
1057 84 1427 134 EPISTOLAE.

225 199 412 240 alienata
440 213 465 239 a
494 197 631 246 nobis,
662 199 710 238 nt
730 210 866 250 neque
896 198 1222 251 exspectandum
1252 198 1305 239 ab
1334 198 1387 238 iis
1406 210 1544 250 neque
1567 211 1678 240 com-

176 259 205 298 6
226 256 475 297 mittendum
501 256 554 296 iis
594 256 822 307 quidquam
861 268 951 295 esse
987 256 1190 296 videatur.
1249 255 1376 307 Regis
1413 256 1605 297 Deiotari
1634 258 1678 296 et

226 315 486 355 voluntatem
538 314 581 352 et
631 314 800 365 copias,
850 314 1201 364 quantaecunque
1242 314 1358 364 sunt,
1394 316 1558 353 nostras
1586 326 1678 353 esse

227 371 350 411 duco.
420 369 687 421 Cappadocia
728 372 791 409 est
832 370 980 410 inanis.
1048 370 1217 421 Reliqui
1256 381 1374 422 reges
1426 370 1677 422 tyrannique

226 439 364 479 neque
392 427 544 478 opibus
573 427 673 467 satis
713 426 823 467 firmi
852 438 931 466 nec
968 427 1185 467 voluntate
1215 428 1324 468 sunt.
1382 426 1492 466 Mihi
1521 428 1564 466 in
1595 428 1678 467 hac

226 485 438 537 paucitate
471 484 651 524 militum
681 485 842 524 animus
868 485 982 524 certe
1005 496 1089 522 non
1118 483 1283 524 deerit:
1311 495 1431 537 spero
1459 496 1513 523 ne
1543 484 1679 524 consi-

226 542 331 581 lium
354 540 532 592 quidem.
576 541 684 588 Quid
708 553 902 581 casurum
918 541 985 591 sit,
1004 540 1213 581 incertum
1240 542 1313 580 est.
1350 540 1521 580 Utinam
1549 541 1678 582 saluti

225 601 394 639 nostrae
423 598 645 638 consulere
666 598 893 651 possimus!
923 597 1120 650 dignitati
1152 599 1269 638 certe
1299 598 1575 638 consulemus.

442 735 759 782 EPISTOLA
801 735 1023 781 CCXXII.
1063 735 1143 794 (ad
1162 735 1267 781 Div.
1287 735 1371 782 ΙΙΙ.
1391 734 1459 793 8.)

250 823 333 859 Ser.
358 822 397 857 in
421 822 553 858 castris
578 821 616 857 in
641 833 732 866 agro
757 822 1176 913 B'ssffigsugiestcijazyffll.
1204 821 1259 857 Id.
1287 822 1440 857 Octobr.
1464 823 1509 858 A.
1534 822 1581 857 U.
1610 823 1652 858 C.

860 896 868 903 .
912 880 943 902 a.
1004 895 1011 903 .
1087 894 1095 902 .

225 938 346 973 Quum
370 937 516 982 Appius
542 943 693 981 questus
718 943 829 981 esset,
856 936 956 981 quod
981 937 1114 972 Cicero
1140 937 1285 981 legatos
1309 936 1498 971 civitatum
1522 936 1675 982 provin-

223 985 304 1018 ciae
320 985 472 1018 Romam
498 984 566 1027 ire,
594 991 632 1017 ut
649 984 810 1028 Appium
833 984 869 1017 in
895 990 1022 1018 senatu
1043 984 1195 1017 laudare
1215 990 1379 1028 possent,
1406 984 1675 1027 prohibuisset,

224 1031 395 1074 aliosque
420 1041 608 1064 sermones
634 1031 679 1063 ad
705 1042 745 1064 se
771 1031 913 1064 delatos
940 1042 1021 1064 esse
1045 1030 1276 1074 scripsisset,
1304 1041 1324 1064 e
1350 1031 1484 1072 quibus
1510 1030 1675 1072 iniquum

223 1077 262 1110 in
288 1083 328 1116 se
354 1077 547 1111 Ciceronis
580 1076 739 1110 animum
765 1088 846 1111 esse
885 1076 1156 1120 suspicaretur:
1192 1076 1442 1118 Cicerqhaee
1468 1076 1676 1120 opprobria

223 1117 349 1166 diluit,
375 1123 426 1156 ita
442 1129 481 1156 ut
497 1123 671 1168 Appium,
698 1123 729 1156 si
755 1123 836 1156 istis
861 1123 1093 1156 sermonibus
1119 1122 1336 1165 crediderit,
1362 1133 1490 1167 parum
1515 1130 1674 1165 cautum,

225 1170 296 1212 sin,
323 1180 417 1212 quae
452 1169 525 1203 sibi
557 1170 593 1203 in
620 1176 776 1203 mentem
809 1169 1001 1211 venerint,
1035 1169 1118 1202 aliis
1143 1169 1344 1211 attribuat,
1382 1168 1490 1201 nimis
1515 1174 1673 1202 astutum

224 1216 424 1260 significet.
458 1217 558 1249 1—8.
604 1217 809 1251 Praeterea
833 1215 910 1259 agit
941 1215 1099 1258 gratias,
1137 1215 1237 1257 quod
1263 1214 1465 1258 diligenter
1491 1215 1536 1248 de
1563 1215 1674 1248 rebus
1728 1214 1736 1237 ⁴¹

224 1263 375 1298 urbanis
401 1261 614 1305 scripserit,
638 1261 810 1305 petitque
836 1269 874 1295 ut
888 1268 1016 1304 curet,
1042 1272 1089 1295 ne
1113 1261 1186 1295 sibi
1214 1261 1410 1305 provincia
1434 1267 1672 1304 prorogetur.

315 1310 350 1344 9.
377 1308 543 1342 Tandem
575 1318 694 1352 pauca
718 1308 764 1342 de
788 1308 864 1341 suis
889 1308 1002 1341 rebus
1028 1314 1066 1341 et
1100 1307 1145 1341 de
1168 1307 1320 1342 Parthis
1346 1306 1491 1342 scribit.
1524 1309 1580 1342 10.

549 1376 734 1410 CICERO
764 1375 803 1411 S.
829 1376 878 1411 D.
905 1376 1064 1410 APPIO
1096 1375 1349 1410 PULCHRO.

337 1447 445 1497 Etsi,
477 1448 679 1498 quantum
698 1459 749 1486 ex
779 1446 864 1485 tuis
884 1446 1020 1486 literis
1045 1446 1283 1498 intelligere
1306 1445 1438 1498 potui,
1467 1443 1675 1499 videbam,

223 1506 265 1546 te
303 1505 413 1545 hanc
449 1505 689 1555 epistolam,
720 1516 848 1554 quum
876 1502 928 1542 ad
969 1502 1116 1543 urbem
1147 1515 1282 1551 esses,
1329 1515 1418 1542 esse
1447 1504 1672 1552 lecturum,

222 1563 478 1615 refrigerato
516 1561 599 1600 iam
635 1561 844 1599 levissimo
877 1572 1065 1599 sermone
1094 1560 1308 1599 hominum
1326 1560 1672 1610 provincialium:

222 1622 376 1670 tamen,
406 1630 534 1670 quum
574 1619 619 1656 tu
650 1618 735 1656 tam
763 1616 907 1655 multis
936 1616 1078 1656 verbis
1115 1617 1166 1656 ad
1197 1628 1263 1655 me
1301 1617 1351 1656 de
1384 1617 1673 1668 improborum

223 1677 417 1717 oratione
447 1674 706 1726 scripsisses,
750 1673 990 1714 faciendum
1018 1674 1121 1713 mihi
1150 1673 1319 1725 putavi,
1348 1675 1395 1712 ut
1424 1675 1506 1713 tuis
1535 1675 1673 1714 literis

224 1800 269 1842 (§.
294 1799 359 1841 3.),
383 1797 557 1832 schwach
581 1808 626 1830 an
652 1797 778 1831 Trene
803 1795 877 1829 und
902 1796 1074 1829 muthlos.
1100 1815 1145 1820 —
1175 1797 1286 1830 allen.
1313 1808 1346 1831 a.
1374 1808 1422 1837 n.‚
1449 1808 1516 1832 uns
1540 1809 1582 1832 so
1608 1800 1674 1833 ab-

223 1845 386 1889 geneigt.
412 1863 456 1868 —-
481 1845 674 1886 commin„
701 1849 1012 1885 anzuvertrauen,
1039 1843 1276 1877 credendum.

312 1893 345 1926 6.
393 1890 579 1924 Deiotari.
629 1890 665 1924 S.
693 1901 749 1934 ep.
778 1889 951 1932 CCXIV,
977 1889 1009 1923 2.
1037 1908 1079 1912 —
1112 1894 1401 1933 qucmtaecunque
1431 1894 1524 1923 sunt.
1574 1891 1672 1925 Fere

224 1938 400 1972 cohortes
427 1936 598 1979 triginta,
625 1935 979 1979 quadringentorum
1009 1935 1177 1979 peditum
1203 1937 1371 1979 singulae
1398 1935 1419 1971 i.
1447 1948 1477 1970 e.
1502 1937 1669 1981 peditum

222 1984 419 2018 duodecim
455 1983 592 2022 millia,
638 1983 806 2023 legiones
851 1982 1027 2015 videlicet
1060 1982 1165 2016 duae.
1225 1983 1316 2016 Vid.
1352 1993 1409 2026 ep.
1453 1983 1600 2018 CCLII.
1634 1990 1674 2018 et

222 2030 478 2066 CCXXVIII.
504 2028 711 2064 MANUT.
738 2048 782 2053 -
806 2029 940 2071 inanis,
966 2039 1080 2061 vacua
1104 2028 1305 2072 praesidio.
1355 2028 1397 2061 In
1424 2039 1467 2062 ea
1492 2030 1672 2072 regnabat

219 2077 496 2112 Ariobarzanes
522 2076 568 2109 II.
595 2075 801 2109 MANUT.
826 2076 872 2109 cf.
900 2086 957 2121 ep.
985 2074 1157 2117 CCXIX,
1170 2076 1201 2109 4.
1227 2075 1378 2117 CCXX,
1394 2076 1427 2108 6.
1454 2086 1490 2108 u.
1518 2076 1672 2120 CCXII,

222 2126 257 2158 l.
283 2142 328 2147 —
353 2122 500 2167 tyranni
522 2134 569 2154 z
592 2122 921 2164 unumschrankte,
948 2120 1241 2164 eigenmachtige
1267 2121 1588 2165 Herrscherlinge.
1625 2141 1672 2149 —-

222 2170 407 2203 voluntate
432 2168 454 2203 i.
482 2179 512 2201 e.
547 2175 631 2201 sunt
665 2168 871 2202 imbecilles
905 2173 941 2200 et
966 2168 1085 2202 infidi.
1110 2186 1156 2192 —-
1191 2168 1383 2200 consilium
1417 2168 1496 2201 scil.
1523 2168 1671 2202 defutu-

223 2227 315 2250 rum.
342 2234 384 2240 —
405 2215 601 2258 paucitate.
650 2215 742 2257 Vgl.
777 2225 836 2259 ep.
864 2214 1016 2256 CCVII,
1041 2216 1072 2248 1.
1097 2232 1141 2238 -
1168 2214 1262 2248 Quid
1286 2224 1358 2247 cas.
1381 2225 1429 2245 Ξ
1453 2221 1670 2250 eventurum

217 2264 280 2303 sit,
306 2262 397 2296 Was
423 2262 614 2304 begegnen
629 2260 761 2294 kenne.
788 2279 833 2285 -—
855 2261 960 2302 dign.
985 2264 1079 2293 certe
1097 2260 1248 2302 consul„
1274 2261 1363 2293 W'as
1386 2259 1452 2292 der
1472 2261 1671 2295 Romische

218 2310 333 2344 Name
356 2307 513 2349 fordert,
538 2307 689 2340 werden
715 2307 787 2340 wir
812 2317 858 2340 zu
883 2307 1093 2350 behaupten
1117 2306 1265 2339 wissen.
1306 2306 1431 2340 Ueber
1456 2306 1520 2341 das
1547 2309 1668 2344 Verb.

220 2354 271 2392 im
294 2354 426 2391 Plural
450 2364 523 2387 von
549 2353 652 2387 einer
676 2354 821 2387 Person
846 2363 874 2387 s.
901 2353 1049 2387 Ramsh.
1076 2353 1104 2395 ς’.
1129 2353 1208 2395 2035
1235 2352 1265 2394 Ι,
1293 2362 1323 2395 a,
1349 2354 1381 2387 7.

493 2421 647 2456 APPIO
679 2421 925 2456 PULCHRO.
982 2419 1020 2455 S.
1049 2430 1094 2453 zu
1119 2431 1176 2464 ep.
1206 2421 1396 2455 CLXXX.

313 2471 346 2503 l.
396 2479 503 2513 quum
538 2469 585 2501 acl
616 2468 739 2500 urbem
770 2478 862 2501 esses
900 2472 995 2509 erst,
1032 2477 1141 2500 wann
1165 2467 1228 2500 Du
1260 2467 1320 2500 bei
1346 2468 1441 2501 Rom
1472 2468 1670 2512 angelangt

221 2516 370 2551 warest.
420 2515 599 2549 Solebant
625 2520 759 2556 autem,
786 2513 849 2556 qui
876 2514 922 2547 ob
949 2523 1009 2547 res
1034 2513 1071 2546 in
1086 2512 1280 2558 provincia
1305 2520 1427 2557 gestas
1445 2514 1668 2559 triumphum

222 2566 415 2608 peterent,
448 2568 556 2594 extra
586 2561 714 2594 urbem
749 2565 989 2604 exspectare,
1023 2559 1141 2592 donec
1172 2560 1257 2601 lege
1288 2560 1363 2594 lata
1399 2560 1668 2605 triumphantes

224 2609 352 2642 urbem
378 2608 535 2641 introire
560 2613 723 2650 possent.
771 2606 821 2639 Et
845 2606 891 2640 de
917 2606 1102 2649 triumpho
1127 2606 1290 2649 Appium
1319 2605 1503 2649 cogitasse
1533 2618 1581 2640 ex
1607 2618 1665 2651 ep.

223 2655 295 2695 111,
321 2657 377 2688 10.
404 2654 584 2695 (CCLXL
612 2654 661 2694 1.)
694 2652 901 2695 intelliges,
927 2663 972 2685 ne
998 2653 1259 2696 triumpharet,
1292 2652 1524 2685 accusatione
1549 2653 1667 2686 Dola-

223 2700 346 2734 bellae
371 2701 504 2733 sactum
530 2706 596 2733 est.
646 2698 734 2734 Vid.
761 2698 806 2731 ad
831 2699 982 2732 Divers.
1010 2698 1122 2739 VIII,
1147 2700 1178 2732 6.
1213 2698 1426 2740 (CCXLII.)
1457 2699 1664 2733 MANUT.

224 2747 450 2789 refrigerato
476 2751 569 2788 cet.,
594 2754 702 2779 wann
727 2744 792 2779 das
817 2743 1069 2780 verachtliche
1094 2744 1244 2781 Gerede
1268 2744 1336 2777 der
1360 2744 1478 2779 Leute
1508 2755 1573 2779 aus
1599 2745 1667 2778 der
