1795 3043
196 54 298 104 552
452 50 519 98 M.
552 51 610 99 T.
648 51 987 99 CICERONIS
1021 52 1390 102 EPISTOLAE.

197 163 306 211 Quid
336 176 488 205 causae
515 164 655 205 autem
684 166 835 214 fuerit,
865 166 1067 218 postridie
1094 165 1307 219 intellexi,
1335 179 1460 219 quam
1481 178 1508 207 a
1528 165 1648 208 vobis

195 221 379 262 discessi.
435 219 569 270 Χολήν
586 220 766 270 ἀκρατον
792 225 921 264 noctu
950 224 1079 264 eieci:
1118 224 1260 264 statim
1279 225 1340 265 ita
1359 236 1449 265 sum
1470 225 1648 276 levatus,

194 279 242 318 ut
261 279 366 319 mihi
395 278 497 319 deus
515 278 668 330 aliquis
685 279 934 321 medicinam
951 281 1100 321 fecisse
1119 281 1324 322 videatur.
1384 281 1461 321 Cui
1479 280 1647 332 quidem

195 336 240 375 tu
282 336 383 387 deo,
431 336 773 386 quemadmodum
810 339 944 387 soles,
997 339 1066 389 pie
1096 339 1138 378 et
1167 339 1280 378 caste
1309 338 1562 389 satisfacies,
1601 337 1647 377 id

143 401 172 442 2
196 394 282 440 est,
313 391 503 445 Apollini
527 397 569 433 et
585 393 850 445 Aesculapio.
908 394 1066 435 Navem
1094 407 1217 447 spero
1245 407 1322 435 nos
1350 395 1472 436 valde
1495 395 1648 435 bonam

194 449 374 490 habere:
405 450 448 489 in
469 462 562 490 eam
589 451 843 503 simulatque
872 451 1116 499 conscendi,
1147 453 1253 493 haec
1273 453 1437 504 scripsi.
1482 450 1647 492 Deinde

191 507 457 548 conscribam
497 507 551 548 ad
587 510 756 548 nostros
792 509 1023 549 familiares
1051 510 1205 549 multas
1236 510 1456 561 epistolas,
1493 507 1646 560 quibus

191 565 235 605 te
263 567 305 604 et
325 565 552 605 Tulliolam
572 567 758 605 nostram
779 565 1095 618 diligentissime
1115 565 1431 608 commendabo.
1491 565 1648 606 Cohor-

190 622 306 662 tarer
344 634 438 671 vos,
486 633 570 673 quo
610 623 750 663 animo
788 622 965 662 fortiore
1001 624 1166 671 essetis,
1212 623 1294 663 nisi
1338 635 1412 663 vos
1447 621 1644 663 fortiores

189 690 454 732 cognossem,
506 691 630 730 quam
665 691 917 731 quemquam
953 679 1102 719 virum.
1160 681 1216 720 Et
1256 682 1398 720 tamen
1440 678 1644 719 eiusmodi

187 748 314 788 spero
344 734 513 788 negotia
541 748 651 783 esse,
700 736 747 776 ut
782 738 824 776 et
862 748 935 776 vos
972 736 1069 776 istic
1111 737 1443 777 commodissime
1480 747 1644 789 sperem

188 806 278 834 esse
317 793 358 832 et
396 804 462 832 me
499 792 724 843 aliquando
763 805 859 833 cum
887 793 1095 833 similibus
1132 795 1266 834 nostri
1303 807 1392 835 rem
1428 793 1644 846 publicam

134 849 162 889 3
186 850 443 890 defensuros.
519 850 583 890 Tu
630 850 811 902 primum
853 849 1134 891 valetudinem
1176 854 1291 892 tuam
1337 851 1462 892 velim
1501 862 1641 891 curesz

185 908 358 955 deinde,
404 905 485 947 tibi
512 906 550 946 si
578 907 815 959 videbitur,
854 907 969 947 villis
998 907 1051 946 iis
1079 909 1222 960 utere,
1263 920 1370 959 quae
1399 908 1640 961 longissime

182 964 362 1006 aberunt
391 978 416 1005 a
446 962 669 1005 militibus.
727 963 876 1004 Fundo
897 963 1095 1016 Arpinati
1126 963 1233 1004 bene
1262 965 1422 1016 poteris
1452 965 1514 1004 uti
1543 976 1640 1004 cum

179 1022 344 1063 familia
372 1020 553 1068 urbana,
584 1021 622 1060 si
651 1033 817 1062 annona
841 1021 982 1062 carior
1010 1022 1153 1063 fuerit.
1212 1021 1360 1062 Cicero
1385 1021 1639 1062 bellissimus

179 1079 261 1119 tibi
291 1080 468 1119 salutem
497 1077 721 1130 plurimam
750 1078 865 1118 dicit.
924 1077 1066 1119 Etiam
1096 1080 1225 1131 atque
1254 1079 1382 1120 etiam
1416 1079 1525 1121 vale.
1582 1077 1635 1118 D.

178 1149 259 1178 vn.
290 1136 388 1176 Idus
417 1136 511 1177 Iun.

177 1261 384 1303 nolamque.
412 1259 485 1292 ΟΒ.
511 1277 556 1283 —-
589 1257 699 1299 eieci,
724 1256 882 1291 evomui.
919 1256 1072 1299 Χολὴν
1098 1257 1322 1305 ἄκρατον,
1349 1257 1461 1291 bilem
1487 1267 1635 1292 meram.

177 1327 219 1332 —
244 1307 468 1348 satisfacies,
498 1304 559 1338 die
584 1303 827 1348 gebiihrende
849 1303 1103 1347 Danksagung
1129 1305 1318 1347 abtragen.
1354 1303 1419 1338 Sic
1443 1303 1522 1338 Md.
1548 1302 1636 1337 Sch.

175 1353 270 1387 Lijn.
318 1351 530 1394 satisfacias
562 1351 667 1387 Vict.
696 1352 726 1384 l.
752 1350 786 1383 2.
822 1350 955 1383 GraeV.
980 1350 1069 1383 Ern.
1103 1350 1243 1384 Bened.
1274 1370 1318 1375 —
1350 1351 1391 1384 id
1414 1354 1487 1391 est,
1512 1349 1637 1393 Apoll.

176 1403 211 1432 et
235 1401 338 1433 Aesc.
353 1426 361 1441 ,
389 1398 435 1432 de
459 1398 601 1431 Manut.
627 1396 811 1431 sententia
824 1395 995 1430 delenda.
1027 1396 1182 1432 Delevit
1206 1397 1320 1431 verba
1336 1402 1509 1441 suspecta
1528 1395 1637 1430 etiam

176 1445 260 1481 Sdh
295 1446 390 1479 Lun.
429 1445 504 1478 OR.

265 1493 300 1527 2.
335 1502 402 1535 quo
428 1491 550 1524 animo
575 1489 731 1533 fortiore
755 1490 899 1532 essetis,
942 1488 1056 1522 damit
1081 1487 1140 1522 ihr
1166 1499 1224 1522 um
1250 1500 1290 1522 so
1317 1489 1462 1533 taptern
1487 1489 1637 1523 Muthes

175 1537 254 1572 sein
282 1538 455 1572 mochtet.
505 1547 572 1580 qao
610 1536 709 1570 Crat.
744 1536 872 1570 Lamb.
903 1535 992 1569 Ern.
1024 1534 1111 1569 Sch.
1151 1535 1246 1570 Liin.
1297 1536 1392 1580 quod
1422 1535 1500 1569 Md.
1534 1535 1636 1571 Vict.

176 1586 210 1618 1.
236 1585 270 1619 2.
318 1585 450 1618 Graev.
489 1582 633 1617 Bened.
691 1582 889 1616 Fortasse:
936 1592 1019 1623 vos,
1052 1584 1186 1615 animo.
1229 1583 1300 1617 OR.
1350 1582 1525 1625 fortiores
1556 1581 1634 1615 Md.

174 1631 314 1665 Bened.
348 1649 392 1656 —
440 1629 590 1672 negotia
614 1639 706 1671 esse,
737 1628 861 1661 indess
887 1628 978 1661 hoff’
1000 1628 1079 1669 ich,
1114 1628 1176 1661 die
1202 1628 1347 1663 Sachen
1373 1628 1526 1661 werden
1551 1628 1636 1662 eine

174 1678 304 1711 solt-hc
329 1676 531 1720 VVendung
554 1676 725 1709 nehmen.
757 1693 800 1699 —
847 1674 952 1716 istic,
986 1672 1022 1706 in
1049 1674 1169 1707 Italia.
1208 1694 1251 1698 —
1299 1676 1519 1716 defensuros.
1571 1674 1636 1709 Sic

175 1724 252 1759 Md.
281 1723 384 1759 Vict.
412 1724 441 1756 1.
468 1724 502 1756 2.
535 1721 676 1755 Bened.
702 1720 885 1765 probante
912 1719 1050 1753 Drack.
1077 1720 1122 1752 ad
1150 1720 1230 1753 Lic.
1252 1722 1316 1763 21,
1341 1723 1405 1761 60,
1431 1723 1463 1754 7.
1512 1720 1634 1763 defen-

173 1781 300 1803 surum
327 1770 426 1804 Crat.
451 1768 576 1803 Lamb.
604 1768 739 1802 Graev.
765 1768 854 1801 Ern.
880 1765 967 1801 Sch.
993 1766 1087 1799 Liin.
1116 1765 1310 1801 ORELLI.
1352 1767 1484 1801 Cicero
1501 1767 1634 1801 dachte

173 1817 275 1850 nicht
291 1816 424 1859 daran,
449 1815 534 1850 dass
551 1825 593 1849 er
616 1824 690 1857 me,
714 1812 817 1847 nicht
835 1823 899 1846 nos
911 1811 1158 1856 geschrieben
1179 1813 1300 1856 hatte,
1325 1813 1490 1847 welches
1504 1813 1636 1848 beides

174 1863 253 1899 sich
306 1863 403 1896 leich
429 1861 490 1895 isa

263 1874 302 1945 ἐξ
332 1909 399 1943 tibi
422 1909 467 1942 si.
491 1909 576 1942 Bas.
602 1908 663 1941 De
681 1906 781 1940 Med.
809 1915 880 1938 non
907 1905 996 1939 satis
1022 1910 1177 1939 constat.
1212 1908 1248 1938 sz'
1261 1905 1330 1938 tibi
1353 1906 1452 1940 Crat.
1478 1905 1581 1942 Vict.
1597 1907 1629 1940 1.

177 1956 249 1989 ΟΕ.
289 1975 333 1981 —-
382 1955 534 1988 aberant
564 1966 586 1987 a
616 1953 797 1986 militibus
829 1951 1082 1993 Caesarianis,
1123 1952 1193 1984 den
1227 1951 1405 1985 Soldaten
1441 1962 1506 1985 aus
1548 1952 1631 1985 dem

174 2002 465 2046 Woegeloegfflm
505 2000 763 2034 DAnssw.-
812 1998 1425 2039 fflmzfimdhawwfflwa,5fflvss
1464 1998 1630 2041 ustmmffi

176 2049 273 2091 „mit
300 2050 441 2081 nns’rer
459 2045 854 2081 Stadtdienerschaft.'⁷
886 2044 974 2077 Wie
999 2055 1042 2077 er
1066 2043 1130 2077 das
1156 2043 1356 2077 weibliche
1372 2045 1472 2078 Herz
1496 2044 1631 2079 kennt!

175 2114 215 2118 —
250 2095 379 2127 Cicero
411 2094 522 2128 filius.
553 2112 597 2118 --
646 2093 689 2126 D.
720 2091 805 2125 1²11.
832 2091 888 2124 Id.
921 2092 1024 2131 Iun„
1067 2101 1123 2122 am
1161 2092 1192 2123 7.
1221 2091 1362 2123 Iunius.
1410 2089 1474 2124 Sic
1510 2090 1629 2133 (Mdt)

173 2141 239 2175 cd.
272 2141 411 2174 *Di-esd.
445 2152 501 2184 pr.
546 2138 624 2181 (qui
658 2138 815 2171 maxime
850 2138 965 2170 refert
996 2136 1090 2176 Md.)
1130 2136 1230 2172 Vict.
1256 2137 1289 2170 2.
1325 2136 1454 2170 Lamb.
1486 2136 1628 2172 Bened.

174 2188 249 2220 III.
277 2188 365 2219 Idus
390 2192 460 2230 (am
486 2188 538 2221 ll.
558 2185 702 2228 lunius)
728 2185 810 2218 Bas.
837 2184 935 2218 Crat.
960 2182 1060 2219 vict.
1090 2185 1118 2216 l.
1149 2183 1282 2217 Graev.
1307 2183 1395 2217 Ern.
1421 2183 1507 2218 Sch.
1533 2184 1626 2217 Liin.

175 2233 369 2268 ORELLI.

1751 1426 1756 1447 .<
1750 1416 1751 1419 „
1750 1158 1763 1408 ...ΜΨ-..Ὗ
