1795 3043
485 39 796 88 EPISTOLA
831 41 1110 90 CCCLXVI.
1435 47 1533 95 501

81 154 225 206 itaque
262 166 306 195 se
342 154 387 194 in
418 153 568 195 Sicilia
605 166 749 194 eorum
788 166 916 206 opera
954 166 1137 195 usurum.
1195 154 1259 194 De
1295 153 1527 205 Hispaniis,

79 223 164 251 non
195 210 433 259 dubitabat,
465 212 565 263 quin
589 210 779 251 Caesaris
809 213 964 251 esseut:
1002 211 1099 251 inde
1127 212 1266 263 ipsum
1295 222 1388 251 cum
1412 223 1529 251 exer-

80 268 194 320 citu,
239 268 482 319 ubicunque
510 268 733 320 Pompeius
761 269 887 307 esset:
935 269 1023 308 eius
1058 269 1230 308 interitu
1270 266 1394 307 finem
1425 266 1527 307 belli

77 325 192 373 fore,
229 326 355 378 plane
383 324 603 365 iracundia
633 326 789 365 elatum
817 324 998 365 voluisse
1026 324 1244 365 Caesarem
1273 324 1412 364 occidi
1440 323 1528 363 Mc-

78 382 227 421 tellum
266 381 482 421 tribunum
511 383 592 433 pL:
645 382 821 433 propius
854 382 1011 421 sactum
1048 394 1136 422 esse
1175 381 1303 430 nihil,
1349 380 1458 432 quod
1488 381 1529 427 si,

78 439 187 478 esset
214 440 395 486 sactum,
441 438 610 478 caedem
649 450 838 490 magnam
872 440 1056 478 suturam
1094 438 1246 486 suisse3
1297 438 1526 489 permultos

77 495 314 535 hortatores
342 507 431 535 esse
460 495 626 541 caedis3
661 495 799 546 ipsum
826 496 964 535 autem
993 507 1077 535 non
1106 496 1321 535 voluntate
1350 496 1424 534 aut
1453 507 1525 534 na-

76 552 172 591 tura
211 564 295 592 non
325 564 414 592 csse
444 552 679 602 crudelem,
724 551 797 592 sed
826 550 935 602 quod
964 553 1132 603 putaret
1159 550 1406 603 popularem
1436 563 1525 591 esse

77 609 368 649 clementiam:
413 608 524 660 quod
562 607 597 647 si
634 609 782 660 populi
820 608 999 649 studium
1037 609 1264 656 amisisset,
1313 608 1524 648 crudelem

75 666 190 705 fore:
221 678 397 714 eumque
414 664 728 717 perturbatum,
759 665 871 716 quod
890 666 1168 718 intelligeret,
1197 677 1241 705 se
1265 665 1524 717 apudipsam

30 733 31 736 ¹
75 721 242 773 plebem
278 720 498 761 offendisse
527 721 577 761 de
607 723 792 762 aerario:
838 723 981 773 itaque
1021 724 1060 762 ei
1089 735 1218 774 quum
1247 722 1524 763 certissimum

73 778 243 830 fuisset,
273 780 495 830 antequam
516 778 874 830 proficisceretur,
905 780 1146 820 concionem
1168 779 1347 827 habere,
1377 791 1523 819 ausum

73 846 159 874 non
179 847 268 875 esse
295 835 648 887 vehementerque
664 837 802 876 animo
824 837 1067 888 peltuibato
1082 837 1328 889 profectum.
1389 837 1522 883 Quum
1545 846 1574 885 9

65 887 215 932 'autem
244 905 296 933 ex
325 904 374 932 eo
403 904 671 943 quaererem,
715 893 817 944 quid
855 893 1048 934 videret?
1105 893 1215 945 quod
1256 890 1522 945 exemplum2

74 961 200 1000 quam
238 961 326 990 rem
361 949 608 1000 publicam?
663 951 789 1001 plane
828 950 1039 990 fatebatur
1076 951 1236 990 nullam
1275 962 1389 1002 spem
1424 948 1524 988 reli-

74 1018 225 1056 quam3
264 1006 455 1057 Pompeii
486 1007 658 1046 classem
689 1005 893 1047 timebat:
932 1019 1038 1058 quae
1068 1007 1103 1047 si
1132 1008 1260 1058 esset,
1306 1019 1349 1045 se
1378 1006 1429 1046 de
1460 1005 1522 1045 Si-

75 1125 235 1160 demnati
261 1132 368 1160 esset.
392 1145 437 1151 —-
474 1127 514 1160 in
538 1127 691 1168 Sicilia,
725 1125 853 1160 wohin
878 1136 919 1159 er
942 1126 997 1160 als
1018 1125 1238 1161 Statthalter
1260 1124 1326 1158 mit
1345 1124 1426 1158 drei
1451 1125 1526 1158 Le-

73 1172 210 1216 gionen
235 1183 355 1216 gegen
371 1173 461 1206 Cato
486 1172 730 1216 abgesehickt
752 1183 842 1206 war
873 1191 918 1197 -
962 1173 1017 1205 De
1041 1173 1148 1214 Hisp.
1160 1197 1171 1214 ,
1201 1182 1280 1205 was
1304 1171 1414 1205 beide
1432 1170 1525 1215 Spa-

73 1218 160 1252 nien
185 1219 340 1252 betrifft.
367 1237 410 1243 -
459 1221 543 1262 quin
568 1229 630 1251 eae
655 1217 888 1262 (Hispaniae)
916 1218 1087 1251 Caesaris
1109 1220 1223 1250 essent
1258 1217 1284 1250 i.
1311 1228 1344 1251 e.
1370 1216 1406 1250 in
1433 1218 1526 1251 Cae-

74 1264 168 1299 saris
193 1269 412 1308 potestatem
436 1264 543 1299 brevi
566 1263 748 1297 venirent.
773 1283 816 1288 -—
849 1264 932 1296 tude
954 1265 1072 1307 ipsum
1096 1274 1176 1297 cum
1201 1273 1296 1296 exer.
1321 1263 1400 1297 scil.
1411 1264 1526 1297 Pom-

73 1310 198 1355 peium
229 1316 511 1354 pelsecuturum
543 1320 640 1344 esse.
675 1328 719 1334 -—
766 1310 843 1343 eius
875 1309 1081 1354 (Pompeii)
1116 1311 1263 1343 interitu
1303 1310 1409 1351 finem
1441 1310 1540 1346 belli,

74 1356 155 1391 scil.
181 1355 336 1399 gerendi
361 1356 420 1390 vel
445 1367 628 1390 armorum
654 1355 805 1390 Caesari
828 1357 918 1398 fore.
945 1374 988 1380 —-—
1033 1355 1147 1389 Plane
1172 1380 1181 1389 .
1197 1355 1280 1398 ‚pL
1306 1354 1329 1389 i.
1345 1366 1378 1389 e.
1396 1366 1530 1399 parum

74 1400 262 1445 abfuisse,
294 1402 383 1446 quin
408 1402 583 1437 Metellus
608 1412 629 1435 a
653 1402 811 1436 Caesare
835 1401 1094 1444 occideretur,
1130 1412 1241 1445 quum
1267 1401 1399 1434 aex-mii
1425 1402 1527 1435 sores

76 1449 293 1493 complexus
317 1448 414 1482 hunc
437 1448 752 1492 ingredivetalet.
778 1448 887 1482 ΒΘΗ.
923 1447 1124 1492 Pompeius
1140 1448 1241 1480 hatte
1260 1446 1320 1480 die
1335 1446 1526 1482 Schliissel

75 1505 160 1528 zum
185 1493 457 1528 Staatsschatze
481 1495 765 1537 mitgenommen
797 1493 870 1527 und
895 1494 1025 1528 Metel!
1058 1493 1189 1527 wollte
1214 1492 1316 1526 nicht
1341 1493 1525 1536 zulassen,

74 1541 159 1574 dass
188 1551 260 1574 von
285 1541 399 1574 Casar
432 1540 492 1574 die
516 1540 664 1574 Thinen
695 1540 762 1573 mit
786 1540 935 1573 Gewalt
971 1539 1247 1583 ausgebrochen
1279 1539 1449 1574 wiirden.
1482 1558 1525 1564 --

70 1597 178 1631 prop.
204 1587 230 1628 f.
256 1597 329 1620 esse
351 1597 409 1629 n.,
441 1586 669 1620 inzwischen
694 1585 750 1620 sei
775 1585 848 1619 ihm
872 1585 1003 1619 ‚Nichts
1034 1596 1081 1619 zu
1106 1586 1199 1619 nahe
1223 1585 1447 1628 geschehen.
1481 1605 1526 1610 —-

75 1636 231 1675 natura,
265 1643 330 1666 aus
355 1631 663 1676 Gutmiithigkeit.
697 1650 743 1657 -—
784 1632 908 1675 popul.
935 1642 1030 1675 esse,
1067 1631 1195 1666 werde
1219 1631 1294 1665 ihm
1319 1631 1379 1666 die
1404 1631 1525 1665 Liebe

75 1679 142 1713 des
166 1677 287 1713 Volks
316 1679 556 1712 verschaffen.
588 1697 633 1703 —
676 1678 927 1721 perturbatum
955 1689 1049 1721 esse,
1091 1689 1132 1712 er
1159 1677 1213 1712 sei
1239 1678 1326 1713 sehr
1349 1677 1522 1720 unruhig.

75 1743 121 1750 -
163 1725 205 1758 de
243 1727 408 1767 aerario,
456 1734 588 1767 wegen
625 1723 747 1758 seines
783 1724 1046 1767 gewaltsamon
1082 1724 1315 1760 Versahrens
1355 1723 1421 1758 mit
1456 1723 1525 1757 der

74 1769 386 1806 Schatzkammer.
413 1789 454 1795 -
501 1781 626 1814 quum,
664 1769 850 1813 obgleich.
876 1789 920 1795 --
962 1781 1087 1804 ausum
1112 1782 1183 1805 non
1208 1781 1282 1803 esse
1307 1771 1524 1805 concionem

75 1817 233 1859 habere,
264 1815 570 1860 vehementerque
593 1828 639 1849 =
661 1816 738 1851 sed.
767 1835 811 1841 —
853 1818 1058 1860 profectum
1084 1827 1166 1851 esse
1190 1817 1322 1850 Roma.

164 1874 196 1907 9.
235 1884 340 1917 quam
368 1884 444 1906 rem
475 1873 669 1917 publicam.
717 1872 781 1908 Sic
803 1873 901 1909 Edd.
937 1879 1020 1908 ante
1045 1873 1296 1909 Schuetzium.
1345 1872 1421 1908 Sed
1445 1873 1526 1908 vul-

76 1924 196 1963 gatam
231 1919 429 1952 lectionem
461 1930 509 1952 ex
540 1919 722 1953 interiore
745 1919 872 1954 Latini
906 1920 1087 1955 sermonis
1124 1920 1278 1954 scientia
1313 1919 1524 1953 iamdudum

77 1965 331 2009 explicaverat
364 1965 578 1999 Gronovius
618 1965 656 1998 in
688 1965 810 1999 Dialr.
848 1977 884 2010 p.
915 1968 992 2000 300.
1047 1967 1174 1999 Hand:
1216 1965 1329 2008 „quid
1364 1966 1524 2007 sentiret,

73 2012 316 2056 prospiceret,
337 2011 592 2055 praesagiret:
631 2012 805 2055 quomodo
829 2012 1130 2057 interpretaretur
1153 2012 1252 2045 istud
1269 2012 1466 2056 exemplum
1491 2015 1528 2044 et

77 2068 153 2091 rem
173 2058 379 2101 publicam,
414 2058 453 2090 in
476 2069 545 2102 qua
571 2057 643 2090 tale
665 2058 752 2101 quid
776 2058 1062 2100 admitteretur.⁷’
1108 2058 1281 2092 Attamen
1313 2057 1524 2102 exemplum

79 2104 129 2137 ita
152 2103 278 2148 potius
303 2102 462 2148 accipio:
485 2102 734 2147 „cuiusmodi
751 2105 921 2149 exempla
936 2104 1113 2138 saevitiae
1138 2103 1278 2137 editum
1298 2102 1345 2137 iri
1370 2115 1391 2137 a
1408 2104 1525 2137 victo-

79 2149 182 2183 ribus
206 2150 459 2194 prospiceret,
485 2156 521 2183 et
546 2160 735 2193 quemnam
761 2156 890 2194 postea
913 2157 1045 2184 statum
1071 2149 1127 2183 rei
1152 2149 1325 2194 publicae
1348 2151 1428 2183 sore
1445 2161 1526 2183 cre-

78 2196 230 2229 (1111911υ
262 2196 328 2229 cfr.
352 2196 425 2240 Ep.
444 2198 484 2238 7,
518 2196 548 2239 §.
572 2198 626 2229 1..
660 2196 811 2229 Sullano
835 2207 936 2230 more
959 2197 1185 2249 exemploque
1209 2196 1334 2230 vincet.
1380 2196 1525 2231 Etsae-

77 2241 161 2286 pius
187 2241 241 2275 sic
268 2253 301 2275 v.
325 2242 524 2285 exemplum
549 2248 746 2286 usurpatur
769 2242 815 2276 de
840 2242 939 2276 omni
964 2254 1005 2276 re
1029 2242 1166 2286 insigni
1201 2241 1309 2276 etiam
1335 2241 1372 2274 in
1396 2242 1526 2275 malam

79 2294 232 2331 partem.
266 2287 330 2322 Sic
354 2298 425 2321 non
450 2299 605 2332 prorsus
629 2299 781 2322 neccsse
806 2288 878 2321 erit
903 2299 983 2322 cum
997 2289 1192 2322 Tunstallo
1218 2294 1255 2321 et
1280 2287 1364 2322 Sch.
1390 2287 1527 2321 rescri-

80 2335 169 2366 bere
203 2334 355 2377 speciem
386 2344 455 2379 pro
486 2345 602 2378 spem3
648 2334 717 2367 etsi
753 2334 927 2379 speciosa
964 2340 1020 2369 est
1057 2334 1282 2369 coniectura.
1328 2330 1524 2367 ORELLI.

81 2378 262 2413 Graevius
294 2379 348 2414 sic
381 2379 609 2424 explicabat·
652 2381 777 2423 „quod
808 2380 949 2424 simile,
989 2379 1077 2424 quid
1108 2381 1181 2414 tale
1212 2390 1383 2422 umquam
1409 2379 1526 2413 visum

79 2431 141 2459 aut
165 2424 328 2459 auditum
352 2425 464 2460 fuerit
487 2427 524 2460 in
550 2438 591 2460 re
615 2426 765 2471 publica
788 2427 972 2470 Romana,
998 2427 1106 2480 quale
1131 2426 1240 2460 modo
1263 2426 1398 2460 Caesar
1423 2425 1460 2459 in
1486 2436 1528 2459 se

79 2471 290 2514 admiserit,
323 2482 433 2514 quum
458 2473 650 2517 effregerit
674 2472 856 2507 aerarium
880 2473 999 2514 solus,
1031 2473 1111 2507 sine
1135 2470 1355 2505 auctoritate
1377 2477 1528 2505 senatus

80 2524 117 2552 et
148 2516 281 2561 populi
313 2516 413 2552 iussu
444 2525 573 2552 contra
597 2518 897 2553 intercessionem
934 2519 1073 2553 tribuni
1099 2517 1257 2563 plebisst'
1305 2528 1526 2562 quaet-mem,

81 2563 167 2607 quid
197 2563 362 2597 videret?
392 2564 445 2606 (in
474 2565 581 2607 urbe)
620 2565 803 2600 Tunstall.
827 2576 863 2610 p.
885 2565 946 2600 15:
986 2566 1078 2609 quod
1108 2564 1327 2607 exemplum,
1363 2566 1523 2608 inquam,

82 2609 138 2642 rei
157 2609 349 2653 publicae?
382 2609 471 2645 Sch.
517 2622 742 2654 quaererem,
786 2612 920 2655 ecquod
951 2612 1087 2645 videret
1111 2610 1328 2661 exemplum,
1369 2621 1442 2644 om.
1468 2610 1526 2643 in-

82 2667 199 2699 quam.
247 2655 310 2690 Sic
344 2666 414 2700 pro
440 2656 544 2691 Sext.
580 2668 610 2691 c.
631 2659 665 2693 8.
697 2658 897 2700 exemplum
928 2657 1076 2701 imperii
1111 2656 1242 2689 zeleris
1271 2659 1304 2688 et
1329 2656 1527 2698 imaginem

83 2701 323 2745 antzquitatz’s.
361 2721 406 2729 --
452 2713 540 2746 quac
574 2705 608 2742 si
639 2708 740 2738 esset.
784 2704 916 2739 ’1111151.
950 2706 1034 2737 isset
1072 2703 1177 2747 prob.
1212 2701 1306 2736 Exn.
1358 2701 1433 2737 Sed
1469 2708 1526 2737 est
