1795 3043
578 95 898 157 nmsrom
941 95 1184 144 ccnx1x.
1515 101 1614 150 251

81 244 97 253 .,
152 208 336 263 iurgavit
364 212 507 252 vetere
535 209 786 263 proverbio,
827 206 879 247 τοὶ
917 208 992 257 μὲν
1022 208 1227 260 διδόμενα.
1287 209 1466 263 Reliqua
1501 209 1614 257 vide,
1641 221 1670 259 3

152 268 207 319 et,
237 270 440 318 quantum
457 266 551 308 fieri
571 268 724 320 potest,
755 266 962 319 perspice.
1021 268 1106 308 Nos
1137 269 1215 309 etsi
1245 280 1430 308 annuum
1453 268 1618 319 tempus

152 337 285 377 prope
316 325 400 365 iam
430 324 650 365 emeritum
679 322 937 365 habebamus
956 345 1013 352 —-
1043 324 1132 365 dies
1163 325 1276 365 enim
1306 337 1464 366 xxxin.
1497 326 1621 364 erant

153 382 307 433 reliqui
337 404 395 412 —-
424 381 710 421 sollicitudine
739 380 984 433 provinciae
1013 382 1151 422 tamen
1191 383 1258 423 vel
1289 383 1469 423 maxime
1498 394 1621 434 urge-

153 438 314 479 bamur.
372 441 507 487 Quum
537 438 650 478 enim
679 438 846 478 arderet
865 438 988 491 Syria
1013 437 1126 478 bello
1157 441 1198 479 et
1218 439 1397 479 Bibulus
1427 438 1469 479 in
1501 440 1619 479 tanto

153 508 347 537 maerore
376 510 450 536 suo
480 495 702 536 maximam
733 507 877 536 curam
908 494 1014 535 belli
1044 496 1270 536 sustineret
1299 496 1350 536 ad
1381 509 1532 547 meque
1562 496 1621 535 le-

155 554 241 606 gati
271 554 360 593 eius
390 555 431 593 et
460 554 657 604 quaestor
687 554 728 592 et
758 552 887 592 amici
916 553 1061 593 literas
1091 553 1324 604 mitterent,
1354 556 1399 592 ut
1429 552 1620 593 subsidio

155 610 363 652 veniremt
405 611 485 650 etsi
524 610 755 650 exercitum
793 608 1006 650 infirmum
1045 609 1274 658 habebam,
1324 611 1483 650 auxilia
1521 621 1622 650 sane

156 666 281 720 bona,
310 667 381 707 sed
411 679 461 708 ea
479 667 741 716 Galatarum,
760 666 1012 715 Pisidarum,
1033 668 1273 721 Lyciorum,
1301 689 1359 696 --
1382 667 1488 707 haec
1510 666 1624 707 enim

157 726 255 764 sunt
292 727 434 765 nostra
476 723 632 764 robora
666 746 726 753 —-
760 726 901 764 tamen
940 736 1029 764 esse
1069 724 1256 764 officium
1299 736 1437 764 meum
1478 723 1623 776 putavi

157 782 390 821 exercitum
410 780 569 821 habere
590 783 907 835 quamproxime
931 782 1108 829 hostem,
1133 781 1270 833 quoad
1300 782 1404 821 mihi
1427 792 1625 833 praeesse

157 838 405 892 provinciae
444 851 522 891 per
560 841 727 879 senatus
767 841 1007 879 consultum
1045 840 1208 879 liceret.
1271 838 1378 890 Sed,
1420 851 1504 891 quo
1547 849 1624 890 ego

157 895 338 936 maxime
378 894 647 943 delectabar,
691 895 868 936 Bibulus
906 897 1106 937 molestus
1146 896 1251 936 mihi
1291 908 1373 935 non
1417 897 1530 943 erat3
1573 894 1626 934 de

158 953 352 993 omnibus
402 953 529 993 rebus
574 952 787 994 scribebat
833 952 886 993 ad
930 966 998 994 me
1038 953 1201 1004 potius:
1252 955 1294 992 et
1332 953 1439 993 mihi
1484 953 1627 993 deces-

159 1011 292 1050 sionis
321 1010 410 1050 dies
438 1008 670 1059 λεληθότως
698 1011 952 1062 obrepebat:
995 1011 1069 1062 qui
1100 1023 1227 1060 quum
1258 1009 1496 1061 advenerit,
1525 1006 1626 1047 amo

157 1065 393 1119 πρόβλημα,
436 1080 559 1119 quem
597 1067 866 1120 praeficiam3
907 1068 989 1108 nisi
1019 1066 1174 1108 Caldus
1213 1069 1410 1118 quaestor
1438 1066 1626 1107 venerit:

160 1124 213 1164 de
243 1137 325 1176 quo
355 1124 493 1165 adhuc
521 1125 632 1166 nihil
663 1126 769 1165 certi
799 1125 1069 1167 habebamus.
1121 1123 1354 1176 Cupiebam
1381 1124 1626 1164 mehercule
1650 1130 1678 1168 4

159 1182 394 1235 longiorem
424 1182 647 1233 epistolam
677 1183 841 1222 facere:
871 1182 945 1222 sed
969 1194 1049 1222 nec
1080 1183 1172 1222 erat
1200 1194 1289 1230 res,
1329 1182 1381 1222 de
1412 1194 1495 1232 qua
1525 1180 1628 1221 scri-

160 1239 328 1287 berem,
369 1252 448 1279 nec
479 1239 614 1280 iocari
653 1252 756 1291 prae
797 1252 901 1280 cura
937 1241 1142 1292 poteram.
1203 1238 1374 1279 Valebis
1413 1239 1546 1292 igitur
1585 1239 1629 1277 et

161 1297 331 1350 puellae
360 1297 539 1336 salutem
568 1296 783 1337 Atticulae
813 1297 927 1337 dices
954 1297 1207 1347 nostraeque
1236 1296 1386 1336 Piliae.

164 1444 345 1487 betragen
370 1443 502 1477 haben.
522 1461 562 1467 —
603 1443 770 1484 obiurg.‚
802 1442 896 1475 auch
921 1442 1021 1475 wars
1040 1452 1083 1475 er
1106 1441 1176 1475 mir
1201 1441 1265 1474 das
1289 1441 1365 1474 alte
1382 1439 1629 1474 Griechische

166 1489 401 1535 Sprichwort
427 1489 463 1522 in
490 1489 559 1522 den
572 1489 680 1522 Bari:
713 1489 805 1522 VVas
824 1488 956 1521 Einem
983 1488 1149 1531 gegeben
1175 1487 1287 1530 wird,
1313 1497 1412 1520 muss
1437 1498 1518 1520 man
1539 1487 1632 1520 neh-

165 1547 260 1571 men.
307 1535 555 1571 Proverbium
581 1536 651 1568 hoc
676 1535 728 1568 ita
752 1534 899 1578 expleri
926 1540 1052 1578 potest
1077 1545 1098 1567 e
1123 1534 1293 1567 Platonis
1313 1533 1474 1576 Gorgia:
1499 1532 1544 1568 τὰ
1567 1537 1632 1576 μὲν

165 1583 335 1628 διδόμενα
359 1582 498 1626 ἀνάγκη
525 1583 712 1624 δέχεσθαι.
760 1580 825 1615 Sic
850 1579 1074 1623 obiurgabat
1091 1579 1319 1615 Philotimus
1336 1579 1559 1614 Ciceronem
1585 1579 1632 1613 de

164 1629 371 1666 rationibus
396 1627 623 1674 perturbatis
648 1632 884 1670 querentem,
910 1626 1136 1669 volebatque
1150 1626 1371 1660 Ciceronem
1397 1637 1446 1660 ex
1471 1636 1516 1659 eo
1542 1636 1633 1671 pro-

164 1674 297 1712 verbio
323 1675 529 1710 rationibus
554 1673 664 1708 editis
690 1679 899 1707 contentum
926 1683 1021 1707 esse.
1047 1672 1281 1707 ERNESTI.
1484 1672 1485 1675 ’

256 1725 290 1758 3.
318 1722 472 1766 Reliqua
496 1720 596 1761 vide,
622 1731 734 1764 sorge
759 1731 832 1753 nun
857 1720 917 1753 fiir
942 1719 1005 1753 das
1019 1719 1197 1763 Uebrige.
1232 1719 1318 1762 Vgl.
1344 1717 1503 1761 vorigen
1527 1715 1638 1752 Bries

167 1768 491 1850 {ramira
511 1764 1636 1857 aazias?1323.dirgssssrezarszsszaflfi’ssffifflssa

169 1875 321 1898 xxxnr.
348 1865 452 1895 erant
475 1860 627 1905 reliqui,
658 1870 792 1904 nempe
827 1870 945 1902 usque
970 1859 1016 1893 ad
1041 1870 1095 1893 111.
1114 1859 1200 1893 Kal.
1227 1857 1361 1893 Sextii.
1406 1857 1510 1902 Ergo
1542 1857 1636 1891 haec

169 1908 331 1954 epistola
363 1907 504 1952 scripta
535 1911 593 1940 est
623 1906 763 1941 v.Kal.
791 1905 943 1941 Quintil.
978 1906 1085 1940 SCH.
1111 1926 1152 1931 —
1185 1915 1352 1938 maerore
1381 1914 1446 1937 suo
1477 1909 1636 1948 propter

169 1956 265 1990 duos
281 1953 380 1988 filios
400 1965 420 1987 a
438 1952 656 1988 Gabinianis
681 1952 861 1986 militibus
887 1952 1116 1987 interfectos,
1141 1951 1233 1987 Vid.
1253 1951 1359 1985 Caes.
1386 1951 1431 1984 de
1456 1950 1500 1984 Β.
1521 1949 1634 1984 Civil.

168 2001 248 2041 111,
276 2007 312 2035 et
337 2001 465 2035 Valer.
491 2001 594 2034 Max.
622 2000 687 2033 lib.
706 1999 777 2034 IV.
806 2010 836 2033 c.
854 2000 885 2033 1.
912 1998 1120 2033 MANUT.
1156 1998 1201 2032 cf.
1218 1997 1430 2038 CCLXXI,
1449 1998 1482 2031 6.
1509 2016 1555 2021 -
1588 1996 1637 2030 ad

169 2058 305 2092 meque.
343 2046 381 2082 S.
409 2047 558 2081 Ramsh.
595 2046 624 2088 §.
643 2046 727 2088 179,
748 2045 799 2083 B,
821 2056 859 2087 a,
879 2047 909 2079 1.
934 2064 979 2070 —
1016 2049 1050 2078 et
1080 2049 1249 2089 quaestor
1284 2043 1472 2078 Caninius.
1507 2042 1546 2077 S.
1574 2053 1635 2087 ep.

171 2094 377 2129 CCLXXI.
399 2113 441 2118 —
481 2094 544 2127 sed
573 2103 626 2126 ea.
671 2091 710 2126 S.
743 2091 896 2127 Ramsh.
916 2092 999 2134 158,
1021 2092 1061 2132 2,
1089 2103 1123 2134 g.
1145 2110 1189 2115 —
1234 2091 1355 2123 Galat.
1382 2089 1500 2123 Pisz'd.
1526 2089 1637 2133 Lyc.,

172 2151 267 2183 quae
291 2140 461 2173 nationes
487 2150 559 2173 non
585 2139 768 2183 parebant
793 2138 934 2183 populo
950 2138 1132 2179 Romano,
1155 2143 1316 2181 excepta
1332 2136 1500 2170 Pisidiae
1519 2141 1637 2180 parte.

172 2186 379 2224 MANUT.
406 2204 450 2211 —
489 2185 613 2230 potius
645 2196 753 2228 quam
796 2184 842 2217 de
878 2184 994 2218 bello.
1019 2203 1061 2208 —
1098 2185 1276 2227 λεληθ.,
1317 2181 1570 2216 unvermerkt.
1593 2198 1636 2205 —

174 2233 395 2276 obreptabat.
441 2231 506 2266 Sic
538 2232 615 2266 Md.
651 2232 825 2265 Oxon.l.
843 2231 875 2265 2.
911 2231 1011 2264 Crat.
1045 2230 1148 2266 vict.
1168 2232 1198 2264 l.
1213 2230 1246 2263 2.
1279 2230 1379 2263 Man.
1412 2228 1539 2263 Lamb.
1575 2226 1639 2259 ob·-

175 2283 293 2322 reptat
318 2279 406 2312 Bos.
433 2278 543 2312 tacite
569 2278 705 2312 Graev.
729 2278 820 2311 Ern.
846 2277 933 2312 Sch.
959 2277 1073 2318 Liin.;
1104 2275 1141 2309 id
1173 2275 1272 2320 quod
1306 2286 1436 2320 parum
1462 2272 1640 2307 convenit

175 2335 257 2359 cum
294 2324 512 2369 imperfecto
546 2324 764 2358 delectabar.
797 2324 872 2358 ΟΒ.
897 2341 942 2349 —-
985 2323 1093 2358 ἄλλο
1119 2322 1277 2370 πρόβλ.
1304 2321 1399 2365 erit,
1431 2319 1638 2362 suboritur,

175 2381 217 2406 so
244 2369 340 2404 wird
367 2371 450 2404 eine
480 2371 616 2404 andere
640 2370 812 2414 Aufgabe
842 2381 888 2404 zu
921 2369 1027 2403 losen
1058 2367 1150 2403 sein.
1186 2369 1304 2413 praef.
1339 2366 1568 2413 provinciae.
1593 2383 1639 2390 -

178 2415 328 2452 caldus.
353 2415 391 2452 S.
408 2426 455 2452 zu
469 2416 588 2463 vorig.
606 2417 672 2454 ΒΥ.
700 2418 728 2462 §.
747 2418 778 2452 1.
804 2417 848 2451 de
867 2415 994 2451 Caelio
1020 2426 1054 2450 u.
1075 2427 1132 2461 ep.
1145 2414 1319 2452 CCLXII
1345 2425 1377 2450 u.
1396 2411 1635 2475 chxlfvl.
