<?xml version="1.0" encoding="UTF-8"?>
<!DOCTYPE html PUBLIC "-//W3C//DTD XHTML 1.0 Transitional//EN"
    "http://www.w3.org/TR/xhtml1/DTD/xhtml1-transitional.dtd">
<html xmlns="http://www.w3.org/1999/xhtml" xml:lang="en" lang="en">
 <head>
  <title>
</title>
<meta http-equiv="Content-Type" content="text/html;charset=utf-8" />
  <meta name='ocr-system' content='tesseract 3.04.00' />
  <meta name='ocr-capabilities' content='ocr_page ocr_carea ocr_par ocr_line ocrx_word'/>
</head>
<body>
  <div class='ocr_page' id='page_1' title='image "./epistolaeadattic02ciceuoft_0459.png"; bbox 0 0 1795 3043; ppageno 0'>
   <div class='ocr_carea' id='block_1_1' title="bbox 400 45 1531 110">
    <p class='ocr_par' dir='ltr' id='par_1_1' title="bbox 400 45 1531 110">
     <span class='ocr_line' id='line_1_1' title="bbox 400 45 1531 110; baseline 0.012 -18"><span class='ocrx_word' id='word_1_1' title='bbox 400 66 401 69; x_wconf 41' lang='lat'>¹</span> <span class='ocrx_word' id='word_1_2' title='bbox 465 45 782 101; x_wconf 78' lang='lat' dir='ltr'><strong>EPISTOLA</strong></span> <span class='ocrx_word' id='word_1_3' title='bbox 820 47 1154 105; x_wconf 69' lang='lat' dir='ltr'><strong>ccchvm.</strong></span> <span class='ocrx_word' id='word_1_4' title='bbox 1429 53 1531 110; x_wconf 58' lang='lat'><strong>424&#39;9</strong></span> 
     </span>
    </p>
   </div>
   <div class='ocr_carea' id='block_1_2' title="bbox 773 180 820 225">
    <p class='ocr_par' dir='ltr' id='par_1_2' title="bbox 773 180 820 225">
     <span class='ocr_line' id='line_1_2' title="bbox 773 180 820 225; baseline 0.043 -2"><span class='ocrx_word' id='word_1_5' title='bbox 773 180 820 225; x_wconf 85' lang='lat' dir='ltr'><strong>C.</strong></span> 
     </span>
    </p>
   </div>
   <div class='ocr_carea' id='block_1_3' title="bbox 402 269 1186 316">
    <p class='ocr_par' dir='ltr' id='par_1_3' title="bbox 402 269 1186 316">
     <span class='ocr_line' id='line_1_3' title="bbox 402 269 1186 316; baseline -0.001 -6"><span class='ocrx_word' id='word_1_6' title='bbox 402 272 603 310; x_wconf 84' lang='lat' dir='ltr'><strong>CAESAR</strong></span> <span class='ocrx_word' id='word_1_7' title='bbox 637 269 816 316; x_wconf 89' lang='lat' dir='ltr'><strong>OPPIO,</strong></span> <span class='ocrx_word' id='word_1_8' title='bbox 857 270 1120 308; x_wconf 86' lang='lat' dir='ltr'>CORNELIO</span> <span class='ocrx_word' id='word_1_9' title='bbox 1146 270 1186 309; x_wconf 65' lang='lat' dir='ltr'><strong>S«.</strong></span> 
     </span>
    </p>
   </div>
   <div class='ocr_carea' id='block_1_4' title="bbox 43 341 1569 1367">
    <p class='ocr_par' dir='ltr' id='par_1_4' title="bbox 43 341 1569 1367">
     <span class='ocr_line' id='line_1_4' title="bbox 172 341 1525 396; baseline 0.001 -12"><span class='ocrx_word' id='word_1_10' title='bbox 172 343 347 385; x_wconf 82' lang='lat' dir='ltr'><strong>Gaudeo</strong></span> <span class='ocrx_word' id='word_1_11' title='bbox 375 344 640 392; x_wconf 81' lang='lat' dir='ltr'><strong>mehercule,</strong></span> <span class='ocrx_word' id='word_1_12' title='bbox 679 355 754 385; x_wconf 86' lang='lat' dir='ltr'><strong>vos</strong></span> <span class='ocrx_word' id='word_1_13' title='bbox 783 341 1024 396; x_wconf 85' lang='lat' dir='ltr'><strong>significare</strong></span> <span class='ocrx_word' id='word_1_14' title='bbox 1051 343 1216 393; x_wconf 82' lang='lat' dir='ltr'><strong>literis,</strong></span> <span class='ocrx_word' id='word_1_15' title='bbox 1247 347 1373 396; x_wconf 85' lang='lat' dir='ltr'><strong>quam</strong></span> <span class='ocrx_word' id='word_1_16' title='bbox 1402 344 1525 387; x_wconf 83' lang='lat' dir='ltr'><strong>valde</strong></span> 
     </span>
     <span class='ocr_line' id='line_1_5' title="bbox 56 398 1524 455; baseline 0.003 -16"><span class='ocrx_word' id='word_1_17' title='bbox 56 398 247 451; x_wconf 85' lang='lat' dir='ltr'><strong>probetis</strong></span> <span class='ocrx_word' id='word_1_18' title='bbox 286 413 362 450; x_wconf 87' lang='lat' dir='ltr'><strong>ea,</strong></span> <span class='ocrx_word' id='word_1_19' title='bbox 417 413 525 453; x_wconf 89' lang='lat' dir='ltr'><strong>quae</strong></span> <span class='ocrx_word' id='word_1_20' title='bbox 576 400 688 455; x_wconf 85' lang='lat' dir='ltr'><strong>apud</strong></span> <span class='ocrx_word' id='word_1_21' title='bbox 726 400 958 441; x_wconf 87' lang='lat' dir='ltr'><strong>Corfinium</strong></span> <span class='ocrx_word' id='word_1_22' title='bbox 1002 402 1098 441; x_wconf 92' lang='lat' dir='ltr'><strong>sunt</strong></span> <span class='ocrx_word' id='word_1_23' title='bbox 1137 402 1268 454; x_wconf 81' lang='lat' dir='ltr'><strong>gesta.</strong></span> <span class='ocrx_word' id='word_1_24' title='bbox 1338 402 1524 443; x_wconf 88' lang='lat' dir='ltr'><strong>Consilio</strong></span> 
     </span>
     <span class='ocr_line' id='line_1_6' title="bbox 55 457 1524 511; baseline 0.003 -16"><span class='ocrx_word' id='word_1_25' title='bbox 55 458 197 497; x_wconf 86' lang='lat' dir='ltr'><strong>vestro</strong></span> <span class='ocrx_word' id='word_1_26' title='bbox 236 459 335 499; x_wconf 81' lang='lat' dir='ltr'><strong>utar</strong></span> <span class='ocrx_word' id='word_1_27' title='bbox 373 458 579 507; x_wconf 73' lang='lat' dir='ltr'><strong>libenter,</strong></span> <span class='ocrx_word' id='word_1_28' title='bbox 631 459 673 498; x_wconf 88' lang='lat' dir='ltr'><strong>et</strong></span> <span class='ocrx_word' id='word_1_29' title='bbox 708 458 790 498; x_wconf 89' lang='lat' dir='ltr'><strong>hoc</strong></span> <span class='ocrx_word' id='word_1_30' title='bbox 826 457 1051 506; x_wconf 87' lang='lat' dir='ltr'><strong>libentius,</strong></span> <span class='ocrx_word' id='word_1_31' title='bbox 1100 458 1212 509; x_wconf 91' lang='lat' dir='ltr'><strong>quod</strong></span> <span class='ocrx_word' id='word_1_32' title='bbox 1252 470 1347 499; x_wconf 86' lang='lat' dir='ltr'><strong>mea</strong></span> <span class='ocrx_word' id='word_1_33' title='bbox 1376 460 1524 511; x_wconf 86' lang='lat' dir='ltr'><strong>sponte</strong></span> 
     </span>
     <span class='ocr_line' id='line_1_7' title="bbox 53 512 1523 568; baseline 0.003 -16"><span class='ocrx_word' id='word_1_34' title='bbox 53 512 198 554; x_wconf 79' lang='lat' dir='ltr'><strong>facere</strong></span> <span class='ocrx_word' id='word_1_35' title='bbox 237 516 560 564; x_wconf 83' lang='lat' dir='ltr'><strong>constitueram,</strong></span> <span class='ocrx_word' id='word_1_36' title='bbox 613 515 661 555; x_wconf 86' lang='lat' dir='ltr'><strong>ut</strong></span> <span class='ocrx_word' id='word_1_37' title='bbox 700 524 826 566; x_wconf 87' lang='lat' dir='ltr'><strong>quam</strong></span> <span class='ocrx_word' id='word_1_38' title='bbox 865 515 1126 556; x_wconf 88' lang='lat' dir='ltr'><strong>lenissimum</strong></span> <span class='ocrx_word' id='word_1_39' title='bbox 1152 525 1220 555; x_wconf 81' lang='lat' dir='ltr'><strong>me</strong></span> <span class='ocrx_word' id='word_1_40' title='bbox 1246 515 1523 568; x_wconf 79' lang='lat' dir='ltr'><strong>praeberem3</strong></span> 
     </span>
     <span class='ocr_line' id='line_1_8' title="bbox 55 571 1522 626; baseline 0.003 -17"><span class='ocrx_word' id='word_1_41' title='bbox 55 571 98 610; x_wconf 88' lang='lat' dir='ltr'><strong>et</strong></span> <span class='ocrx_word' id='word_1_42' title='bbox 110 571 388 625; x_wconf 88' lang='lat' dir='ltr'><strong>Pompeium,</strong></span> <span class='ocrx_word' id='word_1_43' title='bbox 416 572 561 613; x_wconf 87' lang='lat' dir='ltr'><strong>darem</strong></span> <span class='ocrx_word' id='word_1_44' title='bbox 589 584 783 624; x_wconf 83' lang='lat' dir='ltr'><strong>operam,</strong></span> <span class='ocrx_word' id='word_1_45' title='bbox 812 573 860 611; x_wconf 90' lang='lat' dir='ltr'><strong>ut</strong></span> <span class='ocrx_word' id='word_1_46' title='bbox 888 571 1224 613; x_wconf 80' lang='lat' dir='ltr'><strong>reconciliarem.</strong></span> <span class='ocrx_word' id='word_1_47' title='bbox 1285 574 1522 626; x_wconf 86' lang='lat' dir='ltr'><strong>Tentemus,</strong></span> 
     </span>
     <span class='ocr_line' id='line_1_9' title="bbox 53 628 1524 682; baseline 0.002 -15"><span class='ocrx_word' id='word_1_48' title='bbox 53 628 138 667; x_wconf 86' lang='lat' dir='ltr'><strong>hoc</strong></span> <span class='ocrx_word' id='word_1_49' title='bbox 178 629 301 670; x_wconf 92' lang='lat' dir='ltr'><strong>modo</strong></span> <span class='ocrx_word' id='word_1_50' title='bbox 341 629 380 670; x_wconf 90' lang='lat' dir='ltr'><strong>si</strong></span> <span class='ocrx_word' id='word_1_51' title='bbox 419 642 640 681; x_wconf 88' lang='lat' dir='ltr'><strong>possumus</strong></span> <span class='ocrx_word' id='word_1_52' title='bbox 679 629 866 669; x_wconf 85' lang='lat' dir='ltr'><strong>omnium</strong></span> <span class='ocrx_word' id='word_1_53' title='bbox 906 630 1159 670; x_wconf 82' lang='lat' dir='ltr'><strong>voluntates</strong></span> <span class='ocrx_word' id='word_1_54' title='bbox 1184 641 1443 682; x_wconf 83' lang='lat' dir='ltr'><strong>recuperare</strong></span> <span class='ocrx_word' id='word_1_55' title='bbox 1480 632 1524 670; x_wconf 83' lang='lat' dir='ltr'><strong>et</strong></span> 
     </span>
     <span class='ocr_line' id='line_1_10' title="bbox 53 684 1522 738; baseline 0.003 -15"><span class='ocrx_word' id='word_1_56' title='bbox 53 684 253 726; x_wconf 84' lang='lat' dir='ltr'><strong>diuturna</strong></span> <span class='ocrx_word' id='word_1_57' title='bbox 295 686 478 728; x_wconf 85' lang='lat' dir='ltr'><strong>victoria</strong></span> <span class='ocrx_word' id='word_1_58' title='bbox 516 687 603 727; x_wconf 85' lang='lat' dir='ltr'><strong>uti:</strong></span> <span class='ocrx_word' id='word_1_59' title='bbox 659 686 860 737; x_wconf 80' lang='lat' dir='ltr'><strong>quoniam</strong></span> <span class='ocrx_word' id='word_1_60' title='bbox 899 686 1055 738; x_wconf 88' lang='lat' dir='ltr'><strong>reliqui</strong></span> <span class='ocrx_word' id='word_1_61' title='bbox 1096 686 1349 728; x_wconf 85' lang='lat' dir='ltr'><strong>crudelitate</strong></span> <span class='ocrx_word' id='word_1_62' title='bbox 1378 687 1522 727; x_wconf 91' lang='lat' dir='ltr'><strong>odium</strong></span> 
     </span>
     <span class='ocr_line' id='line_1_11' title="bbox 52 738 1523 797; baseline 0.003 -17"><span class='ocrx_word' id='word_1_63' title='bbox 52 738 240 794; x_wconf 82' lang='lat' dir='ltr'><strong>effugere</strong></span> <span class='ocrx_word' id='word_1_64' title='bbox 268 755 354 783; x_wconf 87' lang='lat' dir='ltr'><strong>non</strong></span> <span class='ocrx_word' id='word_1_65' title='bbox 382 744 614 794; x_wconf 87' lang='lat' dir='ltr'><strong>potuerunt</strong></span> <span class='ocrx_word' id='word_1_66' title='bbox 642 754 783 794; x_wconf 87' lang='lat' dir='ltr'><strong>neque</strong></span> <span class='ocrx_word' id='word_1_67' title='bbox 799 743 1021 785; x_wconf 83' lang='lat' dir='ltr'><strong>victoriam</strong></span> <span class='ocrx_word' id='word_1_68' title='bbox 1041 743 1200 784; x_wconf 84' lang='lat' dir='ltr'><strong>diutius</strong></span> <span class='ocrx_word' id='word_1_69' title='bbox 1230 746 1375 785; x_wconf 88' lang='lat' dir='ltr'><strong>tenere</strong></span> <span class='ocrx_word' id='word_1_70' title='bbox 1400 756 1523 797; x_wconf 85' lang='lat' dir='ltr'><strong>prae-</strong></span> 
     </span>
     <span class='ocr_line' id='line_1_12' title="bbox 49 798 1523 853; baseline 0.003 -16"><span class='ocrx_word' id='word_1_71' title='bbox 49 798 118 837; x_wconf 81' lang='lat' dir='ltr'><strong>ter</strong></span> <span class='ocrx_word' id='word_1_72' title='bbox 145 812 276 839; x_wconf 88' lang='lat' dir='ltr'><strong>unu-m</strong></span> <span class='ocrx_word' id='word_1_73' title='bbox 305 799 351 839; x_wconf 91' lang='lat' dir='ltr'><strong>L.</strong></span> <span class='ocrx_word' id='word_1_74' title='bbox 370 800 554 853; x_wconf 84' lang='lat' dir='ltr'><strong>Sullam,</strong></span> <span class='ocrx_word' id='word_1_75' title='bbox 584 812 711 852; x_wconf 89' lang='lat' dir='ltr'><strong>quem</strong></span> <span class='ocrx_word' id='word_1_76' title='bbox 735 801 979 842; x_wconf 83' lang='lat' dir='ltr'><strong>imitaturus</strong></span> <span class='ocrx_word' id='word_1_77' title='bbox 1008 813 1094 841; x_wconf 94' lang='lat' dir='ltr'><strong>non</strong></span> <span class='ocrx_word' id='word_1_78' title='bbox 1113 814 1217 841; x_wconf 86' lang='lat' dir='ltr'><strong>sum.</strong></span> <span class='ocrx_word' id='word_1_79' title='bbox 1276 802 1396 842; x_wconf 85' lang='lat' dir='ltr'><strong>Haec</strong></span> <span class='ocrx_word' id='word_1_80' title='bbox 1413 813 1523 842; x_wconf 79' lang='lat' dir='ltr'><strong>nova</strong></span> 
     </span>
     <span class='ocr_line' id='line_1_13' title="bbox 50 854 1521 910; baseline 0.003 -16"><span class='ocrx_word' id='word_1_81' title='bbox 50 854 106 894; x_wconf 81' lang='lat' dir='ltr'><strong>sit</strong></span> <span class='ocrx_word' id='word_1_82' title='bbox 133 856 246 896; x_wconf 87' lang='lat' dir='ltr'><strong>ratio</strong></span> <span class='ocrx_word' id='word_1_83' title='bbox 276 856 500 910; x_wconf 88' lang='lat' dir='ltr'><strong>vincendi,</strong></span> <span class='ocrx_word' id='word_1_84' title='bbox 552 858 600 897; x_wconf 84' lang='lat' dir='ltr'><strong>ut</strong></span> <span class='ocrx_word' id='word_1_85' title='bbox 635 857 928 898; x_wconf 80' lang='lat' dir='ltr'><strong>misericordia</strong></span> <span class='ocrx_word' id='word_1_86' title='bbox 966 859 1009 898; x_wconf 90' lang='lat' dir='ltr'><strong>et</strong></span> <span class='ocrx_word' id='word_1_87' title='bbox 1037 857 1299 899; x_wconf 74' lang='lat' dir='ltr'><strong>liberalitate</strong></span> <span class='ocrx_word' id='word_1_88' title='bbox 1327 871 1404 899; x_wconf 87' lang='lat' dir='ltr'><strong>nos</strong></span> <span class='ocrx_word' id='word_1_89' title='bbox 1433 871 1521 899; x_wconf 88' lang='lat' dir='ltr'><strong>mu-</strong></span> 
     </span>
     <span class='ocr_line' id='line_1_14' title="bbox 49 911 1520 967; baseline 0.003 -16"><span class='ocrx_word' id='word_1_90' title='bbox 49 911 228 953; x_wconf 86' lang='lat' dir='ltr'><strong>niamus.</strong></span> <span class='ocrx_word' id='word_1_91' title='bbox 285 913 336 953; x_wconf 89' lang='lat' dir='ltr'><strong>Id</strong></span> <span class='ocrx_word' id='word_1_92' title='bbox 379 913 731 964; x_wconf 83' lang='lat' dir='ltr'><strong>quemadmodum</strong></span> <span class='ocrx_word' id='word_1_93' title='bbox 766 914 861 955; x_wconf 90' lang='lat' dir='ltr'><strong>fieri</strong></span> <span class='ocrx_word' id='word_1_94' title='bbox 897 916 1053 967; x_wconf 85' lang='lat' dir='ltr'><strong>possit,</strong></span> <span class='ocrx_word' id='word_1_95' title='bbox 1104 916 1310 956; x_wconf 86' lang='lat' dir='ltr'><strong>nonnulla</strong></span> <span class='ocrx_word' id='word_1_96' title='bbox 1339 916 1446 956; x_wconf 89' lang='lat' dir='ltr'><strong>mihi</strong></span> <span class='ocrx_word' id='word_1_97' title='bbox 1475 915 1520 956; x_wconf 88' lang='lat' dir='ltr'><strong>in</strong></span> 
     </span>
     <span class='ocr_line' id='line_1_15' title="bbox 43 970 1518 1024; baseline 0.003 -16"><span class='ocrx_word' id='word_1_98' title='bbox 43 973 234 1010; x_wconf 89' lang='lat' dir='ltr'><strong>-mentem</strong></span> <span class='ocrx_word' id='word_1_99' title='bbox 261 970 438 1011; x_wconf 79' lang='lat' dir='ltr'><strong>veniunt</strong></span> <span class='ocrx_word' id='word_1_100' title='bbox 478 973 520 1011; x_wconf 92' lang='lat' dir='ltr'><strong>et</strong></span> <span class='ocrx_word' id='word_1_101' title='bbox 558 972 692 1012; x_wconf 85' lang='lat' dir='ltr'><strong>multa</strong></span> <span class='ocrx_word' id='word_1_102' title='bbox 730 971 915 1024; x_wconf 85' lang='lat' dir='ltr'><strong>reperiri</strong></span> <span class='ocrx_word' id='word_1_103' title='bbox 943 974 1129 1024; x_wconf 80' lang='lat' dir='ltr'><strong>possunt.</strong></span> <span class='ocrx_word' id='word_1_104' title='bbox 1186 972 1251 1012; x_wconf 86' lang='lat' dir='ltr'><strong>De</strong></span> <span class='ocrx_word' id='word_1_105' title='bbox 1281 972 1347 1013; x_wconf 87' lang='lat' dir='ltr'><strong>his</strong></span> <span class='ocrx_word' id='word_1_106' title='bbox 1376 972 1518 1019; x_wconf 89' lang='lat' dir='ltr'><strong>rebus,</strong></span> 
     </span>
     <span class='ocr_line' id='line_1_16' title="bbox 46 1027 1569 1081; baseline 0.002 -16"><span class='ocrx_word' id='word_1_107' title='bbox 46 1036 152 1078; x_wconf 82' lang='lat' dir='ltr'><strong>rogo</strong></span> <span class='ocrx_word' id='word_1_108' title='bbox 181 1039 276 1077; x_wconf 87' lang='lat' dir='ltr'><strong>vos,</strong></span> <span class='ocrx_word' id='word_1_109' title='bbox 305 1028 353 1067; x_wconf 86' lang='lat' dir='ltr'><strong>ut</strong></span> <span class='ocrx_word' id='word_1_110' title='bbox 383 1027 682 1080; x_wconf 82' lang='lat' dir='ltr'><strong>cogitationem</strong></span> <span class='ocrx_word' id='word_1_111' title='bbox 712 1028 961 1080; x_wconf 82' lang='lat' dir='ltr'><strong>suscipiatis.</strong></span> <span class='ocrx_word' id='word_1_112' title='bbox 1019 1029 1072 1070; x_wconf 94' lang='lat' dir='ltr'><strong>N.</strong></span> <span class='ocrx_word' id='word_1_113' title='bbox 1094 1029 1293 1081; x_wconf 81' lang='lat' dir='ltr'><strong>Magium,</strong></span> <span class='ocrx_word' id='word_1_114' title='bbox 1324 1028 1517 1081; x_wconf 85' lang='lat' dir='ltr'><strong>Pompeii</strong></span> <span class='ocrx_word' id='word_1_115' title='bbox 1539 1028 1569 1068; x_wconf 87' lang='grc'>2</span> 
     </span>
     <span class='ocr_line' id='line_1_17' title="bbox 45 1084 1519 1137; baseline 0.003 -14"><span class='ocrx_word' id='word_1_116' title='bbox 45 1084 328 1137; x_wconf 83' lang='lat' dir='ltr'><strong>praesectum,</strong></span> <span class='ocrx_word' id='word_1_117' title='bbox 374 1084 648 1135; x_wconf 86' lang='lat' dir='ltr'><strong>deprehendi.</strong></span> <span class='ocrx_word' id='word_1_118' title='bbox 710 1084 888 1125; x_wconf 87' lang='lat' dir='ltr'><strong>Scilicet</strong></span> <span class='ocrx_word' id='word_1_119' title='bbox 930 1096 1024 1126; x_wconf 92' lang='lat' dir='ltr'><strong>meo</strong></span> <span class='ocrx_word' id='word_1_120' title='bbox 1052 1085 1251 1125; x_wconf 88' lang='lat' dir='ltr'><strong>instituto</strong></span> <span class='ocrx_word' id='word_1_121' title='bbox 1294 1097 1396 1127; x_wconf 91' lang='lat' dir='ltr'><strong>usus</strong></span> <span class='ocrx_word' id='word_1_122' title='bbox 1425 1098 1519 1128; x_wconf 86' lang='lat' dir='ltr'><strong>sum</strong></span> 
     </span>
     <span class='ocr_line' id='line_1_18' title="bbox 46 1140 1521 1195; baseline 0.004 -17"><span class='ocrx_word' id='word_1_123' title='bbox 46 1142 89 1179; x_wconf 90' lang='lat' dir='ltr'><strong>et</strong></span> <span class='ocrx_word' id='word_1_124' title='bbox 120 1152 216 1180; x_wconf 91' lang='lat' dir='ltr'><strong>eum</strong></span> <span class='ocrx_word' id='word_1_125' title='bbox 237 1140 379 1182; x_wconf 87' lang='lat' dir='ltr'><strong>statim</strong></span> <span class='ocrx_word' id='word_1_126' title='bbox 396 1141 568 1181; x_wconf 86' lang='lat' dir='ltr'><strong>missum</strong></span> <span class='ocrx_word' id='word_1_127' title='bbox 588 1141 686 1182; x_wconf 83' lang='lat' dir='ltr'><strong>feci.</strong></span> <span class='ocrx_word' id='word_1_128' title='bbox 746 1142 838 1182; x_wconf 84' lang='lat' dir='ltr'><strong>Iam</strong></span> <span class='ocrx_word' id='word_1_129' title='bbox 867 1142 952 1183; x_wconf 89' lang='lat' dir='ltr'><strong>duo</strong></span> <span class='ocrx_word' id='word_1_130' title='bbox 972 1143 1182 1195; x_wconf 87' lang='lat' dir='ltr'><strong>praefecti</strong></span> <span class='ocrx_word' id='word_1_131' title='bbox 1204 1143 1374 1184; x_wconf 74' lang='lat' dir='ltr'><strong>fabrum</strong></span> <span class='ocrx_word' id='word_1_132' title='bbox 1398 1143 1521 1184; x_wconf 87' lang='lat' dir='ltr'><strong>Pom-</strong></span> 
     </span>
     <span class='ocr_line' id='line_1_19' title="bbox 44 1197 1519 1250; baseline 0.003 -13"><span class='ocrx_word' id='word_1_133' title='bbox 44 1197 134 1249; x_wconf 86' lang='lat' dir='ltr'><strong>peii</strong></span> <span class='ocrx_word' id='word_1_134' title='bbox 165 1198 210 1238; x_wconf 88' lang='lat' dir='ltr'><strong>in</strong></span> <span class='ocrx_word' id='word_1_135' title='bbox 240 1210 376 1238; x_wconf 89' lang='lat' dir='ltr'><strong>meam</strong></span> <span class='ocrx_word' id='word_1_136' title='bbox 404 1199 660 1250; x_wconf 87' lang='lat' dir='ltr'><strong>potestatem</strong></span> <span class='ocrx_word' id='word_1_137' title='bbox 688 1200 898 1239; x_wconf 84' lang='lat' dir='ltr'><strong>venerunt</strong></span> <span class='ocrx_word' id='word_1_138' title='bbox 934 1200 976 1239; x_wconf 90' lang='lat' dir='ltr'><strong>et</strong></span> <span class='ocrx_word' id='word_1_139' title='bbox 1006 1213 1031 1240; x_wconf 85' lang='lat' dir='ltr'><strong>a</strong></span> <span class='ocrx_word' id='word_1_140' title='bbox 1059 1211 1127 1239; x_wconf 88' lang='lat' dir='ltr'><strong>me</strong></span> <span class='ocrx_word' id='word_1_141' title='bbox 1155 1199 1274 1241; x_wconf 86' lang='lat' dir='ltr'><strong>missi</strong></span> <span class='ocrx_word' id='word_1_142' title='bbox 1303 1202 1412 1241; x_wconf 87' lang='lat' dir='ltr'><strong>sunt.</strong></span> <span class='ocrx_word' id='word_1_143' title='bbox 1471 1199 1519 1241; x_wconf 81' lang='lat' dir='ltr'><strong>St</strong></span> 
     </span>
     <span class='ocr_line' id='line_1_20' title="bbox 43 1254 1520 1307; baseline 0.003 -14"><span class='ocrx_word' id='word_1_144' title='bbox 43 1254 189 1294; x_wconf 86' lang='lat' dir='ltr'><strong>volent</strong></span> <span class='ocrx_word' id='word_1_145' title='bbox 228 1255 338 1307; x_wconf 84' lang='lat' dir='ltr'><strong>grati</strong></span> <span class='ocrx_word' id='word_1_146' title='bbox 374 1267 487 1303; x_wconf 86' lang='lat' dir='ltr'><strong>esse,</strong></span> <span class='ocrx_word' id='word_1_147' title='bbox 540 1254 755 1295; x_wconf 87' lang='lat' dir='ltr'><strong>debebunt</strong></span> <span class='ocrx_word' id='word_1_148' title='bbox 790 1255 1039 1307; x_wconf 87' lang='lat' dir='ltr'><strong>Pompeium</strong></span> <span class='ocrx_word' id='word_1_149' title='bbox 1078 1257 1267 1303; x_wconf 83' lang='lat' dir='ltr'><strong>hortari,</strong></span> <span class='ocrx_word' id='word_1_150' title='bbox 1318 1260 1367 1297; x_wconf 88' lang='lat' dir='ltr'><strong>ut</strong></span> <span class='ocrx_word' id='word_1_151' title='bbox 1396 1257 1520 1298; x_wconf 74' lang='lat' dir='ltr'><strong>malit</strong></span> 
     </span>
     <span class='ocr_line' id='line_1_21' title="bbox 44 1311 1520 1367; baseline 0.003 -17"><span class='ocrx_word' id='word_1_152' title='bbox 44 1311 150 1351; x_wconf 89' lang='lat' dir='ltr'><strong>mihi</strong></span> <span class='ocrx_word' id='word_1_153' title='bbox 188 1323 278 1351; x_wconf 86' lang='lat' dir='ltr'><strong>esse</strong></span> <span class='ocrx_word' id='word_1_154' title='bbox 316 1311 501 1363; x_wconf 82' lang='lat' dir='ltr'><strong>amicus,</strong></span> <span class='ocrx_word' id='word_1_155' title='bbox 551 1322 678 1362; x_wconf 87' lang='lat' dir='ltr'><strong>quam</strong></span> <span class='ocrx_word' id='word_1_156' title='bbox 717 1311 794 1359; x_wconf 85' lang='lat' dir='ltr'><strong>iis,</strong></span> <span class='ocrx_word' id='word_1_157' title='bbox 845 1313 920 1363; x_wconf 90' lang='lat' dir='ltr'><strong>qui</strong></span> <span class='ocrx_word' id='word_1_158' title='bbox 962 1314 1004 1352; x_wconf 92' lang='lat' dir='ltr'><strong>et</strong></span> <span class='ocrx_word' id='word_1_159' title='bbox 1047 1312 1116 1353; x_wconf 90' lang='lat' dir='ltr'><strong>illi</strong></span> <span class='ocrx_word' id='word_1_160' title='bbox 1145 1313 1323 1354; x_wconf 87' lang='lat' dir='ltr'><strong>etmihi</strong></span> <span class='ocrx_word' id='word_1_161' title='bbox 1351 1326 1520 1367; x_wconf 80' lang='lat' dir='ltr'><strong>semper</strong></span> 
     </span>
    </p>
   </div>
   <div class='ocr_carea' id='block_1_5' title="bbox 36 1434 1520 2082">
    <p class='ocr_par' dir='ltr' id='par_1_5' title="bbox 36 1434 1520 2082">
     <span class='ocr_line' id='line_1_22' title="bbox 75 1434 1520 1482; baseline 0.004 -14"><span class='ocrx_word' id='word_1_162' title='bbox 75 1434 79 1438; x_wconf 82' lang='lat'>&#39;</span> <span class='ocrx_word' id='word_1_163' title='bbox 134 1434 167 1468; x_wconf 89' lang='lat'><strong>1.</strong></span> <span class='ocrx_word' id='word_1_164' title='bbox 204 1434 301 1479; x_wconf 79' lang='lat' dir='ltr'><strong>apud</strong></span> <span class='ocrx_word' id='word_1_165' title='bbox 325 1434 461 1477; x_wconf 81' lang='lat' dir='ltr'><strong>Corfin.</strong></span> <span class='ocrx_word' id='word_1_166' title='bbox 486 1437 568 1467; x_wconf 76' lang='lat' dir='ltr'><strong>sunt</strong></span> <span class='ocrx_word' id='word_1_167' title='bbox 592 1438 708 1477; x_wconf 79' lang='lat' dir='ltr'><strong>gesta.</strong></span> <span class='ocrx_word' id='word_1_168' title='bbox 758 1434 930 1469; x_wconf 69' lang='lat' dir='ltr'><strong>Namlich</strong></span> <span class='ocrx_word' id='word_1_169' title='bbox 954 1435 1036 1470; x_wconf 86' lang='lat' dir='ltr'><strong>sein</strong></span> <span class='ocrx_word' id='word_1_170' title='bbox 1061 1435 1360 1482; x_wconf 81' lang='lat' dir='ltr'><strong>grossmiithiges</strong></span> <span class='ocrx_word' id='word_1_171' title='bbox 1384 1438 1520 1474; x_wconf 83' lang='lat' dir='ltr'><strong>Betra·</strong></span> 
     </span>
     <span class='ocr_line' id='line_1_23' title="bbox 42 1480 1518 1528; baseline 0.005 -16"><span class='ocrx_word' id='word_1_172' title='bbox 42 1489 115 1524; x_wconf 87' lang='lat' dir='ltr'><strong>gen</strong></span> <span class='ocrx_word' id='word_1_173' title='bbox 141 1492 263 1525; x_wconf 81' lang='lat' dir='ltr'><strong>gegen</strong></span> <span class='ocrx_word' id='word_1_174' title='bbox 289 1481 351 1514; x_wconf 87' lang='lat' dir='ltr'><strong>die</strong></span> <span class='ocrx_word' id='word_1_175' title='bbox 364 1481 599 1516; x_wconf 89' lang='lat' dir='ltr'><strong>Proconsuln</strong></span> <span class='ocrx_word' id='word_1_176' title='bbox 623 1480 813 1516; x_wconf 81' lang='lat' dir='ltr'><strong>Domitius</strong></span> <span class='ocrx_word' id='word_1_177' title='bbox 839 1482 914 1515; x_wconf 87' lang='lat' dir='ltr'><strong>und</strong></span> <span class='ocrx_word' id='word_1_178' title='bbox 939 1482 1122 1517; x_wconf 84' lang='lat' dir='ltr'><strong>Lentulus</strong></span> <span class='ocrx_word' id='word_1_179' title='bbox 1145 1483 1327 1528; x_wconf 81' lang='lat' dir='ltr'><strong>Spinther</strong></span> <span class='ocrx_word' id='word_1_180' title='bbox 1355 1485 1427 1519; x_wconf 89' lang='lat' dir='ltr'><strong>und</strong></span> <span class='ocrx_word' id='word_1_181' title='bbox 1454 1485 1518 1520; x_wconf 82' lang='lat' dir='ltr'><strong>die</strong></span> 
     </span>
     <span class='ocr_line' id='line_1_24' title="bbox 43 1526 1517 1572; baseline 0.004 -12"><span class='ocrx_word' id='word_1_182' title='bbox 43 1526 205 1571; x_wconf 77' lang='lat' dir='ltr'><strong>iibrigen</strong></span> <span class='ocrx_word' id='word_1_183' title='bbox 230 1526 502 1572; x_wconf 86' lang='lat' dir='ltr'><strong>Pompeianer,</strong></span> <span class='ocrx_word' id='word_1_184' title='bbox 543 1527 689 1562; x_wconf 88' lang='lat' dir='ltr'><strong>welche</strong></span> <span class='ocrx_word' id='word_1_185' title='bbox 723 1527 839 1562; x_wconf 83' lang='lat' dir='ltr'><strong>durch</strong></span> <span class='ocrx_word' id='word_1_186' title='bbox 873 1527 936 1562; x_wconf 90' lang='lat' dir='ltr'><strong>die</strong></span> <span class='ocrx_word' id='word_1_187' title='bbox 961 1529 1186 1572; x_wconf 81' lang='lat' dir='ltr'><strong>Uebergabe</strong></span> <span class='ocrx_word' id='word_1_188' title='bbox 1211 1541 1285 1564; x_wconf 88' lang='lat' dir='ltr'><strong>von</strong></span> <span class='ocrx_word' id='word_1_189' title='bbox 1310 1531 1517 1566; x_wconf 86' lang='lat' dir='ltr'><strong>Corfinium</strong></span> 
     </span>
     <span class='ocr_line' id='line_1_25' title="bbox 41 1571 1516 1619; baseline 0.003 -12"><span class='ocrx_word' id='word_1_190' title='bbox 41 1571 81 1606; x_wconf 88' lang='lat' dir='ltr'><strong>in</strong></span> <span class='ocrx_word' id='word_1_191' title='bbox 106 1573 211 1608; x_wconf 89' lang='lat' dir='ltr'><strong>seine</strong></span> <span class='ocrx_word' id='word_1_192' title='bbox 225 1574 356 1608; x_wconf 65' lang='lat' dir='ltr'><strong>Hiinde</strong></span> <span class='ocrx_word' id='word_1_193' title='bbox 381 1574 545 1618; x_wconf 73' lang='lat' dir='ltr'><strong>get‘allen</strong></span> <span class='ocrx_word' id='word_1_194' title='bbox 569 1585 709 1608; x_wconf 85' lang='lat' dir='ltr'><strong>waren.</strong></span> <span class='ocrx_word' id='word_1_195' title='bbox 737 1593 780 1599; x_wconf 87' lang='lat'>—</span> <span class='ocrx_word' id='word_1_196' title='bbox 819 1574 855 1607; x_wconf 68' lang='grc' dir='ltr'><strong>εἰ</strong></span> <span class='ocrx_word' id='word_1_197' title='bbox 874 1585 1087 1619; x_wconf 77' lang='lat' dir='ltr'><strong>possumus,</strong></span> <span class='ocrx_word' id='word_1_198' title='bbox 1117 1576 1165 1609; x_wconf 88' lang='lat' dir='ltr'><strong>ob</strong></span> <span class='ocrx_word' id='word_1_199' title='bbox 1191 1576 1265 1609; x_wconf 89' lang='lat' dir='ltr'><strong>wir</strong></span> <span class='ocrx_word' id='word_1_200' title='bbox 1288 1578 1353 1611; x_wconf 88' lang='lat' dir='ltr'><strong>auf</strong></span> <span class='ocrx_word' id='word_1_201' title='bbox 1373 1577 1516 1612; x_wconf 80' lang='lat' dir='ltr'><strong>diesem</strong></span> 
     </span>
     <span class='ocr_line' id='line_1_26' title="bbox 40 1620 1518 1664; baseline 0.003 -11"><span class='ocrx_word' id='word_1_202' title='bbox 40 1620 166 1664; x_wconf 82' lang='lat' dir='ltr'><strong>wege</strong></span> <span class='ocrx_word' id='word_1_203' title='bbox 190 1620 264 1655; x_wconf 90' lang='lat' dir='ltr'><strong>alle</strong></span> <span class='ocrx_word' id='word_1_204' title='bbox 290 1621 494 1655; x_wconf 73' lang='lat' dir='ltr'><strong>Gemuther</strong></span> <span class='ocrx_word' id='word_1_205' title='bbox 519 1620 664 1655; x_wconf 87' lang='lat' dir='ltr'><strong>wieder</strong></span> <span class='ocrx_word' id='word_1_206' title='bbox 688 1621 886 1664; x_wconf 80' lang='lat' dir='ltr'><strong>gewinnen</strong></span> <span class='ocrx_word' id='word_1_207' title='bbox 912 1621 987 1655; x_wconf 91' lang='lat' dir='ltr'><strong>und</strong></span> <span class='ocrx_word' id='word_1_208' title='bbox 1014 1632 1081 1655; x_wconf 89' lang='lat' dir='ltr'><strong>uns</strong></span> <span class='ocrx_word' id='word_1_209' title='bbox 1106 1621 1172 1656; x_wconf 82' lang='lat' dir='ltr'><strong>des</strong></span> <span class='ocrx_word' id='word_1_210' title='bbox 1198 1622 1387 1658; x_wconf 85' lang='lat' dir='ltr'><strong>Genusses</strong></span> <span class='ocrx_word' id='word_1_211' title='bbox 1413 1624 1518 1658; x_wconf 79' lang='lat' dir='ltr'><strong>eines</strong></span> 
     </span>
     <span class='ocr_line' id='line_1_27' title="bbox 40 1665 1515 1712; baseline 0.004 -13"><span class='ocrx_word' id='word_1_212' title='bbox 40 1665 284 1700; x_wconf 84' lang='lat' dir='ltr'><strong>dauerhaften</strong></span> <span class='ocrx_word' id='word_1_213' title='bbox 309 1666 494 1701; x_wconf 89' lang='lat' dir='ltr'><strong>Friedens</strong></span> <span class='ocrx_word' id='word_1_214' title='bbox 520 1666 737 1702; x_wconf 86' lang='lat' dir='ltr'><strong>versichern</strong></span> <span class='ocrx_word' id='word_1_215' title='bbox 762 1666 924 1702; x_wconf 68' lang='lat' dir='ltr'><strong>konnen.</strong></span> <span class='ocrx_word' id='word_1_216' title='bbox 964 1666 1003 1702; x_wconf 86' lang='lat' dir='ltr'><strong>S.</strong></span> <span class='ocrx_word' id='word_1_217' title='bbox 1026 1667 1179 1702; x_wconf 85' lang='lat' dir='ltr'><strong>Ramsh.</strong></span> <span class='ocrx_word' id='word_1_218' title='bbox 1205 1669 1329 1712; x_wconf 81' lang='lat'><strong>§.190,</strong></span> <span class='ocrx_word' id='word_1_219' title='bbox 1356 1671 1462 1704; x_wconf 83' lang='lat' dir='ltr'><strong>Anm.</strong></span> <span class='ocrx_word' id='word_1_220' title='bbox 1483 1670 1515 1705; x_wconf 90' lang='lat'><strong>1.</strong></span> 
     </span>
     <span class='ocr_line' id='line_1_28' title="bbox 40 1711 1517 1758; baseline 0.004 -13"><span class='ocrx_word' id='word_1_221' title='bbox 40 1711 190 1747; x_wconf 80' lang='lat' dir='ltr'><strong>Grotef.</strong></span> <span class='ocrx_word' id='word_1_222' title='bbox 223 1714 252 1757; x_wconf 84' lang='lat'><strong>§.</strong></span> <span class='ocrx_word' id='word_1_223' title='bbox 276 1713 363 1756; x_wconf 83' lang='lat'><strong>427,</strong></span> <span class='ocrx_word' id='word_1_224' title='bbox 398 1714 504 1748; x_wconf 82' lang='lat' dir='ltr'><strong>Anm.</strong></span> <span class='ocrx_word' id='word_1_225' title='bbox 529 1714 565 1748; x_wconf 82' lang='lat'><strong>4.</strong></span> <span class='ocrx_word' id='word_1_226' title='bbox 622 1712 760 1747; x_wconf 82' lang='lat' dir='ltr'><strong>Exstat</strong></span> <span class='ocrx_word' id='word_1_227' title='bbox 792 1714 885 1747; x_wconf 82' lang='lat' dir='ltr'><strong>haec</strong></span> <span class='ocrx_word' id='word_1_228' title='bbox 908 1713 979 1758; x_wconf 86' lang='lat' dir='ltr'><strong>Ep.</strong></span> <span class='ocrx_word' id='word_1_229' title='bbox 1011 1713 1050 1747; x_wconf 88' lang='lat' dir='ltr'><strong>in</strong></span> <span class='ocrx_word' id='word_1_230' title='bbox 1085 1714 1289 1748; x_wconf 87' lang='lat' dir='ltr'><strong>Petrarcae</strong></span> <span class='ocrx_word' id='word_1_231' title='bbox 1322 1716 1398 1750; x_wconf 83' lang='lat' dir='ltr'><strong>vita</strong></span> <span class='ocrx_word' id='word_1_232' title='bbox 1422 1716 1517 1751; x_wconf 83' lang='lat' dir='ltr'><strong>Cae-</strong></span> 
     </span>
     <span class='ocr_line' id='line_1_29' title="bbox 40 1758 1518 1807; baseline 0.003 -15"><span class='ocrx_word' id='word_1_233' title='bbox 40 1759 138 1792; x_wconf 82' lang='lat' dir='ltr'><strong>saris</strong></span> <span class='ocrx_word' id='word_1_234' title='bbox 162 1770 198 1803; x_wconf 88' lang='lat' dir='ltr'><strong>p.</strong></span> <span class='ocrx_word' id='word_1_235' title='bbox 214 1760 294 1793; x_wconf 86' lang='lat'><strong>225.</strong></span> <span class='ocrx_word' id='word_1_236' title='bbox 323 1758 490 1794; x_wconf 80' lang='lat' dir='ltr'><strong>Schneid.</strong></span> <span class='ocrx_word' id='word_1_237' title='bbox 515 1759 644 1793; x_wconf 83' lang='lat' dir='ltr'><strong>Lamb.</strong></span> <span class='ocrx_word' id='word_1_238' title='bbox 671 1760 776 1795; x_wconf 91' lang='lat' dir='ltr'><strong>Petr.</strong></span> <span class='ocrx_word' id='word_1_239' title='bbox 799 1759 995 1804; x_wconf 77' lang='lat' dir='ltr'><strong>possimus.</strong></span> <span class='ocrx_word' id='word_1_240' title='bbox 1036 1758 1115 1794; x_wconf 85' lang='lat' dir='ltr'><strong>Sed</strong></span> <span class='ocrx_word' id='word_1_241' title='bbox 1138 1760 1308 1798; x_wconf 83' lang='lat' dir='ltr'><strong>Petrarc.</strong></span> <span class='ocrx_word' id='word_1_242' title='bbox 1336 1761 1404 1796; x_wconf 88' lang='lat' dir='ltr'><strong>Cd.</strong></span> <span class='ocrx_word' id='word_1_243' title='bbox 1428 1770 1518 1807; x_wconf 56' lang='lat' dir='ltr'><strong>po&amp;-</strong></span> 
     </span>
     <span class='ocr_line' id='line_1_30' title="bbox 38 1805 1516 1852; baseline 0.005 -15"><span class='ocrx_word' id='word_1_244' title='bbox 38 1814 174 1839; x_wconf 73' lang='lat' dir='ltr'><strong>eumus.</strong></span> <span class='ocrx_word' id='word_1_245' title='bbox 202 1805 400 1839; x_wconf 85' lang='lat' dir='ltr'><strong>ORELLI.</strong></span> <span class='ocrx_word' id='word_1_246' title='bbox 424 1823 470 1831; x_wconf 91' lang='lat'>—</span> <span class='ocrx_word' id='word_1_247' title='bbox 516 1806 709 1850; x_wconf 78' lang='lat' dir='ltr'><strong>qnoniam,</strong></span> <span class='ocrx_word' id='word_1_248' title='bbox 735 1807 821 1841; x_wconf 89' lang='lat' dir='ltr'><strong>Asc.</strong></span> <span class='ocrx_word' id='word_1_249' title='bbox 850 1806 950 1840; x_wconf 87' lang='lat' dir='ltr'><strong>Crat.</strong></span> <span class='ocrx_word' id='word_1_250' title='bbox 977 1806 1133 1851; x_wconf 74' lang='lat' dir='ltr'><strong>quando.</strong></span> <span class='ocrx_word' id='word_1_251' title='bbox 1160 1825 1204 1832; x_wconf 86' lang='lat'><strong>-—</strong></span> <span class='ocrx_word' id='word_1_252' title='bbox 1251 1807 1407 1852; x_wconf 76' lang='lat' dir='ltr'><strong>reliqui,</strong></span> <span class='ocrx_word' id='word_1_253' title='bbox 1432 1809 1516 1844; x_wconf 79' lang='lat' dir='ltr'><strong>Ma-</strong></span> 
     </span>
     <span class='ocr_line' id='line_1_31' title="bbox 39 1850 1514 1896; baseline 0.004 -12"><span class='ocrx_word' id='word_1_254' title='bbox 39 1850 145 1893; x_wconf 86' lang='lat' dir='ltr'><strong>rius,</strong></span> <span class='ocrx_word' id='word_1_255' title='bbox 180 1851 299 1885; x_wconf 85' lang='lat' dir='ltr'><strong>Cinna</strong></span> <span class='ocrx_word' id='word_1_256' title='bbox 333 1857 419 1886; x_wconf 85' lang='lat' dir='ltr'><strong>cett.</strong></span> <span class='ocrx_word' id='word_1_257' title='bbox 451 1868 499 1876; x_wconf 90' lang='lat'><strong>·—</strong></span> <span class='ocrx_word' id='word_1_258' title='bbox 552 1861 655 1896; x_wconf 82' lang='lat' dir='ltr'><strong>quem</strong></span> <span class='ocrx_word' id='word_1_259' title='bbox 681 1878 689 1887; x_wconf 94' lang='lat'><strong>.</strong></span> <span class='ocrx_word' id='word_1_260' title='bbox 709 1878 743 1886; x_wconf 89' lang='lat'><strong>..</strong></span> <span class='ocrx_word' id='word_1_261' title='bbox 769 1863 869 1895; x_wconf 80' lang='lat' dir='ltr'><strong>sum,</strong></span> <span class='ocrx_word' id='word_1_262' title='bbox 911 1853 982 1887; x_wconf 90' lang='lat' dir='ltr'><strong>den</strong></span> <span class='ocrx_word' id='word_1_263' title='bbox 1019 1852 1081 1887; x_wconf 91' lang='lat' dir='ltr'><strong>ich</strong></span> <span class='ocrx_word' id='word_1_264' title='bbox 1116 1852 1255 1887; x_wconf 88' lang='lat' dir='ltr'><strong>iedoch</strong></span> <span class='ocrx_word' id='word_1_265' title='bbox 1292 1855 1395 1888; x_wconf 84' lang='lat' dir='ltr'><strong>nicht</strong></span> <span class='ocrx_word' id='word_1_266' title='bbox 1428 1864 1514 1891; x_wconf 90' lang='lat' dir='ltr'><strong>zum</strong></span> 
     </span>
     <span class='ocr_line' id='line_1_32' title="bbox 37 1897 1513 1944; baseline 0.001 -12"><span class='ocrx_word' id='word_1_267' title='bbox 37 1898 185 1933; x_wconf 82' lang='lat' dir='ltr'><strong>Muster</strong></span> <span class='ocrx_word' id='word_1_268' title='bbox 210 1898 368 1931; x_wconf 88' lang='lat' dir='ltr'><strong>nehmen</strong></span> <span class='ocrx_word' id='word_1_269' title='bbox 393 1898 535 1931; x_wconf 83' lang='lat' dir='ltr'><strong>werde.</strong></span> <span class='ocrx_word' id='word_1_270' title='bbox 569 1915 614 1922; x_wconf 92' lang='lat'><strong>—-</strong></span> <span class='ocrx_word' id='word_1_271' title='bbox 660 1909 781 1938; x_wconf 66' lang='lat' dir='ltr'><strong>mum,</strong></span> <span class='ocrx_word' id='word_1_272' title='bbox 817 1897 1042 1944; x_wconf 86' lang='lat' dir='ltr'><strong>besestigen.</strong></span> <span class='ocrx_word' id='word_1_273' title='bbox 1069 1916 1113 1924; x_wconf 84' lang='lat'><strong>--</strong></span> <span class='ocrx_word' id='word_1_274' title='bbox 1161 1900 1338 1933; x_wconf 80' lang='lat' dir='ltr'><strong>nonnulla</strong></span> <span class='ocrx_word' id='word_1_275' title='bbox 1365 1926 1398 1935; x_wconf 86' lang='lat'><strong>..</strong></span> <span class='ocrx_word' id='word_1_276' title='bbox 1416 1927 1424 1934; x_wconf 92' lang='lat'><strong>.</strong></span> <span class='ocrx_word' id='word_1_277' title='bbox 1452 1910 1513 1934; x_wconf 84' lang='lat' dir='ltr'><strong>ve-</strong></span> 
     </span>
     <span class='ocr_line' id='line_1_33' title="bbox 36 1943 1514 1992; baseline 0.003 -16"><span class='ocrx_word' id='word_1_278' title='bbox 36 1944 162 1983; x_wconf 73' lang='lat' dir='ltr'><strong>niune,</strong></span> <span class='ocrx_word' id='word_1_279' title='bbox 196 1943 291 1977; x_wconf 86' lang='lat' dir='ltr'><strong>dazu</strong></span> <span class='ocrx_word' id='word_1_280' title='bbox 317 1943 395 1978; x_wconf 84' lang='lat' dir='ltr'><strong>seh&#39;</strong></span> <span class='ocrx_word' id='word_1_281' title='bbox 419 1943 481 1978; x_wconf 90' lang='lat' dir='ltr'><strong>ich</strong></span> <span class='ocrx_word' id='word_1_282' title='bbox 506 1943 650 1978; x_wconf 87' lang='lat' dir='ltr'><strong>bereits</strong></span> <span class='ocrx_word' id='word_1_283' title='bbox 674 1943 802 1978; x_wconf 88' lang='lat' dir='ltr'><strong>mehre</strong></span> <span class='ocrx_word' id='word_1_284' title='bbox 826 1945 961 1989; x_wconf 83' lang='lat' dir='ltr'><strong>Wege.</strong></span> <span class='ocrx_word' id='word_1_285' title='bbox 987 1962 1032 1971; x_wconf 88' lang='lat'><strong>—·-</strong></span> <span class='ocrx_word' id='word_1_286' title='bbox 1078 1945 1122 1980; x_wconf 81' lang='lat' dir='ltr'><strong>de</strong></span> <span class='ocrx_word' id='word_1_287' title='bbox 1147 1943 1227 1988; x_wconf 76' lang='lat' dir='ltr'><strong>his,</strong></span> <span class='ocrx_word' id='word_1_288' title='bbox 1264 1946 1351 1982; x_wconf 86' lang='lat' dir='ltr'><strong>Asc.</strong></span> <span class='ocrx_word' id='word_1_289' title='bbox 1377 1957 1434 1992; x_wconf 88' lang='lat' dir='ltr'><strong>pr.</strong></span> <span class='ocrx_word' id='word_1_290' title='bbox 1468 1947 1514 1981; x_wconf 85' lang='lat' dir='ltr'><strong>de</strong></span> 
     </span>
     <span class='ocr_line' id='line_1_34' title="bbox 37 1988 1514 2037; baseline 0.003 -14"><span class='ocrx_word' id='word_1_291' title='bbox 37 1989 88 2024; x_wconf 75' lang='lat' dir='ltr'><strong>iis</strong></span> <span class='ocrx_word' id='word_1_292' title='bbox 113 1991 232 2024; x_wconf 77' lang='lat' dir='ltr'><strong>rebus.</strong></span> <span class='ocrx_word' id='word_1_293' title='bbox 260 2000 329 2023; x_wconf 91' lang='lat' dir='ltr'><strong>om.</strong></span> <span class='ocrx_word' id='word_1_294' title='bbox 356 1988 413 2023; x_wconf 74' lang='lat' dir='ltr'><strong>his</strong></span> <span class='ocrx_word' id='word_1_295' title='bbox 436 1990 525 2023; x_wconf 87' lang='lat' dir='ltr'><strong>Bos.</strong></span> <span class='ocrx_word' id='word_1_296' title='bbox 557 1990 630 2024; x_wconf 76' lang='grc' dir='ltr'><strong>ΟΒ.</strong></span> <span class='ocrx_word' id='word_1_297' title='bbox 657 2008 702 2015; x_wconf 92' lang='lat'><strong>——-</strong></span> <span class='ocrx_word' id='word_1_298' title='bbox 738 1990 794 2024; x_wconf 81' lang='lat' dir='ltr'><strong>De</strong></span> <span class='ocrx_word' id='word_1_299' title='bbox 811 1990 843 2026; x_wconf 85' lang='grc' dir='ltr'><strong>Ῐι.</strong></span> <span class='ocrx_word' id='word_1_300' title='bbox 863 1992 938 2026; x_wconf 77' lang='lat' dir='ltr'><strong>reb.</strong></span> <span class='ocrx_word' id='word_1_301' title='bbox 968 2018 978 2028; x_wconf 89' lang='lat'><strong>.</strong></span> <span class='ocrx_word' id='word_1_302' title='bbox 999 2018 1008 2027; x_wconf 90' lang='lat'><strong>.</strong></span> <span class='ocrx_word' id='word_1_303' title='bbox 1029 2017 1038 2026; x_wconf 87' lang='lat'><strong>.</strong></span> <span class='ocrx_word' id='word_1_304' title='bbox 1064 1995 1105 2026; x_wconf 80' lang='lat' dir='ltr'><strong>ut</strong></span> <span class='ocrx_word' id='word_1_305' title='bbox 1127 1991 1241 2034; x_wconf 77' lang='lat' dir='ltr'><strong>cogit.</strong></span> <span class='ocrx_word' id='word_1_306' title='bbox 1265 2002 1382 2037; x_wconf 68' lang='lat' dir='ltr'><strong>susa,</strong></span> <span class='ocrx_word' id='word_1_307' title='bbox 1406 1992 1514 2028; x_wconf 71' lang='lat' dir='ltr'><strong>dieue</strong></span> 
     </span>
     <span class='ocr_line' id='line_1_35' title="bbox 37 2035 1089 2082; baseline 0.002 -11"><span class='ocrx_word' id='word_1_308' title='bbox 37 2035 302 2080; x_wconf 72' lang='lat' dir='ltr'><strong>Gegenstiinde</strong></span> <span class='ocrx_word' id='word_1_309' title='bbox 328 2036 366 2069; x_wconf 89' lang='lat' dir='ltr'><strong>in</strong></span> <span class='ocrx_word' id='word_1_310' title='bbox 392 2036 602 2072; x_wconf 86' lang='lat' dir='ltr'><strong>besondere</strong></span> <span class='ocrx_word' id='word_1_311' title='bbox 626 2036 846 2082; x_wconf 76' lang='lat' dir='ltr'><strong>Erwiigung</strong></span> <span class='ocrx_word' id='word_1_312' title='bbox 869 2048 917 2072; x_wconf 89' lang='lat' dir='ltr'><strong>zu</strong></span> <span class='ocrx_word' id='word_1_313' title='bbox 941 2038 1089 2073; x_wconf 81' lang='lat' dir='ltr'><strong>zieheu.</strong></span> 
     </span>
    </p>
   </div>
   <div class='ocr_carea' id='block_1_6' title="bbox 35 2102 1509 2752">
    <p class='ocr_par' dir='ltr' id='par_1_6' title="bbox 37 2102 1509 2288">
     <span class='ocr_line' id='line_1_36' title="bbox 128 2102 1509 2152; baseline 0.001 -13"><span class='ocrx_word' id='word_1_314' title='bbox 128 2105 163 2139; x_wconf 90' lang='lat'><strong>2.</strong></span> <span class='ocrx_word' id='word_1_315' title='bbox 200 2104 250 2139; x_wconf 91' lang='lat' dir='ltr'><strong>N.</strong></span> <span class='ocrx_word' id='word_1_316' title='bbox 277 2103 468 2146; x_wconf 77' lang='lat' dir='ltr'><strong>Magium.</strong></span> <span class='ocrx_word' id='word_1_317' title='bbox 523 2104 588 2140; x_wconf 87' lang='lat' dir='ltr'><strong>Sic</strong></span> <span class='ocrx_word' id='word_1_318' title='bbox 621 2104 821 2148; x_wconf 83' lang='lat' dir='ltr'><strong>legendum</strong></span> <span class='ocrx_word' id='word_1_319' title='bbox 847 2105 1046 2140; x_wconf 83' lang='lat' dir='ltr'><strong>videbatur</strong></span> <span class='ocrx_word' id='word_1_320' title='bbox 1072 2116 1155 2140; x_wconf 85' lang='lat' dir='ltr'><strong>cum</strong></span> <span class='ocrx_word' id='word_1_321' title='bbox 1178 2102 1384 2142; x_wconf 83' lang='lat' dir='ltr'><strong>Perizonio</strong></span> <span class='ocrx_word' id='word_1_322' title='bbox 1410 2104 1509 2152; x_wconf 85' lang='lat' dir='ltr'><strong>apud</strong></span> 
     </span>
     <span class='ocr_line' id='line_1_37' title="bbox 39 2150 1507 2194; baseline 0.002 -9"><span class='ocrx_word' id='word_1_323' title='bbox 39 2150 283 2194; x_wconf 85' lang='lat' dir='ltr'><strong>Oudendorp.</strong></span> <span class='ocrx_word' id='word_1_324' title='bbox 319 2151 365 2184; x_wconf 91' lang='lat' dir='ltr'><strong>ad</strong></span> <span class='ocrx_word' id='word_1_325' title='bbox 401 2151 503 2187; x_wconf 81' lang='lat' dir='ltr'><strong>Caes.</strong></span> <span class='ocrx_word' id='word_1_326' title='bbox 529 2153 577 2187; x_wconf 89' lang='lat' dir='ltr'><strong>B.</strong></span> <span class='ocrx_word' id='word_1_327' title='bbox 604 2151 644 2186; x_wconf 88' lang='lat' dir='ltr'><strong>C.</strong></span> <span class='ocrx_word' id='word_1_328' title='bbox 673 2153 715 2194; x_wconf 85' lang='grc'><strong>1,</strong></span> <span class='ocrx_word' id='word_1_329' title='bbox 741 2152 818 2185; x_wconf 82' lang='lat'><strong>24.:</strong></span> <span class='ocrx_word' id='word_1_330' title='bbox 858 2152 970 2186; x_wconf 88' lang='lat' dir='ltr'><strong>immo</strong></span> <span class='ocrx_word' id='word_1_331' title='bbox 1002 2163 1083 2186; x_wconf 89' lang='lat' dir='ltr'><strong>cum</strong></span> <span class='ocrx_word' id='word_1_332' title='bbox 1108 2152 1186 2188; x_wconf 86' lang='lat' dir='ltr'><strong>Md.</strong></span> <span class='ocrx_word' id='word_1_333' title='bbox 1217 2159 1255 2187; x_wconf 91' lang='lat' dir='ltr'><strong>et</strong></span> <span class='ocrx_word' id='word_1_334' title='bbox 1287 2154 1507 2188; x_wconf 71' lang='lat' dir='ltr'><strong>Petrai-cha.</strong></span> 
     </span>
     <span class='ocr_line' id='line_1_38' title="bbox 37 2196 1507 2244; baseline 0.003 -14"><span class='ocrx_word' id='word_1_335' title='bbox 37 2196 195 2232; x_wconf 80' lang='lat' dir='ltr'><strong>Scilicet</strong></span> <span class='ocrx_word' id='word_1_336' title='bbox 224 2197 273 2232; x_wconf 91' lang='lat' dir='ltr'><strong>N.</strong></span> <span class='ocrx_word' id='word_1_337' title='bbox 308 2196 495 2239; x_wconf 73' lang='lat' dir='ltr'><strong>Magnum</strong></span> <span class='ocrx_word' id='word_1_338' title='bbox 525 2197 739 2242; x_wconf 76' lang='lat' dir='ltr'><strong>Pompeium</strong></span> <span class='ocrx_word' id='word_1_339' title='bbox 769 2196 847 2233; x_wconf 84' lang='lat' dir='ltr'><strong>Md.</strong></span> <span class='ocrx_word' id='word_1_340' title='bbox 890 2197 941 2234; x_wconf 88' lang='lat' dir='ltr'><strong>N.</strong></span> <span class='ocrx_word' id='word_1_341' title='bbox 973 2199 1115 2241; x_wconf 80' lang='lat' dir='ltr'><strong>Magni</strong></span> <span class='ocrx_word' id='word_1_342' title='bbox 1143 2198 1310 2244; x_wconf 75' lang='lat' dir='ltr'><strong>Pompeii</strong></span> <span class='ocrx_word' id='word_1_343' title='bbox 1339 2200 1507 2235; x_wconf 70' lang='lat' dir='ltr'><strong>Petram.</strong></span> 
     </span>
     <span class='ocr_line' id='line_1_39' title="bbox 38 2243 1509 2288; baseline 0.002 -11"><span class='ocrx_word' id='word_1_344' title='bbox 38 2243 103 2278; x_wconf 79' lang='lat' dir='ltr'><strong>Cn.</strong></span> <span class='ocrx_word' id='word_1_345' title='bbox 129 2244 307 2286; x_wconf 74' lang='lat' dir='ltr'><strong>Magium</strong></span> <span class='ocrx_word' id='word_1_346' title='bbox 338 2244 434 2281; x_wconf 81' lang='lat' dir='ltr'><strong>Cett.</strong></span> <span class='ocrx_word' id='word_1_347' title='bbox 480 2245 568 2280; x_wconf 89' lang='lat' dir='ltr'><strong>inde</strong></span> <span class='ocrx_word' id='word_1_348' title='bbox 601 2245 648 2278; x_wconf 87' lang='lat' dir='ltr'><strong>ab</strong></span> <span class='ocrx_word' id='word_1_349' title='bbox 680 2245 766 2278; x_wconf 82' lang='lat' dir='ltr'><strong>Asc.</strong></span> <span class='ocrx_word' id='word_1_350' title='bbox 793 2255 851 2288; x_wconf 86' lang='lat' dir='ltr'><strong>pr.</strong></span> <span class='ocrx_word' id='word_1_351' title='bbox 886 2250 923 2278; x_wconf 87' lang='lat' dir='ltr'><strong>et</strong></span> <span class='ocrx_word' id='word_1_352' title='bbox 955 2245 1092 2279; x_wconf 85' lang='lat' dir='ltr'><strong>Caesar</strong></span> <span class='ocrx_word' id='word_1_353' title='bbox 1121 2244 1148 2280; x_wconf 90' lang='lat' dir='ltr'><strong>l.</strong></span> <span class='ocrx_word' id='word_1_354' title='bbox 1179 2246 1204 2280; x_wconf 91' lang='lat'><strong>1.</strong></span> <span class='ocrx_word' id='word_1_355' title='bbox 1257 2245 1349 2280; x_wconf 83' lang='lat' dir='ltr'><strong>Scit.</strong></span> <span class='ocrx_word' id='word_1_356' title='bbox 1386 2246 1509 2280; x_wconf 77' lang='lat' dir='ltr'><strong>rarius</strong></span> 
     </span>
    </p>

    <p class='ocr_par' dir='ltr' id='par_1_7' title="bbox 35 2288 1508 2752">
     <span class='ocr_line' id='line_1_40' title="bbox 67 2288 1506 2337; baseline 0.002 -14"><span class='ocrx_word' id='word_1_357' title='bbox 67 2299 264 2324; x_wconf 89' lang='lat' dir='ltr'><strong>raenomen</strong></span> <span class='ocrx_word' id='word_1_358' title='bbox 289 2289 338 2323; x_wconf 86' lang='lat' dir='ltr'><strong>N.</strong></span> <span class='ocrx_word' id='word_1_359' title='bbox 366 2288 391 2323; x_wconf 91' lang='lat' dir='ltr'><strong>i.</strong></span> <span class='ocrx_word' id='word_1_360' title='bbox 418 2302 452 2327; x_wconf 87' lang='lat' dir='ltr'><strong>e.</strong></span> <span class='ocrx_word' id='word_1_361' title='bbox 477 2291 696 2333; x_wconf 78' lang='lat' dir='ltr'><strong>Numerius,</strong></span> <span class='ocrx_word' id='word_1_362' title='bbox 735 2301 809 2323; x_wconf 87' lang='lat' dir='ltr'><strong>non</strong></span> <span class='ocrx_word' id='word_1_363' title='bbox 833 2289 1052 2335; x_wconf 62' lang='lat' dir='ltr'><strong>Numanus,</strong></span> <span class='ocrx_word' id='word_1_364' title='bbox 1091 2297 1130 2324; x_wconf 91' lang='lat' dir='ltr'><strong>ut</strong></span> <span class='ocrx_word' id='word_1_365' title='bbox 1153 2293 1307 2337; x_wconf 84' lang='lat' dir='ltr'><strong>putabat</strong></span> <span class='ocrx_word' id='word_1_366' title='bbox 1333 2291 1506 2326; x_wconf 88' lang='lat' dir='ltr'><strong>Oudend.</strong></span> 
     </span>
     <span class='ocr_line' id='line_1_41' title="bbox 37 2301 1508 2381; baseline 0 -11"><span class='ocrx_word' id='word_1_367' title='bbox 37 2301 64 2370; x_wconf 52' lang='lat' dir='ltr'><strong>l).</strong></span> <span class='ocrx_word' id='word_1_368' title='bbox 92 2336 136 2374; x_wconf 85' lang='lat' dir='ltr'><strong>l.‚</strong></span> <span class='ocrx_word' id='word_1_369' title='bbox 169 2334 207 2369; x_wconf 89' lang='lat' dir='ltr'><strong>in</strong></span> <span class='ocrx_word' id='word_1_370' title='bbox 232 2335 387 2379; x_wconf 82' lang='lat' dir='ltr'><strong>vulgare</strong></span> <span class='ocrx_word' id='word_1_371' title='bbox 412 2338 507 2372; x_wconf 88' lang='lat' dir='ltr'><strong>illud</strong></span> <span class='ocrx_word' id='word_1_372' title='bbox 533 2338 600 2372; x_wconf 82' lang='lat' dir='ltr'><strong>Cn.</strong></span> <span class='ocrx_word' id='word_1_373' title='bbox 629 2342 804 2370; x_wconf 80' lang='lat' dir='ltr'><strong>mutatum</strong></span> <span class='ocrx_word' id='word_1_374' title='bbox 832 2341 889 2370; x_wconf 85' lang='lat' dir='ltr'><strong>est</strong></span> <span class='ocrx_word' id='word_1_375' title='bbox 920 2338 1001 2376; x_wconf 77' lang='lat' dir='ltr'><strong>hic,</strong></span> <span class='ocrx_word' id='word_1_376' title='bbox 1042 2337 1138 2371; x_wconf 81' lang='lat' dir='ltr'><strong>infra</strong></span> <span class='ocrx_word' id='word_1_377' title='bbox 1162 2339 1237 2381; x_wconf 84' lang='lat' dir='ltr'><strong>Ep.</strong></span> <span class='ocrx_word' id='word_1_378' title='bbox 1257 2341 1320 2380; x_wconf 84' lang='lat'><strong>13,</strong></span> <span class='ocrx_word' id='word_1_379' title='bbox 1358 2348 1380 2371; x_wconf 77' lang='lat' dir='ltr'><strong>a</strong></span> <span class='ocrx_word' id='word_1_380' title='bbox 1414 2348 1508 2371; x_wconf 87' lang='lat' dir='ltr'><strong>non-</strong></span> 
     </span>
     <span class='ocr_line' id='line_1_42' title="bbox 35 2381 1508 2428; baseline 0.001 -12"><span class='ocrx_word' id='word_1_381' title='bbox 35 2384 152 2417; x_wconf 89' lang='lat' dir='ltr'><strong>nullis</strong></span> <span class='ocrx_word' id='word_1_382' title='bbox 178 2387 216 2416; x_wconf 90' lang='lat' dir='ltr'><strong>et</strong></span> <span class='ocrx_word' id='word_1_383' title='bbox 240 2385 337 2428; x_wconf 79' lang='lat' dir='ltr'><strong>apud</strong></span> <span class='ocrx_word' id='word_1_384' title='bbox 351 2385 559 2421; x_wconf 77' lang='lat' dir='ltr'><strong>Caesarem.</strong></span> <span class='ocrx_word' id='word_1_385' title='bbox 587 2381 782 2417; x_wconf 81' lang='lat' dir='ltr'><strong>ORELLI.</strong></span> <span class='ocrx_word' id='word_1_386' title='bbox 819 2382 944 2417; x_wconf 88' lang='lat' dir='ltr'><strong>Ueber</strong></span> <span class='ocrx_word' id='word_1_387' title='bbox 959 2383 1158 2419; x_wconf 78' lang='lat' dir='ltr'><strong>Numerius</strong></span> <span class='ocrx_word' id='word_1_388' title='bbox 1173 2385 1332 2426; x_wconf 69' lang='lat' dir='ltr'><strong>Magius</strong></span> <span class='ocrx_word' id='word_1_389' title='bbox 1354 2394 1384 2418; x_wconf 84' lang='lat' dir='ltr'><strong>s.</strong></span> <span class='ocrx_word' id='word_1_390' title='bbox 1410 2383 1508 2418; x_wconf 81' lang='lat' dir='ltr'><strong>noch</strong></span> 
     </span>
     <span class='ocr_line' id='line_1_43' title="bbox 35 2428 1508 2474; baseline 0 -10"><span class='ocrx_word' id='word_1_391' title='bbox 35 2428 200 2474; x_wconf 76' lang='lat' dir='ltr'><strong>epistola</strong></span> <span class='ocrx_word' id='word_1_392' title='bbox 224 2430 426 2474; x_wconf 90' lang='lat' dir='ltr'><strong>CCCLlV,</strong></span> <span class='ocrx_word' id='word_1_393' title='bbox 449 2432 597 2474; x_wconf 82' lang='lat' dir='ltr'><strong>Anlage</strong></span> <span class='ocrx_word' id='word_1_394' title='bbox 612 2431 659 2464; x_wconf 83' lang='lat' dir='ltr'><strong>A.</strong></span> <span class='ocrx_word' id='word_1_395' title='bbox 683 2446 730 2456; x_wconf 84' lang='lat'><strong>--</strong></span> <span class='ocrx_word' id='word_1_396' title='bbox 768 2429 929 2474; x_wconf 75' lang='lat' dir='ltr'><strong>scilicet,</strong></span> <span class='ocrx_word' id='word_1_397' title='bbox 957 2440 998 2464; x_wconf 83' lang='lat' dir='ltr'><strong>es</strong></span> <span class='ocrx_word' id='word_1_398' title='bbox 1022 2430 1190 2465; x_wconf 86' lang='lat' dir='ltr'><strong>versteht</strong></span> <span class='ocrx_word' id='word_1_399' title='bbox 1215 2430 1317 2473; x_wconf 87' lang='lat' dir='ltr'><strong>sich,</strong></span> <span class='ocrx_word' id='word_1_400' title='bbox 1342 2430 1426 2464; x_wconf 79' lang='lat' dir='ltr'><strong>dass</strong></span> <span class='ocrx_word' id='word_1_401' title='bbox 1446 2429 1508 2464; x_wconf 82' lang='lat' dir='ltr'><strong>ich</strong></span> 
     </span>
     <span class='ocr_line' id='line_1_44' title="bbox 36 2475 1508 2520; baseline 0.001 -11"><span class='ocrx_word' id='word_1_402' title='bbox 36 2476 180 2510; x_wconf 84' lang='lat' dir='ltr'><strong>meiner</strong></span> <span class='ocrx_word' id='word_1_403' title='bbox 205 2475 425 2520; x_wconf 83' lang='lat' dir='ltr'><strong>bisherigen</strong></span> <span class='ocrx_word' id='word_1_404' title='bbox 449 2477 614 2511; x_wconf 85' lang='lat' dir='ltr'><strong>Maxime</strong></span> <span class='ocrx_word' id='word_1_405' title='bbox 638 2480 771 2520; x_wconf 85' lang='lat' dir='ltr'><strong>getreu</strong></span> <span class='ocrx_word' id='word_1_406' title='bbox 795 2475 911 2510; x_wconf 90' lang='lat' dir='ltr'><strong>blieb.</strong></span> <span class='ocrx_word' id='word_1_407' title='bbox 947 2492 992 2501; x_wconf 90' lang='lat'><strong>--</strong></span> <span class='ocrx_word' id='word_1_408' title='bbox 1037 2476 1189 2510; x_wconf 74' lang='lat' dir='ltr'><strong>missum</strong></span> <span class='ocrx_word' id='word_1_409' title='bbox 1212 2476 1303 2518; x_wconf 81' lang='lat' dir='ltr'><strong>feci,</strong></span> <span class='ocrx_word' id='word_1_410' title='bbox 1343 2476 1508 2511; x_wconf 84' lang='lat' dir='ltr'><strong>losliess.</strong></span> 
     </span>
     <span class='ocr_line' id='line_1_45' title="bbox 35 2520 1507 2566; baseline 0.001 -11"><span class='ocrx_word' id='word_1_411' title='bbox 35 2520 79 2556; x_wconf 90' lang='lat' dir='ltr'><strong>S.</strong></span> <span class='ocrx_word' id='word_1_412' title='bbox 114 2522 265 2557; x_wconf 84' lang='lat' dir='ltr'><strong>Ramsh.</strong></span> <span class='ocrx_word' id='word_1_413' title='bbox 302 2523 332 2566; x_wconf 87' lang='lat'><strong>§.</strong></span> <span class='ocrx_word' id='word_1_414' title='bbox 359 2524 447 2566; x_wconf 87' lang='lat'><strong>171,</strong></span> <span class='ocrx_word' id='word_1_415' title='bbox 479 2524 538 2566; x_wconf 91' lang='lat'><strong>11,</strong></span> <span class='ocrx_word' id='word_1_416' title='bbox 568 2523 602 2556; x_wconf 89' lang='grc'><strong>2.</strong></span> <span class='ocrx_word' id='word_1_417' title='bbox 653 2521 799 2556; x_wconf 80' lang='lat' dir='ltr'><strong>Grotef.</strong></span> <span class='ocrx_word' id='word_1_418' title='bbox 835 2522 863 2566; x_wconf 84' lang='lat'><strong>§.</strong></span> <span class='ocrx_word' id='word_1_419' title='bbox 886 2522 968 2557; x_wconf 81' lang='lat'><strong>324.</strong></span> <span class='ocrx_word' id='word_1_420' title='bbox 1002 2539 1048 2548; x_wconf 87' lang='lat'><strong>—-</strong></span> <span class='ocrx_word' id='word_1_421' title='bbox 1103 2523 1186 2555; x_wconf 77' lang='lat' dir='ltr'><strong>Iam</strong></span> <span class='ocrx_word' id='word_1_422' title='bbox 1218 2530 1265 2554; x_wconf 80' lang='lat'><strong><em>=</em></strong></span> <span class='ocrx_word' id='word_1_423' title='bbox 1297 2530 1385 2555; x_wconf 88' lang='lat' dir='ltr'><strong>nun</strong></span> <span class='ocrx_word' id='word_1_424' title='bbox 1422 2520 1507 2556; x_wconf 85' lang='lat' dir='ltr'><strong>sind</strong></span> 
     </span>
     <span class='ocr_line' id='line_1_46' title="bbox 38 2566 1507 2614; baseline 0.002 -14"><span class='ocrx_word' id='word_1_425' title='bbox 38 2567 183 2602; x_wconf 62' lang='lat' dir='ltr'><strong>achon.</strong></span> <span class='ocrx_word' id='word_1_426' title='bbox 215 2585 261 2594; x_wconf 83' lang='lat'><strong>--</strong></span> <span class='ocrx_word' id='word_1_427' title='bbox 308 2569 379 2602; x_wconf 84' lang='lat' dir='ltr'><strong>duo</strong></span> <span class='ocrx_word' id='word_1_428' title='bbox 402 2570 518 2614; x_wconf 74' lang='lat' dir='ltr'><strong>praef.</strong></span> <span class='ocrx_word' id='word_1_429' title='bbox 544 2567 642 2612; x_wconf 79' lang='lat' dir='ltr'><strong>fabr.</strong></span> <span class='ocrx_word' id='word_1_430' title='bbox 674 2567 746 2602; x_wconf 88' lang='lat' dir='ltr'><strong>Hic</strong></span> <span class='ocrx_word' id='word_1_431' title='bbox 770 2568 816 2604; x_wconf 88' lang='grc' dir='ltr'><strong>Ν.</strong></span> <span class='ocrx_word' id='word_1_432' title='bbox 843 2568 991 2612; x_wconf 78' lang='lat' dir='ltr'><strong>Magius</strong></span> <span class='ocrx_word' id='word_1_433' title='bbox 1024 2572 1062 2601; x_wconf 87' lang='lat' dir='ltr'><strong>et</strong></span> <span class='ocrx_word' id='word_1_434' title='bbox 1084 2567 1129 2601; x_wconf 79' lang='lat'><strong>1..</strong></span> <span class='ocrx_word' id='word_1_435' title='bbox 1152 2566 1347 2602; x_wconf 83' lang='lat' dir='ltr'><strong>Vibullius</strong></span> <span class='ocrx_word' id='word_1_436' title='bbox 1372 2568 1507 2603; x_wconf 80' lang='lat' dir='ltr'><strong>Rufus.</strong></span> 
     </span>
     <span class='ocr_line' id='line_1_47' title="bbox 38 2611 1504 2658; baseline -0.001 -9"><span class='ocrx_word' id='word_1_437' title='bbox 38 2613 131 2649; x_wconf 84' lang='lat' dir='ltr'><strong>vid.</strong></span> <span class='ocrx_word' id='word_1_438' title='bbox 157 2614 263 2649; x_wconf 87' lang='lat' dir='ltr'><strong>Caes.</strong></span> <span class='ocrx_word' id='word_1_439' title='bbox 289 2614 336 2648; x_wconf 90' lang='lat' dir='ltr'><strong>de</strong></span> <span class='ocrx_word' id='word_1_440' title='bbox 361 2615 405 2649; x_wconf 78' lang='lat' dir='ltr'><strong>B.</strong></span> <span class='ocrx_word' id='word_1_441' title='bbox 432 2616 475 2650; x_wconf 83' lang='lat' dir='ltr'><strong>C.</strong></span> <span class='ocrx_word' id='word_1_442' title='bbox 501 2615 560 2657; x_wconf 93' lang='lat' dir='ltr'><strong>II,</strong></span> <span class='ocrx_word' id='word_1_443' title='bbox 586 2615 644 2649; x_wconf 82' lang='lat'><strong>23.</strong></span> <span class='ocrx_word' id='word_1_444' title='bbox 693 2615 725 2657; x_wconf 90' lang='lat'><strong>1,</strong></span> <span class='ocrx_word' id='word_1_445' title='bbox 753 2615 786 2655; x_wconf 85' lang='lat'><strong>1,</strong></span> <span class='ocrx_word' id='word_1_446' title='bbox 812 2614 868 2649; x_wconf 87' lang='lat'><strong>15.</strong></span> <span class='ocrx_word' id='word_1_447' title='bbox 916 2615 989 2658; x_wconf 89' lang='lat' dir='ltr'><strong>Ep.</strong></span> <span class='ocrx_word' id='word_1_448' title='bbox 1017 2612 1092 2647; x_wconf 86' lang='lat' dir='ltr'><strong>hui.</strong></span> <span class='ocrx_word' id='word_1_449' title='bbox 1118 2611 1177 2646; x_wconf 79' lang='lat' dir='ltr'><strong>ed.</strong></span> <span class='ocrx_word' id='word_1_450' title='bbox 1203 2613 1422 2656; x_wconf 85' lang='lat' dir='ltr'><strong>CXLVIII,</strong></span> <span class='ocrx_word' id='word_1_451' title='bbox 1449 2616 1504 2650; x_wconf 87' lang='lat' dir='ltr'><strong>lo.</strong></span> 
     </span>
     <span class='ocr_line' id='line_1_48' title="bbox 39 2658 1508 2702; baseline 0.001 -9"><span class='ocrx_word' id='word_1_452' title='bbox 39 2658 171 2702; x_wconf 89' lang='lat' dir='ltr'><strong>CXX,</strong></span> <span class='ocrx_word' id='word_1_453' title='bbox 205 2659 239 2694; x_wconf 83' lang='lat'><strong>2.</strong></span> <span class='ocrx_word' id='word_1_454' title='bbox 292 2661 477 2702; x_wconf 73' lang='lat' dir='ltr'><strong>CXLVI,</strong></span> <span class='ocrx_word' id='word_1_455' title='bbox 512 2662 567 2696; x_wconf 80' lang='lat'><strong>18.</strong></span> <span class='ocrx_word' id='word_1_456' title='bbox 617 2660 820 2695; x_wconf 90' lang='lat' dir='ltr'><strong>CCCXXI.</strong></span> <span class='ocrx_word' id='word_1_457' title='bbox 872 2658 1153 2700; x_wconf 77' lang='lat' dir='ltr'><strong>CCCXXXIV,</strong></span> <span class='ocrx_word' id='word_1_458' title='bbox 1196 2658 1341 2702; x_wconf 78' lang='lat' dir='ltr'><strong>Anlage</strong></span> <span class='ocrx_word' id='word_1_459' title='bbox 1373 2659 1418 2698; x_wconf 74' lang='grc' dir='ltr'><strong>Α.</strong></span> <span class='ocrx_word' id='word_1_460' title='bbox 1461 2673 1508 2687; x_wconf 73' lang='grc'><strong>-</strong></span> 
     </span>
     <span class='ocr_line' id='line_1_49' title="bbox 40 2704 1508 2752; baseline 0.002 -14"><span class='ocrx_word' id='word_1_461' title='bbox 40 2714 147 2748; x_wconf 81' lang='lat' dir='ltr'><strong>quam</strong></span> <span class='ocrx_word' id='word_1_462' title='bbox 171 2706 231 2741; x_wconf 76' lang='lat' dir='ltr'><strong>iis,</strong></span> <span class='ocrx_word' id='word_1_463' title='bbox 275 2706 497 2751; x_wconf 83' lang='lat' dir='ltr'><strong>„Marcellis</strong></span> <span class='ocrx_word' id='word_1_464' title='bbox 522 2705 744 2752; x_wconf 79' lang='lat' dir='ltr'><strong>praesertim</strong></span> <span class='ocrx_word' id='word_1_465' title='bbox 769 2713 807 2741; x_wconf 86' lang='lat' dir='ltr'><strong>et</strong></span> <span class='ocrx_word' id='word_1_466' title='bbox 829 2705 1000 2741; x_wconf 81' lang='lat' dir='ltr'><strong>Catoni.&#39;’</strong></span> <span class='ocrx_word' id='word_1_467' title='bbox 1024 2704 1241 2739; x_wconf 80' lang='lat' dir='ltr'><strong>GORRAD.</strong></span> <span class='ocrx_word' id='word_1_468' title='bbox 1282 2704 1348 2743; x_wconf 84' lang='lat' dir='ltr'><strong>Sic</strong></span> <span class='ocrx_word' id='word_1_469' title='bbox 1372 2706 1459 2742; x_wconf 80' lang='lat' dir='ltr'><strong>Asc.</strong></span> <span class='ocrx_word' id='word_1_470' title='bbox 1475 2706 1508 2741; x_wconf 89' lang='lat'><strong>1.</strong></span> 
     </span>
    </p>
   </div>
   <div class='ocr_carea' id='block_1_7' title="bbox 97 2764 1207 2806">
    <p class='ocr_par' dir='ltr' id='par_1_8' title="bbox 97 2764 1207 2806">
     <span class='ocr_line' id='line_1_50' title="bbox 97 2764 1207 2806; baseline 0.004 -15"><span class='ocrx_word' id='word_1_471' title='bbox 97 2764 167 2793; x_wconf 78' lang='lat' dir='ltr'><strong>cic.</strong></span> <span class='ocrx_word' id='word_1_472' title='bbox 189 2765 301 2794; x_wconf 74' lang='lat' dir='ltr'><strong>Briefe</strong></span> <span class='ocrx_word' id='word_1_473' title='bbox 324 2777 357 2795; x_wconf 85' lang='lat' dir='ltr'><strong>v.</strong></span> <span class='ocrx_word' id='word_1_474' title='bbox 379 2765 520 2794; x_wconf 77' lang='lat' dir='ltr'><strong>Billerb.</strong></span> <span class='ocrx_word' id='word_1_475' title='bbox 544 2767 587 2794; x_wconf 84' lang='lat'><strong>11.</strong></span> <span class='ocrx_word' id='word_1_476' title='bbox 1149 2764 1207 2806; x_wconf 74' lang='lat'><strong>29</strong></span> 
     </span>
    </p>
   </div>
  </div>
 </body>
</html>
