1795 3043
650 53 963 103 EPISTOLA
999 52 1121 102 CCI.
1548 56 1616 105 45

150 183 247 212 nem
277 171 319 212 et
349 169 494 212 Seium
531 167 709 218 tradidi,
747 166 1121 220 Apollonidensem
1156 165 1372 206 Xenonem
1410 176 1616 207 commen-

158 229 270 270 davi.
330 227 511 268 Omnino
544 226 686 266 omnia
716 238 761 265 se
790 225 1005 265 facturum
1035 224 1214 276 recepit.
1272 225 1365 277 Ego
1394 225 1617 275 praeterea

150 286 360 326 rationem
401 283 625 335 Philogeni
667 282 991 334 permutationis
1031 281 1144 330 eius,
1185 293 1310 332 quam
1348 282 1486 321 tecum
1518 280 1613 328 feci,

152 342 280 384 edidi.
358 343 472 394 Ergo
512 341 619 380 haec
662 351 830 389 quoque
870 339 1089 380 hactenus.
1163 338 1304 378 Redeo
1344 337 1397 378 ad
1435 336 1614 379 urbana.
1639 331 1667 370 3

152 400 237 440 Per
261 398 470 439 fortunas!
515 396 709 448 quoniam
742 396 899 436 Romae
929 407 1095 443 manes,
1135 395 1320 447 primum
1359 394 1468 434 illud
1497 406 1619 446 prae-

153 457 259 497 fulci
289 458 414 507 atque
443 453 690 506 praemuni,
722 465 901 505 quaeso,
934 454 981 492 ut
1010 452 1137 492 simus
1165 451 1314 501 annui3
1353 463 1407 491 ne
1437 452 1619 491 interca-

155 515 270 554 letur
309 513 492 564 quidem.
552 510 715 551 Deinde
746 510 924 550 exhauri
954 522 1048 549 mea
1076 509 1294 557 mandata,
1333 509 1617 559 maximeque,

153 571 190 610 si
227 570 328 622 quid
365 569 525 622 potest,
568 568 620 608 de
651 566 734 622 {illo
776 565 1005 607 domestico
1047 568 1315 619 scrupulum,
1366 578 1492 616 quem
1532 577 1619 606 non

154 628 324 681 ignoras
337 640 350 677 ;
389 625 540 667 deinde
576 625 628 665 de
674 624 880 678 Caesare,
921 624 1043 664 cuius
1083 624 1128 664 in
1170 622 1445 675 cupiditatem
1475 624 1518 662 te
1547 636 1620 663 au-

155 772 497 818 Versprechungen
538 771 708 815 gemacht
746 771 858 806 hatte.
892 789 937 796 -—-
967 770 1224 812 Philogenem,
1268 767 1387 804 Attici
1428 767 1618 802 libertum.

156 820 243 855 Vid.
270 819 316 852 ad
340 819 456 853 Attio.
481 817 551 855 Vl,
566 820 598 853 3.
627 818 845 862 (CCLXIV,
870 819 917 860 l.)
943 836 987 842 -
1022 817 1157 860 Seium,
1181 816 1298 852 Attici
1323 820 1618 861 procuratorem.

158 885 202 890 —
235 865 377 898 tradidi
408 875 456 899 =
498 865 739 899 vehementer
780 863 1047 898 commendavi.
1087 882 1133 887 —
1177 863 1410 907 Apollonid„
1455 871 1519 895 aus
1552 861 1621 893 der

158 911 266 946 stadt
290 911 489 956 Apollonis
515 910 553 944 in
578 911 798 945 Kleinasien
826 911 898 945 und
924 921 1027 944 zwar
1052 909 1087 942 in
1113 909 1277 954 Lydien.
1302 909 1342 944 S.
1368 908 1413 942 ad
1439 908 1618 942 QFratr.

158 960 190 1001 1,
217 959 250 1000 2,
275 960 307 993 3.
335 958 456 992 Flacc.
482 957 527 991 29
554 968 587 991 u.
613 958 670 992 32.
706 958 805 992 Plin.
834 959 881 993 Η.
906 957 952 991 Ν.
990 957 1038 998 V,
1062 958 1094 990 3.
1147 956 1279 990 Durch
1311 954 1410 989 diess
1447 953 1622 988 Beiwort

157 1004 205 1038 ist
230 1015 270 1037 er
302 1015 385 1037 vom
411 1003 626 1047 Epikureer
650 1004 762 1037 Xeno
788 1004 826 1037 in
853 1015 911 1047 ep.
939 1001 1152 1045 CXCVIII,
1185 1004 1217 1037 6.
1246 1000 1547 1035 unterschieden.
1577 1017 1622 1024 —-

156 1051 398 1084 rationem...
433 1050 551 1092 edidi,
584 1050 678 1084 auch
711 1051 793 1083 hab'
817 1050 878 1083 ich
912 1049 994 1082 dem
1018 1048 1170 1089 Philon.
1205 1048 1267 1082 die
1292 1048 1501 1090 Rechnung
1526 1046 1622 1080 iiber

155 1096 218 1130 die
242 1096 308 1130 mit
331 1096 406 1130 Dir
429 1097 727 1130 verwechselten
753 1096 894 1131 Gelder
926 1095 1168 1139 zugestellt.“
1214 1094 1319 1130 Weil
1351 1094 1413 1128 die
1440 1094 1622 1127 Current-

155 1146 286 1176 mi'mze
310 1142 348 1175 in
373 1142 444 1175 den
471 1142 620 1176 Griech.
642 1143 859 1177 Provinzen
882 1143 1094 1176 schlechtcr
1117 1152 1211 1185 war,
1237 1142 1291 1175 als
1317 1140 1379 1174 die
1404 1139 1620 1182 Romische‚

157 1200 198 1223 so
236 1189 404 1233 pflegten
435 1189 595 1233 Romer,
636 1189 697 1223 die
730 1189 767 1222 in
801 1189 931 1223 diesen
962 1189 1180 1223 Provinzen
1216 1187 1379 1222 reiseten
1420 1186 1512 1220 oder
1545 1186 1623 1219 Ge-

156 1235 297 1269 schiiste
321 1236 460 1278 hatten,
485 1235 565 1269 sich
590 1235 656 1268 mit
682 1236 887 1269 VVechseln
903 1245 950 1270 zu
974 1234 1170 1279 versehen,
1195 1234 1259 1269 die
1283 1234 1322 1269 in
1348 1232 1501 1269 Griech.
1530 1232 1624 1267 Gel-

158 1281 205 1315 de
230 1282 383 1315 zahlbar
407 1292 548 1315 waren.
580 1281 846 1317 WIELAND.
874 1312 879 1315 .

246 1339 281 1372 3.
330 1337 403 1371 Per
425 1339 605 1381 fortunas,
631 1350 673 1373 so
698 1338 775 1372 lieb
800 1338 873 1373 Dir
897 1338 998 1373 Dein
1024 1337 1147 1374 Gliick
1170 1337 1237 1372 ist!
1263 1337 1301 1372 S.
1330 1348 1388 1382 ep.
1407 1335 1622 1379 CXCVIII,

163 1385 194 1418 1.
228 1403 272 1412 --
304 1384 400 1418 &llud
424 1386 545 1428 praef.
582 1389 687 1429 atque
712 1386 928 1429 praemuni,
966 1386 1061 1419 baue
1102 1395 1171 1419 vor
1215 1384 1289 1417 und
1322 1384 1518 1418 verwahre
1551 1383 1625 1417 mir

162 1430 238 1464 das.
272 1449 316 1455 -—-
341 1434 380 1463 ut
408 1432 524 1464 simus
555 1432 680 1465 annui.
735 1432 821 1474 Vgl.
858 1443 918 1476 ep.
944 1431 1096 1474 CXCV,
1128 1432 1161 1465 2.
1189 1449 1233 1454 —
1265 1430 1309 1464 de
1333 1431 1400 1463 illo
1425 1429 1623 1463 domestico

162 1476 244 1511 scil.
278 1476 447 1510 mandato
484 1477 544 1511 vel
577 1475 730 1522 negotio
767 1478 979 1521 scrupulum
1011 1476 1170 1511 exhauri
1195 1476 1257 1510 vel
1284 1477 1398 1520 tolle,
1424 1487 1526 1520 quem
1551 1486 1624 1509 non

161 1524 328 1566 ignoras.
348 1523 456 1557 SOH.
504 1524 620 1557 exime
652 1524 685 1557 h.
714 1524 739 1557 1.
766 1524 879 1557 habet
902 1524 1075 1558 Nizolius
1100 1523 1139 1559 in
1166 1534 1200 1556 v.
1224 1523 1433 1567 scrupulus,
1461 1521 1562 1565 quod
1587 1532 1621 1556 v.

163 1579 251 1604 sane
286 1568 396 1602 facile
428 1569 553 1614 potuit
584 1569 780 1604 absorberi
811 1581 842 1604 a.
878 1580 914 1603 v.
941 1571 1110 1604 maxime.
1145 1569 1329 1612 Alioquin
1353 1570 1414 1603 vel
1439 1579 1508 1613 per
1533 1579 1624 1602 zeu-

162 1626 247 1659 gma
282 1626 314 1649 e.
351 1626 386 1649 v.
422 1616 581 1649 exhauri
613 1626 825 1660 congruens
862 1617 1018 1650 verbum
1060 1615 1287 1650 eliciendum
1326 1621 1382 1649 est
1422 1616 1467 1649 ad
1499 1625 1620 1649 accus.

160 1661 385 1705 scrupulum,
409 1662 469 1695 vel
493 1663 704 1707 scrupulum
728 1674 834 1706 quem
858 1663 976 1696 artius
1008 1661 1235 1706 iungendum
1262 1668 1299 1696 et
1329 1673 1400 1706 per
1431 1661 1623 1695 attractio-

162 1718 245 1741 nem
277 1708 550 1752 explicandum.
595 1708 793 1743 ORELLI.
848 1709 941 1743 Zum
977 1716 1146 1743 ersteren
1190 1708 1298 1743 Faue
1343 1718 1372 1742 S.
1412 1708 1626 1742 Ramshorn

165 1755 195 1797 §.
221 1755 301 1797 151,
336 1755 384 1797 B,
417 1759 452 1797 3,
484 1755 574 1791 Not.
605 1767 639 1788 u.
676 1755 705 1797 ᾗ.
739 1756 819 1795 206,
854 1755 896 1798 C,
927 1757 961 1798 3,
995 1766 1025 1789 c.
1099 1754 1154 1789 Im
1187 1755 1372 1788 letzteren
1404 1765 1504 1787 muss
1535 1765 1626 1788 con-

166 1801 298 1835 struirt
328 1800 403 1834 und
434 1801 598 1845 supplirt
629 1801 802 1835 werden:
834 1802 1060 1845 maximeque
1085 1801 1244 1835 exhauri
1269 1812 1388 1835 meum
1414 1800 1626 1834 mandatum

165 1847 209 1881 de
237 1847 304 1880 illo
336 1848 533 1881 domestico
564 1848 742 1891 scrupulo
775 1848 799 1882 i.
835 1859 867 1882 e.
901 1847 1055 1892 negotio
1089 1848 1312 1891 scrupuloso
1346 1847 1423 1890 (die
1448 1847 1626 1881 VVieder-

164 1893 456 1937 verheirathung
486 1893 610 1928 seiner
643 1894 782 1928 Tullia.
834 1893 872 1929 S.
912 1906 971 1940 ep.
1007 1895 1286 1937 CLXXXVII,
1322 1895 1341 1927 1
1367 1905 1401 1927 u.
1430 1894 1462 1927 2.
1499 1905 1533 1927 u.
1562 1905 1624 1938 ep.

164 1939 298 1982 CCIV,
314 1941 364 1982 3.)
390 1959 434 1965 —
450 1941 660 1984 scrupulum
674 1951 777 1984 quem
800 1946 869 1975 cet.
894 1952 941 1974 Ξ
963 1952 1073 1985 quem
1105 1941 1332 1984 scrupulum.
1360 1939 1398 1975 S.
1414 1940 1629 1974 Ramshorn

164 1985 193 2028 §.
222 1987 300 2029 159,
335 1989 370 2028 3,
396 1986 431 2020 (1.
482 1987 570 2030 „Du
597 1987 746 2030 xveisst,
783 1986 858 2020 wie
891 1988 979 2021 sehr
1021 1987 1146 2021 dieser
1178 1987 1286 2022 Stein
1317 1986 1415 2020 mich
1448 1986 1628 2021 driickt.“

161 2032 250 2076 vgl.
289 2031 335 2065 ad
369 2032 533 2067 Atticum
568 2034 600 2076 l,
637 2034 697 2068 18:
734 2033 1019 2068 domesticarum
1056 2033 1352 2068 sollicitudinum
1391 2033 1542 2066 aculeos
1588 2036 1628 2066 et

160 2079 358 2123 scrupulos
391 2080 597 2112 occultabo.
646 2078 840 2124 Beispiele
873 2079 940 2114 der
962 2081 1175 2114 Atti-action
1200 2080 1267 2114 mit
1290 2078 1628 2113 voranstehendem

165 2124 384 2159 Substantiv
417 2126 538 2169 geben
577 2125 734 2169 Vi1·gil.:
780 2125 915 2160 Urbem
946 2138 1054 2171 quam
1078 2133 1218 2170 statim,
1243 2131 1367 2160 vestra
1392 2131 1466 2169 θεῖ,
1492 2126 1626 2160 Plaut:

165 2171 386 2205 Pam-&tem
410 2181 513 2215 quem
544 2172 745 2206 convenire
769 2172 885 2215 volui,
913 2172 950 2206 in
975 2173 1059 2207 navi
1085 2184 1157 2206 non
1184 2179 1287 2215 erat3
1324 2172 1416 2206 auch
1448 2172 1514 2205 mit
1538 2183 1628 2205 vor-

166 2218 306 2251 ansteh.
340 2219 520 2253 Pronom.
555 2219 625 2252 als:
658 2220 776 2252 Istum
805 2229 910 2262 quem
942 2219 1110 2262 quaeris,
1143 2230 1214 2263 ego
1257 2229 1346 2253 sum.
1390 2219 1445 2252 Zu
1471 2217 1626 2252 exhauri

167 2264 244 2306 vgl.
270 2274 328 2307 ep.
357 2264 608 2308 CLXXXIX,
632 2264 665 2299 2.
692 2266 727 2298 εἰ
751 2265 838 2308 quid
856 2269 997 2310 potest,
1023 2267 1163 2300 wenn’s
1196 2265 1329 2309 irgend
1364 2264 1527 2309 moglich
1562 2264 1623 2298 ist.

167 2308 218 2343 So
245 2309 392 2343 absolut
416 2309 534 2344 findet
557 2311 665 2345 sich’s
691 2311 736 2345 ad
761 2311 912 2345 Divers.
945 2314 979 2356 1,
1003 2311 1037 2346 2.
1066 2313 1211 2346 Cluent.
1238 2314 1293 2347 37.
1322 2311 1473 2345 Terent.
1501 2311 1627 2346 Phor-

167 2354 241 2388 mio
270 2355 318 2395 11,
344 2357 378 2397 1,
395 2358 450 2391 73.
479 2357 556 2391 Cic.
586 2357 737 2391 Tuscul.
766 2360 799 2401 1,
822 2359 868 2393 32
893 2369 928 2392 u.
956 2370 986 2393 s.
1013 2369 1061 2392 w.
1112 2358 1306 2402 Unnothig
1331 2358 1409 2391 also
1431 2361 1534 2401 potes
1558 2357 1627 2391 der

165 2403 251 2434 Asc.
287 2401 320 2434 2.
360 2402 461 2436 Crat.
492 2420 539 2429 —·
585 2404 628 2437 de
659 2404 818 2438 Caesare
849 2404 873 2438 i.
908 2415 940 2438 e.
976 2405 1023 2438 de
1057 2404 1161 2439 LLS.
1188 2405 1265 2439 XX
1298 2410 1335 2438 et
1359 2404 1506 2447 DCCC,
1531 2414 1629 2446 quae

166 2447 249 2481 fieri
276 2448 426 2481 Caesari
450 2449 611 2484 volebat.
639 2451 685 2484 cf.
713 2461 826 2495 supra
852 2461 908 2495 ep.
937 2451 1230 2493 CLXXXVIII,
1254 2450 1287 2484 2.
1316 2456 1353 2483 et
1369 2450 1627 2493 CLXXXIX,

164 2493 198 2526 2.
225 2511 269 2518 —-
294 2494 397 2527 cuius
420 2494 461 2528 in
484 2496 604 2540 cupid.
635 2500 668 2530 ie
700 2501 795 2531 auct.
817 2496 978 2540 incubui,
1004 2497 1137 2532 dessen
1153 2496 1395 2541 ehrgeizigen
1411 2497 1629 2530 VViinschen

63 2574 64 2587 ἵ
163 2537 224 2573 ich
260 2541 326 2573 auf
360 2540 462 2574 Dein
501 2542 692 2576 Aurathen
730 2543 860 2577 bisher
898 2544 1152 2579 beforderlich
1191 2553 1367 2587 gewesen
1406 2542 1482 2577 bin.
1539 2543 1629 2586 „Er

63 2600 64 2603 ¹
92 2612 97 2613 ⁷
139 2597 149 2617 ιτ
164 2585 264 2619 hatte
296 2585 375 2620 sein
415 2589 672 2631 personliches
705 2589 901 2633 Ansehen,
937 2590 1017 2623 sein
1050 2591 1287 2633 Verinisgen,
1321 2588 1426 2622 seine
1455 2589 1628 2632 Familie,

164 2631 225 2665 die
248 2632 358 2666 Ruhe
383 2633 506 2667 seines
531 2635 676 2677 Alters,
702 2635 908 2670 besonders
932 2637 1024 2670 aber
1049 2637 1120 2671 den
1146 2635 1310 2670 Restand
1337 2635 1404 2668 der
1430 2635 1628 2680 Republik

163 2676 327 2712 dadurch
353 2689 398 2713 zu
424 2679 572 2714 sichern
598 2682 765 2724 gesucht.
814 2683 912 2716 Ietzt
936 2684 1047 2726 aber,
1079 2684 1126 2716 <la
1159 2683 1236 2716 sich
1271 2682 1331 2715 die
1366 2682 1627 2716 Wettersahne

165 2722 231 2758 der
269 2724 416 2762 Politik
450 2736 492 2760 so
525 2737 620 2771 ganz
655 2727 814 2771 gedreht
848 2729 963 2771 hatte,
990 2739 1071 2763 war
1095 2729 1175 2764 sein
1201 2729 1315 2772 Plan,
1350 2727 1431 2762 sich
1456 2737 1529 2763 von
1555 2728 1628 2763 ca-
