1795 3043
453 81 765 129 EPISTOLA
801 78 1126 126 CCCLXXIV.
1417 83 1517 130 525

58 198 208 240 tricas!
250 198 430 250 quantus
452 197 591 236 autem
612 195 772 235 animus
802 192 845 232 in
865 192 1047 233 discessu
1065 191 1230 234 nostro!
1290 190 1355 232 Sit
1369 188 1519 239 στοργῶ

57 257 162 297 licet
191 268 351 295 summa
369 251 574 304 σύντηξις,
603 254 742 292 tamen
763 262 840 290 nos
870 252 985 291 recte
1000 252 1143 290 facere
1173 251 1214 289 et
1242 249 1350 289 bene
1372 249 1519 289 audire

57 315 162 354 vult.
209 312 292 353 Sed
314 313 394 352 hac
416 323 542 363 super
559 322 605 349 re
623 308 770 356 nimis3
800 320 854 347 ne
871 320 1005 347 meam
1036 309 1124 359 ipse
1155 304 1418 355 συμπάθειαν
1434 306 1518 347 iam
1543 313 1597 352 10

60 382 243 410 evocem.
302 369 386 416 Tu,
419 368 454 408 si
484 367 584 419 quid
614 366 665 406 de
683 365 901 416 Hispaniis
932 365 1088 404 certius
1119 366 1160 404 et
1189 364 1225 404 si
1255 365 1356 416 quid
1386 363 1516 411 aliud,

59 427 156 467 dum
185 427 400 473 adsumus,
443 424 600 464 scribes
630 425 672 462 et
704 434 779 474 ego
810 422 986 462 fortasse
1017 421 1235 462 discedens
1267 422 1373 462 dabo
1405 421 1457 461 ad
1475 422 1519 460 te

59 484 248 534 aliquid3
301 495 350 522 eo
392 482 518 521 etiam
547 479 698 533 magis,
736 479 847 530 quod
877 479 1017 520 Tullia
1046 481 1089 518 te
1119 491 1201 518 non
1232 479 1409 531 putabat
1437 479 1521 519 hoc

60 543 251 592 tempore
282 552 333 579 ex
353 540 491 580 ltalia.
553 538 655 578 Cum
673 535 858 576 Antonio
887 537 987 576 item
1017 539 1079 576 est
1102 536 1327 589 agendum,
1359 538 1406 576 ut
1425 548 1521 576 cum

59 596 267 645 Curione,
307 596 479 636 Melitae
507 607 574 635 me
603 594 714 635 velle
744 606 856 642 esse;
892 594 994 634 huic
1016 593 1128 633 bello
1159 595 1274 633 nolle
1303 595 1520 634 interesse.

59 654 124 694 Eo
164 654 289 694 velim
325 655 409 693 tam
442 652 564 693 sacili
604 651 667 691 uti
707 663 870 703 possem
903 654 945 691 et
974 653 1056 691 tam
1086 650 1196 691 bono
1226 651 1271 691 in
1300 663 1367 690 me
1395 663 1522 702 quam

60 710 256 752 Curione.
314 711 355 750 Is
384 709 436 749 ad
465 709 672 759 Misenum
702 721 762 749 vi.
785 708 925 749 Nonas
953 710 1154 749 venturus
1184 707 1431 760 dicebatur,
1477 707 1522 748 id

59 770 144 820 est,
175 768 321 809 hodie:
360 766 433 817 sed
461 765 680 819 praemisit
708 766 813 806 mihi
842 766 1005 806 odiosas
1028 767 1174 806 literas
1203 767 1287 807 hoc
1305 766 1521 819 exemplo:

759 881 811 921 A.

149 956 420 993 ANTONIUS
459 957 592 994 TRIB.
625 957 700 994 PL.
733 958 830 992 PRO
853 957 929 992 PR.
965 957 1210 992 CICERONI
1239 957 1350 993 IMP.
1389 958 1428 993 S.

174 1032 269 1070 Nisi
296 1036 338 1069 te
368 1031 494 1069 valde
524 1045 739 1079 amarem,
787 1037 829 1069 et
867 1033 1001 1069 multo
1031 1031 1196 1081 quidem
1228 1033 1350 1081 plus,
1396 1045 1523 1084 quam

60 1092 108 1126 τα
137 1093 293 1138 putas,
340 1100 428 1125 non
465 1091 745 1126 extimuz'ssem
775 1100 1014 1132 rumorem,
1062 1089 1134 1137 qui
1179 1087 1229 1124 de
1261 1093 1301 1126 te
1324 1091 1526 1138 prolatus

60 1151 147 1190 est,
189 1157 315 1195 qzcum
340 1147 596 1194 praesertim
625 1145 789 1193 falsum
821 1157 908 1182 esse
939 1146 1238 1182 existimarem.
1300 1146 1385 1184 Sed
1421 1148 1525 1198 quia

61 1207 102 1246 te
131 1203 262 1240 nimio
286 1202 385 1251 plus
415 1201 572 1253 diligo,
610 1214 696 1240 non
712 1213 887 1251 possum
918 1200 1189 1239 dissimulare
1218 1202 1325 1240 mihi
1344 1203 1523 1251 famam

60 1270 246 1310 quoque,
291 1260 483 1309 quamvis
513 1262 571 1296 sit
591 1257 743 1306 falsa,
783 1260 934 1310 magni
961 1269 1061 1296 esse.
1125 1258 1179 1296 Te
1209 1259 1370 1299 iturum
1401 1267 1529 1300 trans

59 1379 309 1415 Neckereien.
333 1398 377 1404 —
409 1379 468 1413 Sit
493 1382 690 1427 στοργῆς
714 1378 797 1411 licet
821 1389 960 1411 summa
986 1378 1225 1422 σύντηξις,
1252 1379 1323 1413 etsi
1348 1379 1447 1414 inter
1470 1392 1530 1414 me

61 1432 100 1460 et
116 1425 280 1459 Tulliam
307 1425 511 1459 arctissima
535 1425 688 1469 pietatis
714 1424 926 1458 coniunctio
947 1424 1019 1463 sit,
1046 1425 1223 1469 obgleich
1250 1433 1358 1460 unter
1374 1437 1442 1461 uns
1468 1427 1531 1461 die

59 1472 224 1516 innigste
249 1472 573 1515 Verschmelzung
597 1472 664 1505 der
687 1471 806 1504 Liebe
833 1469 929 1505 Stati
952 1470 1080 1504 findet.

156 1519 208 1552 10.
245 1518 317 1551 Sed
341 1544 350 1552 .
373 1545 380 1553 .
400 1543 409 1553 .
435 1518 566 1560 nimis,
602 1517 699 1551 doch
724 1518 785 1551 ich
810 1517 909 1551 halte
934 1517 1031 1550 mich
1056 1517 1172 1550 sehon
1197 1529 1243 1553 zu
1268 1518 1378 1563 lange
1404 1518 1533 1553 hiebei

64 1564 145 1607 auf3
180 1564 242 1597 ich
265 1575 364 1597 muss
389 1564 487 1598 mich
513 1564 646 1606 hiiten,
672 1564 769 1598 mein
789 1563 987 1607 Mitgesiihl
1013 1563 1080 1596 mit
1104 1563 1163 1597 ihr
1187 1564 1225 1598 in
1250 1564 1534 1600 meinerSeele

62 1611 154 1646 ietzt
188 1611 426 1654 auszuregen.
461 1629 505 1635 -
551 1611 586 1644 si
616 1610 703 1654 quid
733 1622 780 1643 =
811 1612 897 1644 εἴτι
929 1609 1010 1643 scil.
1042 1609 1193 1654 habes,¹
1222 1612 1315 1646 Was
1339 1612 1404 1646 Du
1436 1619 1534 1646 ctwa

64 1657 232 1691 sicheres
266 1657 358 1691 iiber
391 1656 556 1701 Spauien
596 1656 690 1689 oder
728 1656 886 1689 anderes
923 1656 1093 1690 erfiihrst.
1133 1675 1177 1681 -—
1225 1659 1310 1691 dum
1346 1659 1533 1701 adsumus,

37 1718 38 1721 ¹
62 1702 243 1737 wahrend
269 1703 328 1736 ich
354 1703 450 1736 noch
475 1703 557 1736 hier
580 1702 658 1736 bin.
682 1721 727 1728 --
775 1706 807 1735 ie
832 1713 904 1735 non
928 1702 1111 1735 abiturum
1137 1713 1232 1738 esse.
1260 1723 1306 1729 —
1352 1705 1535 1747 Antonio,

64 1749 147 1783 dem
181 1749 435 1793 nachherigen
460 1748 662 1783 Triumvir.
711 1759 862 1792 „gegaen
888 1750 1073 1782 Antonius
1105 1760 1201 1783 muss
1234 1749 1294 1784 ich
1319 1751 1536 1794 gleichfalls

38 1802 39 1813 ¹
63 1795 269 1840 sprechen‚
300 1796 376 1828 wie
401 1806 520 1838 gegen
548 1795 698 1833 Curio.'’
722 1814 765 1820 ·—
814 1805 868 1827 me
892 1795 993 1829 velle.
1042 1794 1104 1829 Sic
1129 1796 1265 1841 scripsi
1291 1796 1389 1832 coni.
1427 1798 1536 1831 vellet

63 1842 142 1875 Md.
189 1842 275 1873 velit
310 1841 407 1875 Cett.
464 1840 564 1875 Satis
589 1841 732 1885 inepte,
769 1852 879 1884 quum
906 1841 1187 1885 requireretur,
1229 1849 1300 1885 „ut
1324 1843 1535 1887 permittat,

65 1887 291 1922 concedat:’⁷
328 1898 370 1920 ac
395 1894 467 1921 tum
495 1887 707 1921 necessario
733 1887 770 1921 in
797 1898 900 1932 seqq.
929 1898 1011 1921 esse
1037 1887 1193 1922 deberet
1217 1900 1273 1922 me
1298 1890 1395 1922 nolle
1418 1890 1536 1923 inter·-

64 1944 152 1967 esse.
192 1933 386 1968 ORELLI.
428 1948 470 1957 -ό
525 1933 590 1966 1⁷1.
618 1933 746 1966 Nonas
776 1934 866 1968 Mai.
883 1960 893 1976 ,
937 1945 991 1967 am
1025 1935 1058 1968 2.
1084 1934 1173 1969 Mai.
1223 1935 1433 1979 Misenum,
1472 1936 1536 1970 ein

63 1979 309 2024 Vorgebirge
353 1979 543 2013 zwischen
577 1980 713 2019 Cumae
745 1980 820 2014 und
855 1981 1065 2015 Pozzuolo.
1125 1981 1218 2014 Hier
1251 1982 1379 2015 besass
1411 1984 1539 2015 Anto-

63 2025 259 2106 niiiSTeine
285 2025 403 2105 Xilla.
443 2045 486 2051 -
534 2025 601 2059 hoc
626 2027 811 2071 exemplo,
847 2037 983 2061 wovon
1009 2027 1070 2061 ich
1094 2026 1168 2062 Dir
1192 2026 1323 2062 hiemit
1347 2027 1432 2063 eine
1457 2028 1537 2063 Ab-

60 2082 100 2108 sc
129 2080 192 2106 rit
217 2083 281 2105 sen
312 2083 345 2106 e.

152 2140 435 2175 ANTONIUS.
485 2140 634 2175 Marcus
660 2140 864 2184 Antonius,
911 2142 979 2175 der
1003 2152 1134 2185 grosse
1159 2141 1334 2186 Redner,
1367 2143 1536 2178 welcher-

62 2187 125 2222 bei
150 2186 222 2220 deu
247 2187 425 2221 Unruhen
450 2187 515 2220 des
542 2188 684 2221 Marius
712 2187 855 2220 umkam
872 2214 881 2231 ‚
914 2188 1127 2221 liimesliess
1153 2188 1250 2222 zwei
1276 2189 1423 2233 So'hne‚
1461 2190 1533 2224 den

63 2234 116 2270 Μ.
145 2233 330 2266 Antonius
356 2233 547 2276 Creticus,
580 2244 621 2267 so
648 2241 831 2277 genaunt,
864 2234 951 2267 weil
979 2245 1020 2267 er
1045 2235 1107 2267 auf
1131 2234 1251 2269 einem
1276 2236 1469 2280 Feldzuge
1494 2236 1533 2270 in

64 2280 178 2315 Creta
203 2279 281 2312 sein
306 2279 434 2312 Leben
461 2281 608 2322 vex-lor,
651 2281 722 2313 und
748 2280 819 2313 den
846 2280 885 2314 C.
913 2281 1119 2324 Antonius,
1150 2281 1324 2324 *Cicero’s
1349 2283 1534 2326 Collegen

63 2326 114 2360 im
140 2325 352 2359 consulate.
403 2326 456 2360 M.
483 2326 670 2359 Antonius·
697 2326 866 2361 Creticus
899 2327 987 2360 aber
1023 2324 1242 2362 hinterliess
1275 2327 1356 2361 drei
1389 2327 1533 2371 Sohne,

63 2372 139 2406 den
169 2371 226 2405 M.
253 2372 457 2415 Antonius,
496 2372 564 2406 der
595 2372 866 2415 vorliegenden
899 2372 1007 2407 Brief
1034 2384 1078 2406 an
1111 2374 1246 2408 Cicero
1282 2374 1534 2417 geschrieben

63 2418 150 2459 hat,
190 2417 361 2450 welchen
395 2428 436 2451 er
467 2418 521 2452 als
548 2419 739 2453 Triumvir
772 2419 969 2452 ermorden
1003 2419 1112 2463 liess3
1154 2420 1226 2453 den
1259 2420 1299 2454 C.
1327 2420 1532 2464 Antonius,

64 2464 148 2499 dem
173 2462 254 2496 sein
279 2463 428 2497 Bruder
448 2464 596 2498 Marcus
622 2466 714 2499 nach
739 2467 874 2500 Ciisars
889 2465 996 2499 Tode
1022 2465 1268 2501 Macedonien
1294 2465 1348 2500 als
1365 2466 1534 2501 Provinz

67 2509 286 2551 zuwandte‚
327 2520 388 2542 wo
423 2511 516 2544 auch
549 2510 630 2545 sein
656 2512 789 2546 Oheim
825 2512 863 2545 C.
890 2512 1077 2546 Antonius
1110 2513 1322 2546 Proconsul
1354 2522 1534 2556 geweseu

64 2566 146 2591 war
181 2557 228 2598 (s.
255 2555 326 2598 Ep.
351 2556 472 2591 XVII
502 2557 576 2590 und
603 2559 706 2592 Orat.
734 2558 902 2602 Philipp.
931 2559 1010 2601 111,
1036 2560 1116 2601 10),
1148 2558 1221 2591 und
1247 2558 1318 2592 den
1343 2559 1386 2592 L.
1413 2559 1534 2592 Anto-

1 2619 15 2652 d¹
65 2602 172 2645 nius,
198 2601 369 2635 welchen
395 2602 529 2636 Cicero
555 2602 593 2637 iu
613 2604 784 2650 Philipp.
803 2605 853 2647 V,
873 2608 892 2639 7
917 2605 1162 2649 gladiatorem
1179 2604 1383 2638 Asiaticum
1403 2612 1531 2640 nennt.

157 2661 192 2694 1.
229 2669 300 2692 non
324 2659 447 2692 extim.
473 2670 586 2702 rum,
622 2672 664 2696 so
690 2663 790 2696 hatte
816 2661 876 2696 ich
902 2663 1019 2696 durch
1045 2662 1110 2695 das
1136 2661 1323 2705 Gerticht,
1349 2661 1414 2696 das
1438 2663 1533 2696 iiber

0 2723 18 2746 ρ.
54 2703 167 2750 ἸῙ)ὶ(;Ιι
199 2703 406 2739 verbreitet
436 2704 505 2747 ist,
546 2705 643 2741 mich
675 2708 777 2742 nicht
814 2708 1063 2742 ersch1·ecken
1088 2709 1224 2742 lassen.
1260 2727 1304 2733 -
1348 2709 1528 2752 prolatus.

54 2749 180 2785 *Forte
199 2751 377 2795 perlatas.
414 2750 613 2786 ORELLI.
638 2771 683 2779 —-
728 2753 821 2788 milei
845 2779 854 2788 .
873 2781 880 2788 .
901 2780 908 2788 .
934 2757 1066 2797 magni
1087 2764 1180 2797 esse,
1212 2764 1284 2787 von
1308 2754 1532 2800 Bedeutung
