1795 3043
526 55 839 102 EPISTOLA
876 54 1053 101 CCVII.
1471 58 1537 104 61

77 170 248 222 potero:
279 168 337 209 sit
366 168 487 209 modo
517 180 719 208 annuum.
781 167 826 207 Si
856 170 1122 221 prorogatur,
1153 169 1295 208 actum
1324 167 1401 207 est.
1462 166 1541 206 Ve-

76 239 170 266 rum
198 227 403 278 perfacile
433 226 572 265 resisti
602 226 758 278 potest:
799 227 845 264 tu
874 226 996 264 modo
1028 226 1185 265 Romae
1216 226 1283 265 sis.
1343 224 1535 272 Quaeris,
1559 224 1589 263 2

79 283 181 335 quid
223 284 294 324 hic
331 285 477 336 agam?
536 283 605 322 Ita
639 283 798 334 vivam,
840 284 885 322 ut
928 282 1132 322 maximos
1181 284 1371 334 sumptus
1411 282 1537 321 facio.

76 340 262 381 Mirifice
293 340 481 380 delector
510 340 592 379 hoe
623 339 833 381 instituto.
892 339 1168 380 Admirabilis
1200 339 1456 380 abstinentia
1487 350 1540 377 ex

78 397 319 450 praeceptis
350 397 454 436 tuis:
486 399 533 436 ut
563 409 724 444 verear,
757 409 810 435 ne
839 397 959 443 illud,
992 396 1103 448 quod
1130 398 1266 436 tecum
1288 396 1542 447 permutavi,

80 467 256 494 versura
298 454 403 494 mihi
440 454 688 494 solvendum
723 453 790 493 sit.
853 452 982 505 Appii
1020 455 1197 493 vulnera
1237 466 1321 493 non
1356 453 1539 492 refrico:

81 511 153 550 sed
193 513 398 563 apparent
437 524 517 551 nee
548 511 687 551 occuli
728 513 916 562 possunt.
976 511 1063 550 Iter
1092 510 1302 550 Laodicea
1330 509 1540 549 faciebam
1563 520 1592 558 3

79 582 114 607 a.
147 567 183 607 d.
215 581 285 608 111.
318 568 424 608 Non.
457 569 586 616 Sext„
619 580 748 619 quum
778 568 854 607 has
873 568 1019 607 literas
1046 567 1221 615 dabam,
1252 568 1295 607 in
1327 569 1468 606 castra
1493 567 1542 606 in

81 624 359 677 Lycaoniam:
390 625 488 664 inde
518 625 570 664 ad
599 626 784 665 Taurum
815 625 1062 677 cogitabam,
1091 625 1138 664 ut
1168 636 1265 664 cum
1286 623 1540 676 Moeragene

81 682 212 734 signis
242 683 425 734 collatis,
455 682 491 722 si
518 694 705 734 possem,
737 681 788 721 de
819 694 938 722 servo
964 683 1037 721 tuo
1067 681 1321 723 deciderem.

632 761 690 768 --
717 760 775 768 --·
809 741 1003 779 Clitellae
1033 739 1130 780 bovi

225 798 336 837 Sunt
365 800 602 849 impositae,
634 799 814 844 cillane;
848 811 934 837 non
964 803 1026 836 est
1054 804 1248 837 nostrum
1279 810 1396 837 onus.

84 920 122 954 S.
154 921 304 955 Ramsh.
339 922 366 964 §.
424 923 476 955 77.
511 940 554 945 —
587 922 702 954 lucem
725 934 771 955 Ξ.-
797 922 861 955 das
901 933 1031 965 grosse
1065 922 1281 964 Publicum,
1313 921 1374 955 die
1408 931 1541 964 grosse

83 968 208 1011 welt,
236 968 300 1001 das
325 968 523 1002 Austreten
548 968 621 1001 und
649 968 975 1002 Gesehenwerden
1001 980 1069 1002 vor
1095 969 1176 1002 dem
1202 968 1363 1002 Publico
1390 967 1437 1000 im
1464 967 1542 1000 Ge-

83 1024 187 1056 gens.
211 1025 284 1047 von
310 1015 503 1057 tenebrae,
529 1015 669 1048 umbra.
694 1016 783 1058 Vgl.
808 1016 914 1048 Brut.
940 1026 970 1048 e.
997 1017 1039 1049 8:
1079 1016 1264 1048 Isocrates
1291 1015 1373 1047 luce
1398 1013 1542 1047 sorensi

83 1061 227 1103 caruit,
263 1061 425 1105 Harusp.
457 1061 518 1095 23:
554 1062 673 1094 lucem
705 1072 778 1094 non
811 1061 1025 1106 adspicere,
1058 1073 1187 1095 carere
1219 1061 1386 1106 publico.
1418 1060 1464 1094 ad
1495 1060 1540 1094 Q.

83 1106 205 1140 Fratr.
232 1108 264 1150 l,
290 1109 324 1149 1,
349 1107 382 1140 2.
409 1107 570 1150 (XXX):
605 1107 777 1141 virtutem
803 1119 876 1140 non
911 1108 1027 1141 latere
1053 1108 1088 1141 in
1116 1108 1281 1142 tenebris
1312 1118 1433 1150 neque
1458 1116 1542 1139 esse

84 1153 259 1195 abditam,
284 1152 349 1186 sed
375 1153 413 1186 in
438 1153 521 1186 luce
544 1153 657 1188 Asiae
688 1160 778 1197 cet.‚
813 1155 859 1187 de
885 1153 1031 1188 Senect.
1058 1166 1088 1188 c.
1114 1156 1153 1188 4·
1188 1154 1226 1187 in
1252 1154 1335 1188 luce
1367 1159 1479 1195 atque
1502 1152 1540 1185 in

86 1199 205 1232 oculis
230 1199 375 1233 civium.
401 1219 445 1223 —
470 1201 609 1242 forum,
636 1200 688 1233 als
715 1179 786 1233 deii
812 1200 1037 1246 Schauplatz
1063 1201 1188 1234 seiner
1213 1200 1440 1244 politischen
1466 1198 1542 1232 und

85 1245 351 1279 rednerischen
368 1246 600 1290 Thatigkeit
620 1265 663 1271 —
688 1257 859 1290 annuam,
884 1257 954 1279 nui
980 1247 1052 1280 ein
1079 1248 1165 1281 Ialu
1185 1247 1362 1281 daueiffnd
1386 1266 1431 1272 —-
1451 1256 1542 1290 pro-

87 1295 245 1333 rogatur
268 1292 475 1344 provincia,
501 1293 601 1326 wird
626 1293 695 1326 mir
720 1293 840 1326 meine
866 1293 1208 1327 Statthalterschaft
1231 1294 1465 1336 verfangen,
1498 1302 1542 1324 so

86 1338 137 1371 ist
162 1349 201 1371 es
227 1349 291 1371 aus
314 1338 380 1372 mit
402 1336 485 1372 mir.
535 1339 589 1372 Zu
616 1343 735 1372 actum
765 1344 816 1372 est
841 1350 918 1383 erg.
946 1339 991 1372 de
1016 1351 1086 1374 me.
1114 1359 1157 1364 —-
1183 1340 1320 1373 Romae
1342 1340 1406 1372 sis.
1439 1339 1541 1372 lens,

87 1385 173 1418 Asc.
200 1386 233 1418 1.
262 1385 360 1418 Crat.
386 1384 522 1418 Romae
542 1389 690 1428 praesto
715 1386 785 1427 sis,
819 1386 873 1419 sei
899 1387 960 1419 Du
987 1397 1056 1419 nur
1083 1396 1127 1419 zu
1154 1387 1249 1419 Rom
1272 1397 1320 1419 =
1342 1396 1452 1419 wenn
1476 1385 1542 1418 Du

87 1441 158 1464 nur
191 1440 236 1463 zu
259 1431 355 1465 Rom
387 1431 474 1464 bist.
507 1431 597 1474 Vgl.
625 1443 683 1475 ep.
711 1432 942 1474 CLXXXV,
969 1434 1000 1466 1.
1027 1433 1203 1475 CXCIII,
1229 1434 1269 1465 l:
1308 1431 1340 1465 si
1364 1432 1475 1465 modo
1501 1441 1543 1464 es

87 1478 246 1518 Romae,
286 1477 436 1519 CXCV,
473 1477 506 1510 2.
542 1466 679 1512 CXCV
682 1477 758 1520 ΙΙΙ,
792 1480 825 1512 l.
875 1478 1001 1512 Ueber
1031 1479 1137 1511 modo
1163 1490 1194 1513 5.
1219 1478 1369 1512 Ramsh.
1403 1479 1433 1521 ἕ.
1460 1478 1541 1512 190.

89 1525 197 1556 Anm
222 1524 255 1557 8.
284 1524 429 1557 Grotef.
459 1523 487 1565 §.
513 1524 595 1565 335,
620 1524 644 1556 s.
669 1524 748 1557 422.

179 1570 212 1603 2.
239 1571 324 1613 quid
349 1570 406 1602 hic
425 1579 488 1611 ag.
481 1594 505 1612 .‚
529 1569 603 1602 wie
628 1569 688 1602 ich
711 1569 796 1603 hier
821 1569 933 1603 iebe'.z
956 1589 1001 1595 -
1025 1571 1085 1604 Ita
1114 1581 1257 1610 vzvam,
1284 1574 1350 1612 τῇ,
1377 1580 1419 1604 so
1435 1570 1543 1603 wahr

90 1614 150 1648 ich
174 1616 273 1659 lebe,
297 1615 363 1649 mit
387 1615 506 1648 einem
532 1616 770 1659 ungeheuein
798 1617 1007 1650 Auswande
1027 1628 1091 1650 aus
1117 1617 1286 1661 eigenem
1311 1618 1542 1660 Velmogen‚

89 1662 137 1695 de
167 1673 260 1695 meo.
310 1662 436 1695 Ueber
473 1644 603 1695 dieseo
617 1661 910 1697 Schwuitmmel
948 1674 976 1696 5.
1000 1663 1165 1697 Ranish.
1200 1664 1228 1705 ἕ.
1256 1665 1336 1706 166,
1372 1665 1408 1705 3,
1432 1664 1478 1697 N.
1506 1663 1541 1695 2.

87 1709 233 1742 Grotef.
259 1709 287 1752 §.
312 1710 392 1744 334.
419 1710 526 1741 Anm.
550 1709 584 1742 5.
624 1728 666 1732 ——
698 1708 763 1743 hoc
794 1709 979 1751 instituto,
1018 1720 1062 1742 an
1096 1710 1235 1743 diesem
1265 1710 1543 1753 Lebensplane,

88 1755 291 1793 ¹Vol-satze.
316 1774 361 1779 —
385 1755 475 1787 abst.
502 1765 544 1787 ez
564 1766 687 1799 praec.
714 1759 754 1798 t.,
785 1755 826 1788 In
855 1756 922 1789 der
947 1756 1044 1789 That
1069 1756 1469 1799 bewundernswiirdig
1495 1756 1544 1788 ist

90 1801 152 1834 die
182 1801 584 1844 Uneigenniitzigkeit,
623 1802 684 1834 die
720 1802 780 1835 ich
819 1802 890 1836 mii·
924 1802 1072 1835 Deinen
1105 1802 1366 1836 Vorschristen
1399 1803 1546 1846 gemiiss

88 1857 172 1881 zum
199 1847 358 1881 Gesetze
382 1848 551 1890 gemacht
574 1848 681 1881 habe.
709 1847 747 1882 S.
776 1859 834 1892 ep.
862 1849 1059 1891 CXCV,l.
1085 1859 1141 1881 am
1166 1848 1287 1883 Ende.
1313 1848 1544 1891 CXCVL2.

89 1905 146 1927 am
177 1894 295 1928 Ende.
328 1894 553 1936 CXCVIII,
579 1894 613 1928 5.
641 1894 744 1937 CCI,
770 1897 810 1928 l:
839 1902 984 1928 utemur
1010 1906 1053 1928 ea
1086 1895 1292 1939 palaestra,
1326 1906 1433 1938 quam
1459 1906 1480 1928 a
1505 1901 1544 1928 te

89 1940 298 1974 didicimus.
324 1960 367 1964 —
393 1941 486 1984 quod
510 1944 625 1973 tecum
644 1942 871 1983 permutavi,
906 1941 990 1974 dass
1015 1941 1075 1974 ich
1100 1942 1279 1985 besorge,
1312 1941 1374 1976 ich
1398 1941 1544 1983 werde,

89 1997 151 2020 um
174 1987 247 2020 Dir
272 1986 332 2020 die
356 1987 555 2028 Wechsel,
584 1986 644 2020 die
669 1988 731 2020 Du
756 1988 820 2020 auf
841 1987 937 2021 mich
962 1998 1129 2031 gezogen
1154 1988 1255 2031 hast,
1289 1989 1471 2022 bezahlen
1496 1998 1545 2021 zu

90 2033 237 2066 konnen
253 2058 263 2084 ,
300 2044 395 2067 neue
419 2034 605 2067 Anleihen
632 2033 705 2066 und
731 2033 920 2067 Schulden
944 2035 1097 2067 machen
1122 2036 1280 2069 mussen.
1327 2035 1471 2079 Nempe
1496 2033 1545 2067 li-

91 2079 183 2113 teris
208 2079 284 2113 suis
310 2080 483 2114 Ciceioni
516 2080 693 2124 pecunias
729 2080 982 2122 assignaxerat
1008 2087 1045 2114 et
1070 2080 1262 2124 pecuniam
1288 2088 1448 2114 mutuam
1475 2091 1545 2125 per

90 2132 354 2170 procuratores
379 2137 465 2160 suos
490 2125 528 2158 in
554 2125 747 2169 provincia
772 2126 807 2160 ei
833 2126 987 2160 dedeiat
1000 2127 1159 2161 Atticus.
1184 2138 1219 2160 V.
1230 2127 1348 2162 ERN.
1375 2128 1467 2172 Vgl.
1483 2138 1542 2172 ep.

93 2172 186 2215 CCI,
210 2173 250 2206 2:
272 2172 553 2215 permutationzs
578 2172 671 2215 eius,
698 2184 805 2215 quam
832 2178 950 2207 tecum
976 2173 1060 2207 feci.
1087 2192 1130 2198 -
1155 2174 1272 2217 Appii
1292 2173 1440 2217 pulclni
1463 2174 1545 2206 vul-

91 2229 191 2258 ner‚a
216 2230 310 2261 quae
333 2219 549 2263 provinciae
573 2218 751 2262 imposuit
774 2219 853 2252 eius
879 2219 1045 2253 avaiitia.
1071 2220 1117 2254 cs.
1144 2230 1204 2264 ep.
1229 2220 1309 2255 208.
1334 2219 1545 2255 MANUT.

93 2275 164 2297 non
181 2265 330 2307 refric0,
355 2265 473 2298 decke
498 2266 558 2298 ich
574 2265 675 2298 nicht
698 2265 925 2299 vorsatzlich
948 2267 1020 2299 auf.

182 2312 217 2345 3.
265 2321 299 2343 a.
326 2311 361 2344 d.
387 2325 452 2345 nr.
478 2311 575 2345 Non.
603 2311 713 2355 Sext„
747 2323 803 2345 am
826 2313 860 2346 3.
888 2313 1048 2355 August.
1075 2331 1117 2337 —
1143 2316 1182 2345 ut
1212 2324 1292 2346 cum
1316 2313 1546 2354 Moeragene

94 2362 165 2389 cet.
176 2382 185 2397 ‚
213 2368 309 2397 „um
346 2357 417 2390 den
443 2358 666 2401 Moragenes
697 2369 757 2391 wo
783 2339 972 2401 moglicho
971 2358 1037 2391 mit
1066 2370 1150 2401 gew
1155 2360 1310 2392 affneter
1339 2358 1447 2392 Hand
1477 2368 1547 2391 zur

92 2402 358 2445 Auslieterung
381 2404 523 2437 Deines
548 2404 657 2438 Sclav
661 2415 705 2437 en
730 2415 775 2438 zu
802 2405 986 2449 zwingen
992 2406 1017 2423 “
1063 2406 1332 2448 Moeragenes,
1355 2405 1413 2438 ein
1438 2404 1549 2439 Asia-

94 2448 234 2481 tischei
266 2449 428 2482 Grieche
465 2450 538 2482 und
569 2451 918 2493 Βῖιυὺρῑῆηίὺὶπθτ,
957 2461 1002 2484 zu
1027 2453 1209 2485 welchem
1235 2452 1294 2485 ein
1321 2450 1454 2484 Sclave
1478 2450 1547 2483 des

92 2495 244 2528 Attikus
270 2495 349 2527 sich
374 2495 641 2539 hingefliichtet
665 2497 777 2530 hatte.
818 2497 951 2530 Cicero
977 2498 1124 2531 scherzt
1149 2499 1242 2531 iiber
1266 2497 1326 2530 die
1350 2496 1548 2530 Kleinheit

92 2540 213 2574 seines
238 2541 505 2575 Heers.1ene
530 2543 685 2586 Gegend
703 2554 758 2576 am
775 2543 1080 2588 Taurusgebiige
1100 2555 1179 2578 war
1204 2543 1340 2577 iedoch
1362 2543 1422 2575 ein
1442 2541 1547 2577 Sam-

93 2587 267 2630 melplatz
292 2587 543 2631 ges'ahrlicher
566 2589 728 2624 Rauber.
756 2589 795 2623 S.
808 2601 867 2633 ep.
886 2591 1033 2633 CCLII,
1060 2593 1122 2625 13:
1149 2591 1395 2632 Moeragenes
1420 2589 1546 2634 periit.

95 2651 137 2656 —
162 2634 290 2672 decid„
315 2635 400 2667 Asc.
427 2634 461 2667 2.
488 2635 586 2668 Crat.
611 2636 848 2675 decerneiem
875 2636 911 2668 in
937 2637 1110 2669 Hinsicht
1134 2636 1276 2669 Deines
1302 2634 1460 2669 Sclaven
1484 2635 1547 2668 die

95 2677 213 2712 Sache
239 2680 459 2713 ausmachte.
488 2699 529 2704 -
556 2681 724 2715 Clitellae
750 2683 832 2715 bovz
857 2688 925 2716 cet.
967 2683 1043 2716 Die
1063 2682 1286 2716 Saumsattel
1309 2682 1436 2715 waren
1462 2681 1546 2716 deni

95 2723 196 2759 Stier
219 2726 297 2760 also
322 2725 529 2769 ausgelegt3
563 2727 656 2760 oder
690 2728 771 2762 dem
802 2728 916 2762 EseU
948 2729 1038 2762 aber
1063 2729 1122 2763 ich
1147 2739 1245 2763 muss
1269 2728 1466 2772 gestehen‚
1499 2739 1545 2761 zu
