1795 3043
436 90 748 138 EPISTOLA
797 90 1143 136 cccnxxxu.
1416 95 1517 145 547

59 207 196 246 sectus
225 217 314 245 sum
338 205 380 245 in
404 202 706 256 Pompeianum
736 217 774 243 a.
797 202 837 244 d.
870 216 928 245 iv.
952 202 1033 254 Id.,
1071 205 1113 244 ut
1136 202 1195 244 ibi
1216 214 1370 250 essem,
1402 202 1516 254 dum,

61 275 169 314 quae
209 262 261 302 ad
298 261 578 313 navigandum
623 273 727 312 opus
767 262 924 312 essent,
973 263 1238 313 pararentur.
1296 261 1433 307 Quum
1463 260 1515 299 ad

60 320 202 360 villam
240 320 472 365 venissem,
520 318 688 357 ventum
736 318 798 355 est
845 317 897 356 ad
935 329 1025 356 me:
1073 319 1342 357 centuriones
1383 316 1514 356 trium

61 375 318 426 cohortium,
347 387 455 426 quae
471 373 685 425 Pompeiis
707 374 824 423 sunt,
855 386 919 413 me
938 375 1048 414 velle
1070 375 1295 425 postridie3
1320 395 1374 403 -—
1409 374 1517 414 haec

61 445 223 473 mecum
253 431 430 471 Ninnius
460 433 627 478 noster3
666 451 720 458 —-
777 428 888 469 velle
927 442 998 470 eos
1034 431 1136 470 mihi
1166 443 1211 470 se
1244 432 1286 470 et
1315 429 1515 482 oppidum

60 489 242 530 tradere.
299 489 354 528 At
392 500 474 540 ego,
506 487 585 527 tibi
614 485 815 538 postridie
854 500 879 526 a
909 487 1011 527 villa
1041 489 1138 527 ante
1167 489 1332 539 lucem,
1373 489 1420 526 ut
1450 499 1516 527 me

60 546 230 585 omnino
269 545 334 584 illi
374 557 428 584 ne
466 544 667 584 viderent.
728 543 835 589 Quid
867 544 978 582 enim
1008 545 1098 583 erat
1127 544 1170 583 in
1200 543 1334 584 trihus
1365 545 1516 584 cohor·

59 602 197 642 tibus?
258 601 388 652 Quid,
433 601 469 640 si
506 598 679 652 plures?
738 600 828 647 Quo
860 598 1095 652 apparatu?
1155 600 1341 653 Cogitavi
1372 600 1517 641 eadem

58 659 135 698 illa
151 658 371 708 Caeliana,
402 669 511 707 quae.
540 656 623 708 legi
652 657 694 695 in
717 656 896 707 epistola
914 661 1009 708 tua,
1041 669 1164 707 quam
1186 657 1356 709 accepi,
1388 658 1515 697 simul

59 718 100 756 et
129 715 172 754 in
206 714 435 754 Cumanum
463 714 584 762 veni,
616 713 760 752 eodem
790 713 877 764 die,
908 716 949 753 et
979 714 1097 753 simul
1128 713 1222 754 fieri
1250 716 1436 766 poterat,
1468 716 1516 754 ut

59 774 327 812 tentaremur.
386 771 558 810 Omnem
587 769 716 822 igitur
745 771 1024 822 suspicionem
1053 772 1219 811 sustuli.
1282 771 1363 811 Sed
1388 783 1513 822 quum
1537 773 1566 815 5

58 829 209 880 reden,
250 827 499 868 Hortensius
528 828 702 866 venerat
740 827 783 866 et
812 827 864 867 ad
901 827 1144 867 Terentiam
1182 829 1409 868 salutatum
1447 827 1517 866 de-

58 886 264 925 verterat:
311 895 502 924 sermone
541 884 632 922 erat
668 896 769 922 usus
805 883 1040 924 honorifico
1080 896 1179 937 erga
1221 897 1299 924 me.
1358 886 1517 925 Tamen

0 978 1 983 ,
61 955 177 994 eum,
207 944 253 981 ut
271 942 396 992 puto,
423 938 586 980 videbo.
646 940 765 979 Misit
794 942 905 980 enim
927 953 1103 992 puerum
1133 953 1176 980 se
1197 941 1248 981 ad
1269 953 1335 980 me
1355 941 1515 982 venire.

0 985 2 1041 ¹,
58 999 149 1038 Hoc
181 998 351 1049 quidem
380 998 554 1048 melius,
600 1009 724 1048 quam
754 998 918 1049 collega
948 999 1090 1038 noster
1118 998 1349 1048 Antonius,
1397 996 1517 1037 cuius

149 1145 183 1178 4.
219 1143 290 1178 1V.
316 1145 373 1178 Id.
399 1143 517 1184 Mai„
557 1153 618 1179 am
639 1142 695 1176 12.
718 1143 807 1176 Mai.
849 1161 893 1167 —
941 1154 1071 1186 essem,
1107 1155 1303 1179 manerem.
1342 1163 1385 1170 —
1432 1156 1518 1178 ven-

62 1196 136 1224 tum
149 1194 200 1224 est
218 1190 286 1234 ad,
312 1201 354 1224 5ο
379 1189 541 1223 meldete
565 1198 645 1222 man
671 1188 757 1230 mir,
796 1187 861 1222 mit
887 1189 979 1233 solg.
997 1199 1117 1224 accus.
1144 1202 1175 1225 c.
1202 1190 1303 1225 infin.
1328 1210 1373 1215 —
1405 1191 1518 1224 trium

57 1236 271 1271 cohortium.
321 1235 360 1270 S.
397 1247 456 1280 ep.
483 1236 574 1277 380,
607 1235 640 1268 2.
683 1235 773 1276 381,
810 1236 843 1267 1.
887 1253 929 1260 ——
973 1236 1154 1279 postridie
1185 1237 1266 1270 scil.
1303 1237 1518 1279 convenire,

58 1293 135 1317 was
164 1283 245 1316 sich
275 1281 330 1316 als
355 1282 491 1315 Glosse
526 1280 573 1315 im
600 1279 692 1314 Cod.
720 1280 874 1313 Decurt.
909 1290 966 1315 arn
991 1282 1120 1316 Raude
1152 1281 1221 1315 der
1252 1284 1349 1316 Crat.
1387 1283 1516 1316 Lamb.

59 1329 186 1363 findet.
232 1346 276 1352 —
322 1327 483 1361 Ninnius
515 1330 636 1359 noster
674 1325 981 1370 communicavit,
1020 1328 1098 1361 Das
1136 1328 1413 1362 hinterbrachte
1449 1328 1518 1362 mir

3 1393 6 1415 ι
60 1385 170 1408 unser
194 1374 342 1408 Freund
369 1372 540 1407 Ninnius.
591 1371 728 1405 Dieser
752 1372 794 1405 L.
820 1371 980 1407 Ninnius
1006 1373 1215 1408 Quadratus
1240 1374 1290 1408 ist
1314 1375 1408 1408 eben
1436 1375 1518 1417 der,

0 1429 6 1463 ῃ
58 1421 223 1454 welches
248 1420 302 1453 als
318 1419 506 1453 Tribunus
525 1418 653 1451 Plebis
678 1428 734 1451 am
761 1418 1029 1453 erstenlunius
1047 1420 1115 1454 696
1130 1422 1195 1454 auf
1209 1420 1374 1455 Cicero's
1393 1421 1520 1454 Riick-

2 1466 7 1505 {1
63 1467 247 1510 bernsung
278 1476 341 1498 aus
374 1465 453 1498 dem
481 1464 590 1497 Exsil
625 1470 851 1508 angetragen
888 1465 961 1499 und
987 1465 1142 1500 Clodius
1167 1466 1286 1500 Guter
1311 1467 1378 1500 der
1403 1468 1521 1501 Ceres

2 1507 7 1552 ᾖ
60 1512 244 1557 geheiligt
283 1512 395 1545 hatte.
444 1510 483 1545 S.
519 1521 575 1556 pr.
612 1508 718 1546 Sext.
753 1521 786 1543 c.
808 1512 865 1546 31.
911 1517 998 1556 post
1023 1511 1116 1546 Red.
1151 1512 1187 1546 in
1214 1512 1303 1547 Sen.
1330 1524 1361 1547 c.
1378 1512 1413 1546 2.
1460 1524 1518 1557 pr..

2 1557 7 1593 ’.ἶ
61 1560 171 1593 Dom.
199 1569 229 1592 c.
245 1558 302 1592 48.
339 1556 498 1600 Pighius
522 1556 566 1589 ad
594 1556 637 1591 A.
663 1557 709 1591 U.
735 1556 803 1591 695
826 1556 925 1590 lies’t
950 1557 1016 1591 mit
1034 1558 1211 1592 Anderen
1236 1559 1451 1593 Mummius.
1475 1578 1520 1584 —-

61 1606 139 1639 tibi.
173 1603 211 1639 S.
229 1603 377 1637 Ramsh.
403 1604 433 1646 §.
452 1602 531 1638 119.
557 1604 650 1637 uber
668 1603 770 1636 diess
794 1603 1072 1647 pleonastische
1096 1604 1346 1638 vertrauliche
1370 1604 1448 1638 tibi.
1475 1623 1520 1629 ·—=

7 1644 9 1654 ⁴
60 1663 82 1685 a
106 1651 196 1685 villa
226 1648 457 1693 Pompeiana
488 1648 585 1683 redii
618 1649 654 1682 in
690 1648 901 1682 Cumanum.
935 1668 980 1674 —
1030 1650 1126 1685 Quid
1149 1677 1157 1684 .
1179 1676 1187 1685 .
1215 1655 1294 1684 erat
1319 1653 1375 1694 in,
1406 1650 1520 1684 Denn

62 1709 141 1731 was
167 1696 254 1729 hatt'
280 1694 341 1729 ich
366 1695 431 1729 mit
456 1721 464 1729 .
483 1720 492 1728 .
513 1721 521 1729 .
549 1695 702 1728 macheu
726 1695 870 1728 sollenZ
893 1713 935 1719 -—
973 1706 1042 1739 quo
1067 1698 1273 1739 apparatu?
1302 1697 1434 1731 woher
1459 1696 1522 1730 die

62 1740 356 1777 ersorderlichen
371 1741 514 1776 Mund-
538 1740 611 1775 und
627 1740 943 1784 Kriegsvorrathe
968 1742 1146 1776 nehmenz
1170 1761 1214 1768 —-
1246 1743 1314 1776 illa
1330 1742 1521 1777 Caeliana.

63 1790 102 1824 S.
129 1800 188 1835 ep.
206 1788 295 1831 378,
320 1789 353 1822 6.
387 1789 475 1830 380,
500 1789 535 1822 3.
566 1788 654 1828 381,
678 1787 712 1820 2.
762 1787 842 1821 Das
866 1798 945 1821 war
968 1788 1059 1822 aber
1082 1788 1188 1822 mehr
1213 1788 1271 1822 ein
1289 1788 1430 1823 Einfall
1455 1788 1523 1822 des

63 1835 232 1877 Attikus,
265 1833 348 1867 eine
374 1839 602 1867 momentane
627 1831 823 1876 Billigung
847 1833 913 1867 des
938 1832 1072 1868 Cicero
1097 1845 1292 1878 gewesen3
1334 1835 1415 1868 dem
1440 1845 1523 1868 man

63 1883 142 1916 also
177 1879 350 1914 desshalb
384 1879 510 1912 weder
542 1877 716 1922 Feigheit
751 1880 963 1913 vorwerl'en
1006 1881 1101 1913 noch
1139 1880 1318 1925 πολεμήϊα
1348 1881 1439 1927 ἔργα
1479 1892 1522 1914 so

64 1927 227 1971 gradezu
260 1926 491 1968 absprechen
521 1925 631 1958 kann.
678 1943 720 1948 —
768 1926 964 1968 simulet,
1005 1926 1137 1960 sobald
1168 1927 1234 1960 als.
1290 1926 1329 1961 S.
1370 1927 1521 1961 Ramsh‚

62 1975 92 2018 §.
110 1974 195 2016 179,
227 1972 280 2014 B,
307 1982 349 2014 a,
374 1972 407 2004 4.
440 1970 487 2004 N.
509 1971 543 2004 2.
590 1971 702 2003 simul
724 1973 761 2003 ut
792 1972 883 2006 cod.
909 1971 1048 2005 Ursini.
1082 1991 1127 1998 --
1172 1973 1256 2014 fieri
1275 1976 1443 2016 poterat,
1481 1976 1520 2006 ul

11 2054 13 2060 ,
64 2024 307 2060 tentaremur,
349 2028 388 2050 es
419 2017 560 2050 konnte
593 2016 675 2049 eine
701 2017 805 2050 Falle
836 2016 936 2059 sein,
970 2018 1007 2050 in
1045 2017 1106 2051 die
1138 2029 1220 2052 man
1256 2018 1352 2052 mich
1383 2018 1519 2052 locken

63 2066 205 2099 wollte.
255 2063 380 2096 Ueber
411 2063 474 2096 das
506 2062 802 2107 amplificirende
833 2065 916 2105 fieri
942 2067 1087 2107 poterat
1126 2075 1157 2098 s.
1197 2063 1345 2098 Ramsh.
1384 2065 1415 2108 §.
1439 2065 1521 2107 204,

64 2113 104 2154 4,
130 2113 163 2145 5.
213 2113 252 2142 ut
277 2113 498 2143 tentaremur
533 2108 555 2142 i.
582 2120 614 2142 e.
641 2114 678 2140 ut
704 2109 916 2142 Caesariani
942 2109 1103 2143 animum
1129 2120 1248 2143 meum
1274 2116 1417 2144 tentare
1442 2111 1523 2144 vel-

62 2159 152 2192 lent.
201 2156 282 2190 Non
322 2155 402 2188 sine
433 2165 542 2188 causa
572 2155 663 2187 haec
697 2153 943 2198 displicebant
975 2156 1066 2190 Ern.
1115 2155 1237 2189 Credo
1271 2168 1291 2190 e
1323 2155 1522 2200 praecedd.

10 2235 12 2239 .
64 2211 202 2237 temere
231 2201 434 2246 repetitum
465 2212 548 2235 esse
585 2212 618 2234 v.
645 2200 774 2242 simul5
819 2208 858 2235 ut
889 2201 955 2235 sit:
995 2205 1029 2235 et
1062 2202 1222 2245 (revera)
1254 2204 1337 2244 fieri
1366 2206 1522 2247 poterat.

11 2288 16 2295 ”
154 2295 189 2329 5.
226 2304 354 2337 quum,
391 2293 510 2336 marg.
546 2293 634 2326 1584
669 2292 753 2325 dum
783 2293 911 2335 redeo,
961 2293 1189 2326 wahrend
1220 2294 1364 2327 meiner
1396 2294 1524 2328 Riick-

12 2355 14 2357 ·
67 2340 183 2382 reise3
226 2339 342 2372 daher
379 2339 442 2372 das
475 2350 599 2384 praes.
633 2337 698 2370 mit
731 2338 818 2381 folg.
852 2339 972 2382 plusq.
999 2340 1050 2383 pf.
1084 2343 1242 2373 venerat.
1291 2340 1525 2384 Ruckreise3

65 2385 212 2420 wohin‘}
250 2384 287 2417 in
312 2385 602 2429 Pompeianum,
629 2383 730 2417 nicht
755 2384 794 2417 in
808 2385 1028 2425 Cumanum,
1054 2385 1126 2418 wie
1146 2385 1334 2420 Manutius
1358 2386 1525 2428 glaubte.

65 2433 195 2467 Daher
223 2429 348 2464 dieser
383 2430 457 2463 und
493 2432 554 2465 die
593 2430 725 2464 beiden
758 2430 960 2473 folgenden
994 2430 1122 2464 Briese
1154 2431 1260 2473 dort‚
1300 2430 1402 2465 nicht
1427 2432 1525 2475 hier,

66 2475 311 2522 geschrieben
346 2475 441 2510 sind.
475 2496 520 2502 —
566 2487 658 2518 erga
682 2486 760 2516 me,
800 2476 836 2509 in
864 2476 1033 2510 Hinsicht
1059 2477 1199 2511 meiner
1223 2477 1390 2519 Person,
1431 2478 1526 2512 iiber

67 2524 175 2558 mich.
202 2541 244 2547 —
287 2521 397 2556 Misit
424 2528 494 2556 eet.
536 2523 643 2556 Denn
671 2533 712 2555 er
738 2522 799 2554 hat
822 2522 901 2555 sich
928 2523 1043 2556 durch
1070 2523 1178 2557 einen
1204 2523 1342 2556 Laut'er
1367 2523 1427 2557 bei
1454 2524 1525 2557 rnir

67 2570 212 2604 melden
248 2568 381 2601 lassen.
416 2587 458 2592 -
506 2569 634 2602 melius
669 2568 691 2601 i.
717 2580 748 2601 e.
783 2568 974 2602 honestius
1008 2569 1106 2602 facit.
1142 2588 1186 2594 —-
1234 2570 1417 2603 Antonius
1447 2580 1525 2604 war

70 2614 223 2649 obwohl
247 2614 386 2658 spinter,
411 2615 466 2648 als
480 2613 625 2655 Cicero,
650 2615 781 2657 Augur
807 2614 1026 2657 gewordem
1060 2614 1234 2648 desshalb
1261 2621 1373 2649 nennt
1396 2627 1436 2649 er
1460 2617 1523 2651 ihu

70 2662 214 2703 collega
238 2663 370 2694 noster.
403 2679 446 2686 ·-
490 2663 680 2703 portatur,
724 2671 791 2693 vor
824 2660 978 2694 mcinem
1013 2660 1111 2693 (inte
1146 2660 1225 2694 sich
1261 2661 1526 2705 vor-beitragen

71 2709 161 2742 liess
186 2705 261 2740 und
284 2706 375 2740 l'asst
390 2731 400 2748 ,
427 2707 522 2739 ohne
546 2706 607 2740 bei
628 2706 698 2739 mir
722 2706 1034 2752 vorzusprechcn.
1066 2706 1156 2751 Vgl.
1174 2709 1322 2751 ep.379,
1338 2708 1369 2742 2.
1394 2710 1475 2753 377,
1494 2710 1528 2744 4.

70 2756 157 2797 376,
183 2755 206 2789 3
235 2752 309 2786 und
333 2753 411 2787 bes.
438 2754 470 2787 5.
503 2753 587 2795 tem,
617 2753 672 2787 10.

1142 2811 1229 2854 35*
