1795 3043
161 78 261 127 318
426 75 492 123 Μ.
528 76 583 120 Τ.
621 73 961 122 CICERONIS
995 75 1366 124 EPISTOLAE.

160 187 323 240 ltaque,
352 186 387 228 si
416 187 498 228 hoe
528 186 755 240 imperium
784 187 888 228 mihi
917 189 1140 229 molestum
1167 189 1263 237 erit,
1295 189 1393 230 utar
1421 202 1471 232 ea
1492 193 1632 246 porta,

107 246 137 290 5
159 257 286 297 quam
316 246 494 297 primam
521 245 685 287 videro.
742 245 850 286 Nam
869 246 980 297 quod
1000 246 1153 286 scribis
1172 245 1399 287 mirificam
1417 252 1633 301 exspecta-

157 303 316 343 tionem
345 313 437 342 esse
460 302 542 341 mei
572 314 711 354 neque
740 304 881 343 tamen
910 314 1161 355 quemquam
1191 303 1398 345 bonorum
1426 308 1499 346 aut
1526 307 1631 347 satis

156 358 365 399 bonorum
394 359 614 408 dubitare,
647 360 749 411 quid
779 373 977 400 sensurus
1009 361 1111 400 sim:
1151 373 1249 413 ego,
1283 373 1390 412 quos
1422 362 1470 402 tu
1499 362 1632 405 bonos

156 429 248 456 esse
278 416 416 463 dicas,
448 428 534 456 non
565 418 778 470 intelligo:
830 418 922 471 ipse
950 418 1092 458 nullos
1122 418 1219 459 novi
1230 432 1244 467 3
1282 419 1354 458 sed
1383 419 1469 471 ita,
1499 420 1535 459 si
1566 432 1632 460 or·

156 474 275 515 dines
305 473 510 513 bonorum
541 476 799 526 quaerimus.
856 475 963 515 Nam
1005 475 1240 528 singulares
1270 477 1367 516 sunt
1396 475 1497 516 boni
1528 477 1627 519 viri.

155 532 313 571 Verum
347 531 393 570 in
430 531 762 572 dissensionibus
802 531 972 572 ordines
1012 532 1219 573 bonorum
1249 534 1291 572 et
1318 545 1476 586 genera
1506 545 1630 585 quae-

152 588 284 630 renda
315 589 425 630 sunt.
485 589 687 629 Senatum
717 588 873 629 bonum
902 591 1038 642 putas,
1069 602 1146 641 per
1175 602 1298 641 quem
1327 590 1421 630 sine
1450 590 1631 642 imperio

151 645 401 699 provinciae
433 647 557 685 sunt?
617 646 842 697 Nunquam
873 647 985 685 enim
1008 646 1136 686 Curio
1165 648 1440 694 sustinuisset,
1474 648 1630 688 sicum

153 715 203 743 eo
232 703 301 755 agi
332 704 528 754 coeptum
558 705 688 742 esset:
719 715 845 753 quam
864 703 1115 743 sententiam
1138 706 1307 744 senatus
1328 704 1447 756 sequi
1467 705 1629 754 noluit3

153 773 205 801 ex
235 772 317 811 quo
346 761 507 800 factum
536 762 614 812 est,
642 761 689 799 ut
713 759 882 800 Caesari
912 772 996 799 non
1026 760 1338 802 succederetur.
1397 761 1464 802 An
1489 760 1628 813 publi-

152 817 310 859 canos?
350 817 426 868 qui
451 830 671 868 nunquam
700 815 832 868 firmi,
873 817 945 856 sed
974 829 1088 858 nunc
1133 817 1303 859 Caesari
1334 821 1431 858 sunt
1460 819 1628 859 amicis-

151 875 269 915 simi:
300 887 353 914 an
383 872 672 915 feneratores?
702 886 755 913 an
787 873 1024 926 agricolas?
1055 874 1206 925 quibus
1228 876 1536 927 optatissimum
1564 876 1629 916 est

150 932 292 972 otium.
349 930 446 972 Nisi
477 931 726 973 eos‚timere
748 934 895 982 putas,
933 943 988 970 ne
1027 931 1104 971 sub
1146 943 1277 983 regno
1307 933 1414 979 sint,
1470 933 1544 984 qui
1580 932 1626 974 id

97 995 127 1036 6
149 1001 381 1040 nunquam,
412 989 509 1028 dum
539 988 662 1028 modo
693 988 817 1027 otiosi
842 992 994 1040 essent,
1023 990 1288 1028 recusarunt.
1348 988 1459 1037 Quid
1490 991 1624 1043 ergo?

149 1046 383 1088 exercitum
420 1046 667 1097 retinentis,
703 1056 833 1096 quum
871 1046 977 1097 legis
1019 1045 1109 1085 dies
1138 1045 1377 1094 transierit,
1417 1047 1626 1086 rationem

147 1104 299 1145 haberi
328 1102 500 1155 placet?
558 1102 668 1142 Mihi
697 1114 797 1141 vero
827 1114 881 1141 ne
911 1102 1096 1141 absentis
1119 1102 1303 1153 quidem.
1365 1103 1462 1149 Sed,
1495 1115 1625 1155 quum

146 1183 296 1217 liam.—-
343 1186 429 1215 utar
453 1193 496 1215 ea
516 1185 638 1225 porta.
688 1179 728 1213 Si
754 1179 959 1223 Pompeius
986 1179 1070 1212 ideo
1093 1187 1225 1224 perget
1252 1191 1310 1213 me
1334 1180 1504 1223 mittere,
1535 1181 1624 1223 quia

144 1229 345 1274 imperium
370 1229 548 1270 habeam,
575 1237 666 1269 egO,
699 1236 747 1259 ne
772 1225 918 1268 mittar,
956 1225 1102 1268 statim,
1139 1237 1234 1269 quae
1258 1225 1380 1269 prima
1404 1233 1512 1270 porta
1537 1226 1622 1268 erit,

147 1287 193 1309 ea
218 1277 255 1309 in
281 1276 412 1309 urbem
438 1273 653 1316 ingrediar,
690 1272 837 1305 abiecto
863 1271 1026 1314 imperio
1056 1271 1167 1305 simul
1193 1278 1230 1304 et
1255 1272 1508 1316 triumphandi
1534 1283 1624 1305 con-

144 1322 246 1357 silio.
294 1320 502 1356 MANUT.
542 1319 593 1353 So
619 1319 720 1351 hatte
747 1329 786 1351 es
810 1316 957 1361 Appius
977 1317 1161 1359 gemacht.
1197 1317 1234 1351 S.
1261 1328 1320 1362 ep.
1336 1318 1519 1352 CCXLII.
1547 1318 1622 1352 Ue-

144 1369 213 1403 ber
238 1379 345 1413 quam
365 1369 528 1412 primam
552 1376 583 1399 s.
608 1365 758 1399 Ramsh.
786 1364 814 1407 §.
833 1364 919 1403 159,
944 1364 987 1405 3,
1015 1373 1047 1396 e.
1098 1362 1162 1397 Sic
1198 1363 1289 1398 Bos.
1323 1361 1438 1407 Seqq.
1458 1363 1623 1409 primum

143 1415 324 1458 Priores,
356 1414 467 1448 eliam
493 1412 597 1449 Vict.
620 1411 750 1445 Lamb.
777 1421 858 1443 cum
884 1409 961 1443 Md.
993 1409 1067 1443 OR.

234 1462 269 1495 5.
295 1461 382 1505 quid
394 1470 564 1494 sensurus
577 1459 659 1497 sim,
685 1458 745 1490 siit·
757 1456 901 1491 welche
911 1455 1039 1490 Paxtei
1054 1455 1112 1488 ich
1127 1454 1223 1489 mich
1239 1454 1619 1490 e1·kl{irenwiirde.—

141 1509 206 1542 sed
229 1508 301 1551 ita,
325 1509 360 1541 si
384 1514 454 1541 cet.
470 1532 480 1550 ,
505 1505 609 1538 wohl
633 1503 871 1546 verstanden,
897 1512 1006 1536 weun
1033 1501 1095 1535 die
1119 1502 1228 1535 Rede
1252 1513 1325 1536 von
1351 1502 1517 1536 Standen
1541 1502 1618 1536 und

142 1555 303 1589 Klassen
331 1554 389 1588 ist.
416 1572 461 1578 --
512 1551 674 1586 Verum.
692 1575 722 1583 ..
741 1560 865 1593 quaer.
889 1552 986 1591 sunt,
1011 1549 1102 1582 aber
1126 1548 1188 1582 bei
1214 1548 1480 1591 biix‘gerlichen
1506 1548 1619 1593 Spal-

143 1607 283 1644 tungen
308 1601 448 1634 kommt
472 1609 512 1632 es
538 1597 672 1631 darauf
692 1607 750 1638 an,
775 1595 849 1628 wie
874 1600 941 1638 gut
965 1605 1085 1639 ganze
1106 1593 1245 1629 Stande
1262 1594 1408 1628 denken
1427 1595 1501 1628 und
1525 1596 1617 1628 han-

141 1648 243 1682 deln.
279 1666 322 1672 —
372 1657 442 1692 per
474 1655 599 1689 quem,
634 1643 739 1676 cuius
770 1641 924 1684 inertia,
957 1640 1145 1676 socordia.
1179 1661 1222 1666 —
1271 1641 1349 1674 sine
1373 1641 1482 1684 imp„
1518 1641 1616 1675 ohne

141 1694 387 1737 Statthalter,
423 1692 503 1726 sine
528 1688 818 1733 magistratibus.
843 1706 888 1713 —
934 1687 1183 1727 sustinuisset,
1218 1686 1481 1720 nimmermehr
1512 1687 1616 1720 hatte

141 1741 208 1774 der
234 1740 380 1774 Tribun
405 1738 519 1773 Curio
545 1737 608 1770 auf
630 1735 773 1770 seinem
797 1733 1011 1777 Einspruch
1037 1733 1258 1775 bestanden,
1291 1744 1400 1767 wenn
1426 1743 1507 1766 man
1533 1733 1614 1767 sich

140 1788 178 1821 in
212 1786 526 1827 Unterhandlung
568 1782 636 1817 mit
673 1782 748 1815 ihm
780 1780 1014 1825 eingelassen
1047 1780 1159 1813 hatte.
1219 1780 1313 1813 “Als
1344 1779 1505 1812 namlich
1545 1779 1614 1813 der

140 1833 256 1869 Senat
280 1831 461 1866 decretirt
485 1831 601 1871 hatte,
628 1838 710 1861 man
736 1828 847 1861 sollte
873 1826 1095 1861 Statthalter
1122 1826 1159 1859 in
1185 1825 1247 1859 die
1273 1826 1487 1860 Provinzen
1513 1824 1614 1859 schi-

139 1880 256 1923 cken,
290 1879 435 1912 machte
460 1876 574 1911 Curio
600 1874 766 1908 Einrede
790 1874 978 1917 dagegen:
1008 1873 1063 1906 als
1089 1873 1179 1906 aber
1203 1872 1351 1951 hieffiauf
1372 1872 1424 1906 M.
1450 1871 1612 1906 Marcel-

137 1927 196 1961 lus
223 1927 330 1959 dasiir
355 1925 534 1964 stimmte‚
571 1932 650 1955 man
677 1921 788 1954 sollte
823 1920 1052 1963 wenigstens
1076 1919 1141 1952 mit
1167 1919 1238 1952 den
1289 1918 1456 1952 ‘ribunen
1483 1922 1611 1951 unter-

138 1973 312 2015 handeln,
338 1982 380 2005 so
405 1981 485 2004 war
509 1968 569 2002 die
594 1970 769 2011 grossere
796 1966 887 1999 Zahl
914 1966 979 1999 des
998 1965 1131 2000 Senats
1156 1965 1323 2009 dagegen
1349 1964 1423 1998 und
1450 1963 1511 1997 die
1537 1963 1610 1997 bit-

139 2025 278 2053 tersten
312 2019 479 2052 Decrete
510 2015 668 2049 wurden
700 2023 821 2057 gegen
855 2012 916 2045 die
952 2012 1145 2046 Tribunen
1181 2012 1384 2054 abgefasst:
1418 2021 1527 2044 wenn
1554 2009 1610 2043 sie

134 2066 241 2099 nicht
267 2065 482 2105 aushorten,
509 2062 568 2095 ihr
593 2061 690 2096 Veto
718 2059 952 2102 einzulegen.
1001 2059 1054 2092 Es
1082 2058 1230 2091 blieben
1256 2058 1335 2091 also
1363 2056 1424 2090 die
1446 2056 1608 2091 Provin-

138 2123 207 2147 zen
233 2111 351 2145 durch
376 2110 438 2143 die
466 2107 607 2143 Schuld
634 2106 700 2140 des
726 2105 860 2140 Senats
884 2105 980 2138 ohne
1006 2104 1236 2139 Statthalter.
1274 2102 1312 2138 S.
1346 2113 1404 2146 ep.
1426 2102 1545 2145 CCX,
1570 2104 1604 2137 3.

137 2158 372 2200 CCLXXII,
397 2157 430 2190 2.
480 2155 556 2189 Die
582 2153 776 2187 Tribunen
798 2152 938 2185 liessen
971 2151 1051 2185 sich
1082 2150 1185 2183 nicht
1219 2160 1260 2183 so
1293 2147 1521 2191 schrecken,
1550 2148 1606 2182 als

137 2205 236 2239 eiust
265 2204 461 2239 Serranus.
501 2201 539 2236 S.
575 2211 632 2244 ep.
652 2198 915 2234 LXXXVIII.
943 2216 986 2222 —
1034 2208 1140 2241 quam
1171 2195 1386 2228 sententiam
1418 2195 1469 2228 M.
1503 2194 1607 2228 Mar-

138 2251 239 2285 celli.
255 2271 300 2276 --
325 2254 363 2283 ut
374 2248 529 2282 Caesari
545 2257 616 2279 non
628 2256 738 2288 succ„
767 2245 851 2278 dass
868 2244 982 2278 Casar
996 2243 1131 2277 keinen
1143 2242 1374 2285 Nacht'olger
1393 2240 1541 2292 erhielt.
1559 2259 1603 2265 —-

135 2297 252 2341 firmi,
279 2297 342 2330 auf
364 2295 426 2328 die
451 2305 532 2327 man
559 2292 683 2326 sicher
709 2292 872 2325 rechnen
897 2291 1007 2324 kann.
1025 2309 1069 2313 —
1116 2288 1222 2321 amic.
1249 2288 1297 2320 ob
1315 2297 1508 2320 remlssam
1528 2293 1604 2320 ter-

137 2345 226 2378 tiam
251 2340 494 2386 vectigalium
526 2345 680 2383 partem.
716 2338 820 2380 (Vid.
854 2348 912 2382 ep.
935 2335 1055 2376 XLI.)
1092 2334 1309 2369 CORRAD.
1335 2352 1380 2358 —
1426 2334 1604 2377 fenerat.,

137 2391 199 2425 die
224 2388 480 2434 Capitalisten.
506 2404 551 2409 —
598 2395 641 2417 ne
663 2384 728 2417 sub
754 2395 869 2426 regno
893 2383 987 2424 sint,
1020 2388 1128 2414 untes
1159 2380 1220 2414 die
1255 2379 1473 2413 Herrschaft
1497 2379 1602 2413 eines

136 2436 380 2472 Alleinherrn
404 2444 451 2467 zu
475 2431 661 2466 kommen.
690 2430 752 2474 qm·
773 2442 819 2463 ,τ-
843 2430 889 2463 da
913 2429 967 2462 sie
983 2428 1092 2462 doch.
1107 2446 1151 2452 —-
1191 2426 1313 2469 otiosi,
1337 2425 1377 2459 in
1393 2425 1514 2469 Ruhe,
1537 2436 1600 2460 wo

135 2484 192 2518 sie
217 2482 279 2517 ihr
302 2480 488 2516 Gewerbe
513 2476 763 2520 ungehindert
786 2476 861 2509 und
886 2475 1010 2510 sicher
1035 2474 1181 2507 treiben
1204 2473 1368 2507 konnen.

224 2532 257 2565 6.
292 2528 386 2564 Quid
408 2536 498 2568 ergo
514 2522 720 2557 faciendum
736 2523 813 2556 est'}
836 2540 881 2546 —
927 2521 1073 2554 exercit.
1094 2520 1200 2554 retln.
1222 2525 1314 2561 cet.,
1339 2528 1420 2551 man
1442 2516 1599 2558 beliebt‚

132 2575 217 2609 dem
248 2576 405 2616 Manne,
440 2573 528 2614 der,
562 2568 784 2612 ungeachtet
817 2567 921 2600 seine
946 2566 1176 2609 gesetzliche
1202 2564 1286 2599 Zeit
1310 2575 1370 2598 um
1395 2563 1464 2606 ist,
1502 2562 1598 2596 doch

131 2621 212 2656 sein
238 2620 495 2665 Kriegesheer
519 2616 614 2650 noch
648 2615 777 2648 immer
808 2613 1019 2653 belbelffilt,
1054 2622 1100 2646 zu
1126 2612 1326 2653 erlauben,
1359 2609 1443 2662 dass
1468 2619 1510 2660 exj
1533 2609 1599 2660 δ’δ-

130 2668 286 2702 wesend
311 2678 370 2701 um
395 2666 461 2699 das
486 2662 664 2699 Consulat
688 2660 859 2694 anhaltet
897 2660 993 2702 legis
1017 2659 1112 2701 dies,
1145 2669 1218 2702 qua
1243 2661 1449 2707 exercitum
1474 2654 1597 2688 dumt-

130 2719 212 2748 tere
238 2714 458 2755 iubebatur,
483 2710 515 2745 si
541 2709 599 2744 sui
625 2707 739 2742 vellet
764 2705 944 2741 rationem
971 2705 1114 2740 haberi.
1153 2702 1370 2738 GRONOV.
1397 2701 1492 2735 dzem
1516 2700 1596 2735 Md.

131 2761 258 2795 oxon.
284 2763 316 2800 1,
337 2760 372 2794 2.
397 2760 482 2794 Asc.
500 2760 531 2792 1.
564 2755 660 2790 Crat.
687 2753 789 2791 Vict.
815 2755 848 2789 l.
872 2753 904 2788 2.
946 2752 1018 2787 OR.
1043 2769 1088 2778 ·—-
1131 2750 1236 2787 Mihi
1256 2759 1343 2784 vero
1366 2747 1448 2785 scil.
1474 2747 1598 2792 placet
