1795 3043
503 27 817 75 EPISTOLA
854 26 1095 75 CCCLXI.
1425 34 1524 84 487

74 141 261 184 consiliis
289 155 387 184 usus
415 154 522 190 sum,
554 141 836 192 maximeque,
867 140 977 192 quod
1008 141 1050 181 et
1076 140 1324 194 gravitatem
1354 140 1400 180 in
1428 154 1525 182 con-

72 212 215 253 gressu
254 202 397 241 nostro
434 199 577 247 tenui,
636 210 759 250 quam
798 197 946 246 debui,
996 200 1059 246 et,
1100 198 1152 239 ad
1188 197 1335 240 urbem
1363 199 1523 239 utnon

69 258 335 305 accederem,
380 256 659 310 perseveravi.
719 254 838 302 Quod
876 257 1091 306 superest,
1141 255 1306 309 scribe,
1351 267 1520 307 quaese,

70 326 196 365 quam
234 314 549 367 accuratissime
585 336 643 342 --
698 312 782 352 iam
820 312 929 351 enim
964 314 1150 352 extrema
1184 314 1281 352 sunt
1308 335 1364 342 —
1420 311 1523 363 quid

68 372 257 424 placeat,
291 371 391 423 quid
407 382 600 411 censeas:
643 370 719 409 etsi
741 369 821 409 iam
853 370 970 408 nulla
990 368 1197 408 dubitatio
1216 371 1292 411 est.
1349 369 1522 415 Tamen,

70 428 106 468 si
145 428 246 480 qnid
287 429 356 470 vel
398 429 538 481 potius
576 425 779 479 quidquid
816 425 957 466 veniet
1004 426 1048 466 in
1094 427 1301 475 mentem,
1363 426 1523 468 scribas

65 485 206 528 velim.
1195 496 1198 499 ’

266 620 580 669 EPISTOLA
624 620 868 666 cccnxl.
915 619 998 679 (aa
1031 619 1121 665 Aa.
1157 621 1213 666 x.
1250 619 1322 678 1.)

109 697 192 733 Ser.
226 697 263 732 in
290 696 441 733 Laterio
468 697 511 733 Q.
535 695 693 787 Fratris(
709 707 741 731 a.
757 697 916 785 gagg.
943 696 1040 732 Non.
1065 697 1156 741 Apr.
1187 698 1234 731 A.
1260 696 1306 731 U.
1334 697 1375 731 C.
1402 696 1477 731 705.

697 754 728 777 a.
790 769 798 778 .
876 769 882 777 .

64 812 241 846 Laetatur
256 811 518 846 firmitudinem
535 821 636 846 suam
662 811 698 844 in
726 821 929 855 congressu
955 821 1036 844 cum
1053 810 1215 845 Caesare
1231 810 1384 856 probari
1399 799 1524 844 Attico

65 863 104 893 et
125 857 245 894 Sexto
270 859 490 899 Peducac03
531 864 694 891 ceterum
719 857 900 891 incertum
927 867 1028 899 esse,
1063 867 1107 890 an
1134 857 1269 891 Caesar
1302 869 1342 891 se
1367 858 1411 890 ad
1437 867 1525 890 con·

177 904 263 940 silia
287 905 333 940 de
358 916 450 950 pace
475 909 699 937 attracturus
724 903 792 946 sit;
832 902 980 937 omnino
1006 909 1128 936 autem
1154 914 1193 938 se
1218 903 1256 937 in
1281 914 1414 947 magna

449 950 707 986 sollicitudine
732 959 815 984 esse
839 950 987 983 fatetur.
1020 950 1136 984 1—4.

552 1018 741 1052 CICERO
774 1018 967 1052 ATTICO
993 1017 1032 1051 S.

183 1077 327 1118 Tertio
344 1076 485 1118 Nonas
506 1089 633 1127 quum
653 1077 696 1115 in
716 1076 934 1117 Laterium
954 1076 1100 1115 fratris
1118 1075 1348 1128 venissem,
1378 1077 1528 1129 accepi

71 1134 243 1186 literas,
290 1134 334 1174 et
361 1135 552 1186 paullum
582 1133 705 1174 lectis
734 1133 964 1186 respiravit
1013 1132 1127 1184 quod
1155 1135 1250 1185 post
1277 1133 1354 1173 has
1376 1134 1530 1173 ruinas

69 1192 174 1232 mihi
211 1204 295 1231 non
326 1191 554 1232 acciderat.
615 1190 699 1231 Per
729 1189 1011 1241 enim.magni
1041 1190 1215 1229 aestimo
1243 1188 1323 1230 tibi
1352 1189 1532 1231 firmitu-

70 1249 211 1289 dinem
241 1248 372 1289 animi
400 1248 534 1288 nostri
564 1248 606 1287 et
627 1248 787 1287 factum
804 1248 994 1287 nostrum
1023 1245 1212 1298 probari.
1270 1247 1397 1287 Sexto
1419 1247 1532 1287 enim

69 1307 210 1346 nostro
241 1304 353 1355 quod
383 1303 535 1344 scribis
565 1303 761 1355 probari,
797 1303 860 1343 ita
885 1304 1045 1355 laetor,
1082 1304 1129 1342 ut
1150 1315 1216 1342 me
1246 1303 1366 1354 quasi
1397 1305 1532 1356 patris

69 1363 181 1408 eius,
225 1361 296 1402 cui
325 1373 490 1413 semper
518 1359 593 1401 uui
621 1360 848 1411 plurimum
878 1359 1035 1412 tribui,
1072 1359 1231 1400 iudicio
1261 1360 1534 1412 comprobari

67 1421 234 1471 putem:
275 1419 348 1469 qui
378 1418 510 1465 mihi,
551 1416 662 1468 quod
693 1429 820 1468 saepe
848 1418 963 1457 soleo
993 1416 1232 1464 recordari,
1275 1416 1384 1457 dixit
1413 1418 1531 1466 olim,

72 1475 205 1516 Nonis
232 1475 345 1525 illis,
389 1474 476 1515 illis
506 1473 836 1522 Decembribus,
887 1486 1017 1525 quum
1044 1485 1144 1527 ego,
1188 1473 1352 1522 „Sexte
1363 1503 1376 1523 ,
1415 1474 1533 1526 quid-

69 1545 164 1573 nam
194 1531 353 1584 erg0?”

180 1587 247 1637 Μή
274 1586 382 1637 μοὲν,
412 1587 551 1639 inquit
579 1587 680 1639 ille,
711 1582 890 1624 ἀσπουδί
916 1599 961 1634 γε
991 1586 1061 1625 καὶ
1090 1582 1258 1628 ἀκλειῶς
1285 1583 1531 1638 ἀπολοίμην·

178 1643 295 1684 Ἀλλοέ
323 1646 429 1694 μέγα
457 1644 572 1694 ῥέξας
600 1646 642 1682 τί
671 1644 741 1682 καί
769 1643 1023 1692 ἐσσομένοισι
1051 1644 1284 1685 πυθέσθαι.

69 1770 175 1813 quod,
210 1789 253 1796 --
301 1770 442 1811 gravit.
479 1768 518 1800 in
544 1777 741 1809 congressu
766 1771 910 1811 nostro,
951 1766 1013 1801 bei
1038 1767 1182 1802 meiner
1206 1768 1538 1804 Zusammenkunft

71 1816 138 1850 mit
170 1816 294 1850 Gasar.
346 1814 384 1848 S.
425 1825 483 1858 ep.
510 1813 658 1856 CCCL,
691 1814 732 1846 2:
768 1813 867 1847 Illud
892 1824 951 1846 me
976 1814 1170 1857 praeclare
1195 1814 1391 1857 admones,
1425 1826 1536 1859 quum

71 1862 175 1897 inum
202 1861 428 1905 (Caesarem)
455 1859 608 1903 videro,
640 1870 685 1893 ne
709 1859 819 1895 nimis
842 1860 1098 1902 indulgenter,
1124 1863 1157 1892 et
1181 1866 1222 1894 ut
1246 1873 1327 1894 cum
1350 1863 1538 1904 gravitate

71 1908 198 1954 potius
223 1908 368 1950 loquar.
417 1906 506 1949 Vgl.
532 1917 589 1950 ep.
612 1906 799 1940 CCCLIX
823 1906 873 1940 im
890 1906 975 1940 Ans.
1007 1905 1214 1949 CCCLIII,
1240 1909 1274 1942 1.
1314 1908 1537 1951 CCCXLII,

72 1957 105 1988 1.
156 1952 445 1995 CCCXXXIX,
472 1954 504 1985 l.
535 1971 579 1977 -
624 1953 856 1995 perseveravi
880 1952 918 1986 in
944 1963 1010 1992 eo,
1038 1955 1100 1992 ut,
1132 1953 1208 1986 und
1234 1954 1367 1988 darauf
1384 1955 1536 1989 bestan-

73 2001 143 2035 den
169 1999 253 2039 bin,
287 2000 383 2034 dass.
433 1998 471 2033 S.
499 2009 559 2042 ep.
580 1999 659 2032 359.
693 2017 734 2023 —
783 1999 859 2032 iam
891 2000 986 2032 enim
1017 2002 1178 2032 eztrema
1209 2004 1315 2044 sunt,
1353 2001 1449 2035 denn
1476 2001 1537 2035 ich

73 2048 167 2083 habe
194 2046 283 2080 ietzt
306 2044 428 2079 meine
453 2045 592 2078 letzten
617 2045 850 2088 Massregeln
876 2055 921 2079 zu
949 2045 1094 2078 treffen.
1120 2063 1163 2069 --
1206 2047 1275 2080 etsi
1299 2047 1383 2081 dub.
1409 2072 1417 2081 .
1436 2074 1444 2082 .
1470 2051 1538 2091 est,

73 2092 251 2127 wiewohl
276 2092 363 2126 kein
388 2092 518 2135 langes
541 2090 745 2124 Bedenken
770 2092 875 2125 mehr
899 2091 998 2127 Statt
1019 2091 1149 2125 findet.

166 2140 197 2174 1.
227 2139 304 2173 ΙΙΙ.
329 2137 425 2171 Non.
457 2136 602 2181 April„
641 2148 696 2171 am
727 2139 761 2172 3.
785 2137 906 2181 April.
940 2157 985 2163 —
1032 2137 1242 2181 Laterium,
1276 2139 1404 2175 Quinti
1429 2139 1538 2174 Cice-

76 2184 179 2219 ronis
202 2184 353 2218 fundum
378 2186 415 2217 in
441 2183 626 2227 Arpinati.
653 2184 859 2218 MANUT.
898 2183 991 2219 Vid.
1018 2194 1077 2228 ep.
1094 2184 1174 2217 CX.
1200 2204 1246 2210 --
1292 2186 1397 2220 lecti-s·
1421 2186 1538 2230 respi-

77 2231 171 2265 ravi.
222 2230 286 2266 Sic
318 2230 408 2264 Cdd.
443 2230 601 2263 Decurt.
636 2230 795 2263 Crusell.
822 2230 1026 2272 Tornaes,
1063 2241 1220 2272 quorum
1253 2242 1455 2266 consensus
1479 2242 1539 2266 se-

78 2277 246 2321 quendus
278 2282 370 2310 erat.
419 2276 494 2311 Sed
527 2275 714 2310 excidisse
746 2276 894 2310 videtur
923 2276 975 2309 iis
1000 2282 1084 2320 post
1107 2277 1220 2312 lectis.
1259 2279 1332 2312 OR.
1365 2297 1408 2303 -
1454 2281 1539 2321 post

78 2323 111 2358 h.
143 2324 271 2356 ruinas
307 2322 332 2356 i.
368 2333 400 2357 e.
433 2321 604 2367 pestiferi
638 2321 728 2356 belli
763 2322 887 2356 civilis
918 2321 1076 2356 initium.
1122 2343 1167 2349 —
1221 2324 1294 2358 Per
1327 2350 1362 2358 ..
1395 2324 1536 2366 magni.

77 2368 218 2413 Figura
241 2367 399 2402 Tmesis.
439 2369 478 2403 S.
504 2368 655 2402 Ramsh.
681 2370 709 2411 ζῇ.
729 2369 816 2412 206,
841 2369 896 2410 Β,
922 2369 954 2402 2.
999 2368 1144 2404 Grotef.
1171 2371 1198 2413 §.
1221 2371 1301 2405 486.
1326 2371 1407 2412 493,
1432 2372 1465 2405 6.
1493 2389 1538 2395 --

78 2417 213 2458 factum
238 2418 417 2456 nostrum,
443 2414 540 2448 mein
565 2425 701 2459 ganzes
726 2416 960 2457 Benehmen;
994 2425 1126 2459 nempe
1146 2416 1245 2458 quod
1272 2415 1307 2449 in
1333 2427 1538 2459 congressu

77 2472 159 2496 cum
177 2461 338 2495 Caesare
363 2467 575 2495 constanter
597 2462 752 2496 Romam
779 2461 909 2494 venire
934 2462 1185 2503 recusaverit,
1211 2461 1282 2494 nisi
1308 2461 1429 2495 libere
1454 2472 1541 2495 sen-

81 2507 230 2541 tentiam
257 2506 293 2540 in
320 2513 448 2541 senatu
473 2506 599 2541 dicere
624 2514 762 2552 posset.
790 2508 897 2542 SCH.
938 2506 976 2541 S.
1004 2508 1125 2551 vorig.
1152 2508 1215 2540 ΒΓ.
1243 2508 1319 2549 ξ.4.
1345 2527 1390 2534 —
1427 2507 1536 2541 Sexto

80 2553 302 2595 Peducaeo,
335 2551 408 2585 wie
434 2564 494 2597 ep.
512 2553 713 2596 CCCLIV,
739 2555 774 2589 6.
810 2554 1095 2596 CCCXLVIII,
1120 2554 1141 2586 2
1166 2564 1202 2585 u.
1225 2563 1254 2587 S.
1274 2554 1295 2587 s.
1322 2571 1364 2580 ——
1403 2555 1538 2597 patris,

82 2599 146 2644 qui
171 2599 242 2634 iam
267 2603 421 2633 mortem
448 2599 606 2634 obierat.
654 2601 743 2635 Vid.
771 2600 817 2634 ad
841 2600 1004 2634 Atticum
1031 2602 1063 2633 1.
1090 2610 1147 2643 ep.
1170 2599 1248 2642 lv,
1280 2611 1338 2645 ep.
1365 2599 1434 2634 IX.
1464 2600 1539 2634 hui.

84 2645 274 2680 editionis.
301 2663 344 2670 —-
387 2646 487 2690 plur.
514 2646 646 2689 tribui,
681 2647 748 2680 der
774 2647 862 2681 sehr
886 2647 984 2680 hoch
1009 2645 1047 2679 in
1072 2645 1213 2679 meiner
1230 2646 1405 2689 Achmng
1421 2647 1541 2683 stand.

87 2711 128 2718 --
160 2692 281 2728 Nonis
304 2690 405 2733 illis,
438 2692 517 2726 illis
541 2693 650 2739 Dec„
690 2702 760 2738 „an
792 2693 913 2727 ienem
938 2692 999 2736 5.,
1031 2691 1112 2726 dem
1145 2691 1178 2726 5.
1199 2691 1293 2726 Dec.
1326 2692 1422 2727 mein
1449 2692 1544 2729 ich?
