1795 3043
193 60 261 112 78
453 55 519 102 M.
556 55 612 100 T.
650 52 992 102 CICERONIS
1026 55 1405 105 EPISTOLAE.

194 168 411 223 temporis.
467 166 601 208 Nobis
630 167 758 219 enim,
791 168 872 209 hac
888 167 1135 210 infirmitate
1164 170 1393 218 exercitus,
1423 169 1570 223 inopia
1597 183 1662 214 so-

196 229 382 280 ciorum,
428 225 679 277 praesertim
731 224 946 277 fidelium,
984 227 1271 268 certissimum
1315 226 1550 269 subsidium
1596 231 1660 270 est:

194 287 341 328 hiems.
398 285 463 324 Ea
502 282 538 323 si
572 283 739 323 venerit
777 295 857 324 nec
893 283 962 323 illi
1000 287 1099 324 ante
1140 286 1186 325 in
1223 298 1361 325 meam
1398 286 1661 338 provinciam

195 342 466 393 transierint,
504 352 634 379 unum
673 352 846 390 vereor,
886 353 942 380 ne
984 343 1152 382 senatus
1189 345 1367 394 propter
1395 343 1658 384 urbanarum

193 413 336 443 rerum
367 400 523 438 metum
553 398 802 450 Pompeium
830 398 941 437 nolIt
971 398 1198 441 dimittere.
1259 399 1417 447 Quodsi
1445 401 1576 441 alium
1605 400 1659 441 ad

193 472 271 500 ver
299 457 444 504 mittit,
475 468 561 496 non
590 455 759 496 laboro:
797 454 921 496 nobis
950 456 1076 496 modo
1116 458 1317 510 temporis
1346 470 1400 497 ne
1431 458 1533 509 quid
1562 470 1659 510 pro-

142 519 171 559 2
192 517 381 570 rogetur.
441 514 560 554 Haec
588 513 738 564 igitur,
767 512 802 552 si
833 513 991 552 Romae
1022 525 1085 554 es:
1125 515 1191 554 sin
1232 514 1331 555 abes
1360 516 1433 554 aut
1463 516 1591 555 etiam
1620 515 1660 556 si

193 575 317 620 ades,
347 573 454 612 haec
484 571 653 622 negotia
683 570 744 610 sic
774 582 818 609 se
848 570 1030 610 habent:
1077 572 1233 611 stamus
1263 572 1415 612 animis
1448 573 1510 621 et,
1555 572 1659 624 quia

192 631 398 677 consiliis,
429 629 476 669 ut
504 627 724 674 videmur,
757 626 879 667 bonis
907 627 1078 675 utimur,
1110 641 1326 680 speramus
1356 629 1484 670 etiam
1513 641 1658 669 manu.

181 691 301 731 'Tuto
333 685 612 732 consedimus,
646 684 818 736 copioso
848 698 873 723 a
902 685 1130 733 frumento,
1165 686 1359 726 Ciliciam
1388 699 1525 739 prope
1555 699 1658 728 con-

191 746 412 799 spiciente,
445 742 640 795 expedito
662 742 714 781 ad
734 741 994 790 mutandum,
1026 743 1143 792 loco3
1173 755 1306 796 parvo
1329 745 1534 793 exercitu,
1568 742 1656 793 sed,

192 806 240 844 ut
282 814 426 856 spere,
468 800 521 840 ad
552 799 893 839 benevolentiam
933 812 1034 852 erga
1062 812 1138 839 nos
1170 802 1488 841 consentiente:
1529 813 1656 853 quem

191 874 269 902 nos
299 859 491 900 Deiotari
521 857 703 897 adventu
734 869 831 896 cum
871 856 956 896 suis
994 856 1189 897 omnibus
1220 858 1356 909 copiis
1394 858 1657 910 duplicaturi

192 929 383 959 eramus:
425 915 552 955 sociis
589 915 723 953 multo
757 913 1021 953 fidelioribus
1050 915 1236 963 utimur,
1280 927 1405 965 quam
1435 916 1657 967 quisquam

191 989 291 1016 usus
321 974 453 1014 esset:
485 972 638 1023 quibus
667 971 932 1010 incredibilis
961 971 1132 1011 videtur
1152 973 1194 1012 et
1214 974 1358 1012 nostra
1379 972 1657 1013 mansuetudo

192 1035 236 1074 et
265 1031 535 1073 abstinentia.
595 1030 797 1069 Delectus
827 1028 1011 1068 habetur
1039 1029 1197 1069 civium
1227 1029 1532 1070 Romanorum:
1570 1031 1656 1070 fru-

191 1092 379 1132 mentum
409 1101 461 1128 ex
501 1086 612 1140 agris
641 1086 685 1126 in
728 1087 826 1126 loca
854 1087 947 1125 tuta
978 1087 1282 1138 comportatur.
1343 1088 1389 1127 Si
1428 1087 1559 1127 fuerit
1588 1099 1658 1128 oc-

139 1150 167 1190 3
192 1149 326 1195 casio,
360 1158 508 1194 manu3
538 1145 603 1184 sin
633 1144 786 1195 minus,
816 1142 923 1183 locis
951 1155 1029 1182 nos
1059 1143 1344 1184 defendemus.
1387 1145 1525 1193 Quare
1544 1144 1657 1184 bono

190 1207 329 1247 animo
362 1217 420 1244 eS.
480 1201 611 1241 Video
642 1201 755 1240 enim
786 1202 827 1240 te
857 1201 914 1247 et,
945 1201 1066 1250 quasi
1097 1213 1243 1241 coram
1274 1201 1397 1249 adsis,
1430 1202 1489 1241 ita
1521 1212 1653 1242 cerno

190 1259 457 1311 συμπάθειαν
486 1260 639 1299 amoris
668 1259 743 1297 tui.
804 1257 888 1297 Sed
918 1258 960 1295 te
990 1269 1106 1310 rogo,
1138 1279 1197 1288 -—
1225 1259 1262 1298 si
1291 1259 1381 1298 ullo
1400 1259 1527 1311 pacto
1557 1257 1655 1299 fieri

189 1320 349 1374 poterit
376 1340 437 1347 ——-
465 1317 502 1357 si
531 1316 697 1368 integra
736 1314 781 1354 in
811 1315 960 1354 senatu
1000 1316 1144 1356 nostra
1182 1328 1311 1356 causa
1349 1315 1403 1355 ad
1431 1316 1530 1357 Kal.
1560 1316 1653 1358 Ian.

189 1448 287 1481 inter
311 1455 417 1478 caesa
441 1446 474 1475 et
494 1444 667 1486 porrecta
694 1439 746 1483 (in
774 1438 857 1483 ipso
882 1438 1043 1472 articulo
1063 1437 1250 1472 discessus
1275 1438 1363 1481 mei)
1388 1450 1435 1472 =
1458 1450 1569 1474 wenn
1594 1439 1656 1474 ich

187 1494 287 1528 mich
308 1492 441 1525 dessen
467 1500 523 1522 arn
548 1487 772 1529 VVenigsten
799 1486 967 1519 versehe.
1017 1485 1172 1528 Sumpta
1196 1485 1441 1518 similitudine
1466 1497 1487 1519 a
1512 1486 1655 1520 sacrifi-

187 1541 279 1583 ciis,
311 1548 423 1581 quum
450 1535 547 1568 inter
573 1544 680 1567 caesa
705 1539 792 1566 exta
825 1538 861 1564 et
894 1537 1071 1575 porrecta
1094 1531 1238 1564 sinistri
1264 1531 1355 1573 qnid
1380 1532 1580 1576 accideret,
1605 1543 1656 1567 ne

187 1587 291 1622 litari
316 1590 455 1629 posset.
482 1582 698 1617 Verebatur
725 1579 874 1620 Cicero,
900 1588 958 1620 ne,
986 1588 1058 1620 quo
1086 1582 1254 1622 tempore
1280 1578 1514 1613 discessurus
1540 1585 1652 1624 esset,

187 1632 370 1668 eiusmodi
397 1629 487 1673 quid
512 1627 712 1668 accideret,
739 1636 784 1658 ne
809 1630 937 1668 posset
951 1623 1156 1657 discedere.
1180 1624 1475 1659 MANUTJUS.
1501 1644 1547 1651 ——
1568 1626 1654 1659 sub-

186 1681 338 1716 sidium,
363 1675 561 1711 Riickhalt.
589 1692 634 1698 -
659 1683 723 1705 nec
748 1670 1035 1711 illi,Pa1·1lii.—-
1061 1670 1109 1703 ad
1128 1681 1199 1712 cer,
1225 1682 1347 1714 gegen
1367 1671 1437 1704 den
1454 1672 1650 1716 Fruhling.

187 1728 281 1762 Ueb·
307 1726 432 1767 Pomp·
460 1722 534 1765 vgl·
562 1732 618 1763 ep,
646 1719 834 1755 CCXXV,
860 1717 893 1750 2.
920 1736 962 1740 —
989 1727 1060 1749 non
1084 1717 1224 1756 laboro,
1251 1728 1292 1750 so
1318 1717 1401 1751 hab'
1427 1717 1488 1751 ich
1511 1718 1647 1754 Nichts

186 1774 423 1819 dagegen.—-
443 1768 616 1812 temporis
641 1765 860 1809 provinciae
892 1763 1216 1796 administrandae.

279 1821 310 1854 2.
360 1818 497 1851 Romae
524 1826 559 1847 es
583 1825 631 1846 Ξ
654 1823 691 1844 es
720 1812 858 1844 Romae
882 1810 958 1844 Md.
999 1810 1070 1843 OR.
1099 1828 1144 1834 —-
1177 1808 1264 1843 haec
1289 1819 1369 1851 neg.
1395 1809 1458 1844 sic.
1487 1820 1525 1843 se
1549 1809 1648 1854 hab„

186 1878 257 1912 „so
284 1866 413 1900 stehcn
440 1863 502 1896 die
528 1859 713 1895 Sachen.“
760 1858 879 1891 Diese
904 1857 1040 1890 Worte
1072 1855 1254 1889 beziehen
1278 1856 1358 1889 sich
1383 1856 1448 1889 auf
1470 1856 1534 1890 das
1558 1857 1648 1890 Fol-

186 1914 321 1959 gende.
356 1931 400 1936 —
424 1914 530 1942 stam.
558 1918 637 1947 an„
674 1905 733 1937 ich
760 1904 824 1937 bin
850 1903 928 1936 voll
953 1909 1060 1946 gutes
1085 1902 1245 1936 Muthes.
1271 1921 1316 1926 --
1351 1903 1518 1936 consiliis
1543 1904 1648 1937 bonis

187 1962 264 1999 uti,
302 1959 363 1993 die
388 1957 543 1991 rechten
583 1951 816 1995 Massi-egeln
853 1949 1053 1993 ergreifen.
1088 1968 1131 1972 —
1164 1960 1257 1991 sper.
1294 1948 1405 1981 etiam
1434 1961 1545 1983 manu
1578 1960 1648 1984 nos

187 2014 300 2049 stare,
334 2016 374 2039 so
402 2003 500 2036 hoffe
534 2000 617 2042 ich,
644 1998 727 2031 dass
754 1998 834 2039 ich,
872 1996 1041 2030 komn1t⁷s
1066 2005 1150 2028 zum
1176 1995 1345 2037 Treffen‚
1378 1996 1472 2028 auch
1498 1996 1645 2030 meinen

185 2055 299 2089 Manu
335 2051 465 2085 stelien
498 2047 616 2080 oder
649 2045 715 2078 mit
746 2044 873 2077 Ehren
911 2042 1091 2076 bestehen
1128 2041 1268 2075 werde.
1296 2060 1338 2065 —
1375 2043 1540 2084 caused„
1572 2043 1647 2077 wir

186 2101 308 2135 haben
350 2108 417 2131 uns
459 2099 625 2139 gesetzt‚
666 2091 848 2134 gelagert.
881 2108 926 2113 —
965 2089 1111 2131 copioso
1149 2099 1171 2120 α
1213 2089 1415 2129 frumento,
1461 2089 1567 2121 reich
1606 2089 1645 2123 in

186 2146 361 2182 Hinsicht
385 2144 453 2176 der
477 2138 747 2175 Lebensmittel
774 2137 866 2170 oder
892 2147 936 2168 an
948 2133 1254 2169 Lebensmitteln.
1303 2135 1429 2168 Ueber
1455 2145 1477 2167 α
1500 2146 1547 2167 =
1571 2145 1646 2169 von

187 2195 316 2230 Sciten
344 2202 373 2225 s.
400 2188 551 2223 Ramsh.
579 2187 606 2228 §.
634 2186 713 2227 151),
740 2186 774 2226 1,
801 2184 835 2218 d.
862 2182 966 2215 omis.
993 2193 1015 2215 α
1042 2183 1163 2215 Oxou.
1190 2181 1221 2214 2.
1248 2181 1333 2215 Asc.
1361 2182 1459 2215 Crat.
1486 2179 1584 2215 Vict.
1612 2183 1644 2216 1.

187 2262 228 2268 -.
258 2239 494 2273 Ciliciam...
527 2232 708 2276 conspic.‚
741 2241 813 2263 von
839 2240 900 2262 wo
927 2229 987 2261 ich
1013 2227 1172 2262 Cilicien
1209 2227 1302 2260 nahe
1327 2238 1396 2260 vor
1421 2226 1492 2260 mir
1518 2227 1646 2271 liegen

186 2288 289 2323 sebe.
316 2282 536 2327 conspicere
561 2290 607 2311 z
632 2283 813 2323 spectare,
841 2275 969 2309 wohin
995 2274 1192 2317 zuliegen,
1219 2273 1405 2317 gerichtet
1432 2273 1523 2307 sein.
1552 2274 1642 2317 Vgl.

185 2332 341 2369 Verrin.
378 2331 426 2373 V,
454 2329 508 2363 66.
545 2326 649 2359 Caes.
676 2325 719 2358 B.
748 2324 792 2357 G.
820 2324 852 2364 1,
881 2324 910 2356 1.
940 2321 1015 2354 das.
1044 2319 1227 2354 Moebius.
1261 2320 1344 2354 Liv.
1371 2319 1560 2364 XXVIII,
1586 2322 1643 2355 17.

184 2377 386 2419 XXXffl,
432 2377 484 2408 17.
520 2372 620 2407 Plin.
655 2371 698 2404 H.
733 2370 777 2404 N.
816 2369 891 2411 IV,
924 2368 979 2402 22.
1018 2367 1183 2410 expedito
1218 2367 1266 2399 ced
1306 2371 1416 2409 mut.⁷
1459 2377 1521 2399 wo
1558 2377 1644 2400 man

184 2428 280 2460 nach
305 2420 567 2458 Ersorderniss
592 2417 709 2451 leicht
740 2416 823 2449 eine
848 2414 986 2447 andere
1012 2413 1184 2455 Stellung
1210 2413 1367 2446 nehmen
1391 2413 1500 2446 kann.
1526 2431 1569 2438 —
1595 2413 1646 2446 ad

185 2475 332 2507 benev...
359 2472 531 2508 consent„
557 2463 782 2506 einstimmig
807 2462 884 2495 voll
917 2467 1030 2504 guten
1055 2459 1216 2493 VVillens
1242 2470 1362 2502 gegen
1387 2458 1486 2492 mich
1510 2478 1551 2483 —
1577 2459 1645 2492 du-

211 2522 272 2554 lic.
301 2524 340 2552 ut
364 2521 488 2550 essent
513 2512 660 2545 omnino
688 2516 862 2553 quattuor
886 2507 1077 2550 legiones;
1104 2505 1195 2539 duas
1220 2506 1317 2539 enim
1343 2505 1475 2540 Cicero
1500 2504 1640 2539 habuit.

186 2568 275 2604 Vid.
303 2577 360 2609 ep.
387 2564 465 2597 207.
491 2557 698 2594 MANUT.
727 2576 770 2581 —-
795 2565 880 2587 usus
905 2558 1004 2587 esset.
1033 2552 1098 2587 Cd.
1125 2552 1261 2586 Fam-ni
1287 2555 1350 2586 est.
1387 2551 1463 2586 Sed
1488 2551 1559 2584 hoc
1584 2551 1643 2585 di·-

187 2614 254 2647 cit:
283 2622 417 2655 „quam
444 2608 637 2650 qni—quam
664 2602 758 2636 alius
782 2602 938 2635 Procos.
965 2600 1085 2633 minus
1112 2610 1220 2641 quam
1244 2609 1313 2631 nos
1339 2597 1527 2631 abstinens
1553 2607 1642 2631 usus

188 2660 326 2694 esset.“
355 2654 553 2690 ORELLI.
580 2671 624 2677 —
649 2650 751 2692 locis,
779 2648 925 2681 durch⁷s
951 2646 1108 2686 Locale,
1145 2645 1263 2678 durch
1288 2651 1377 2688 gnte
1403 2643 1640 2687 Stellungen.

279 2708 312 2739 3.
360 2707 393 2735 et
419 2701 590 2744 quidem,
622 2697 736 2742 quasi.
772 2715 814 2719 -—
849 2692 1064 2737 συμπάθ.,
1107 2691 1170 2725 die
1212 2690 1458 2725 Theilnahme
1495 2690 1642 2723 Deiner

187 2752 307 2789 Liebe
331 2759 453 2793 gegen
477 2746 574 2781 mich
600 2744 634 2779 d.
661 2744 684 2778 i.
711 2741 785 2777 wie
811 2737 1089 2776 theilnehmend
1113 2738 1189 2772 und
1214 2738 1368 2782 besorgt
1391 2735 1492 2772 Dich
1515 2736 1643 2771 Deine
