1795 3043
491 68 809 117 EPISTOLA
845 67 1024 115 CCXL.
1061 67 1262 115 CCXLI.
1517 74 1618 125 157

148 184 271 233 dere,
319 196 375 224 ne
410 183 483 224 aut
522 183 614 235 ipse
652 183 751 222 tuae
785 181 1017 234 perpetuae
1052 179 1373 222 consuetudinis
1412 193 1511 236 erga
1549 195 1618 224 me

146 241 305 281 oblitus
341 253 432 281 0550
465 239 613 281 videar
653 240 726 279 aut
766 239 809 277 te
847 237 1028 278 oblitum
1064 240 1221 290 putem.
1295 240 1458 291 Quare,
1497 241 1544 280 ut
1572 242 1616 281 te
1639 250 1668 290 3

147 300 261 339 velle
289 298 488 345 arbitror,
518 297 580 336 ita.
607 296 783 336 faciam:
815 295 939 346 atque
970 294 1023 334 ab
1055 307 1120 347 eo,
1150 307 1275 348 quem
1303 308 1446 336 omnes
1470 298 1618 349 gentes

148 356 291 396 sciunt
321 355 373 395 de
404 366 471 394 me
500 353 658 406 optime
686 352 896 403 meritum,
925 350 1110 392 breviter
1138 355 1296 404 petam.
1336 353 1383 394 Si
1412 354 1488 394 alii
1518 366 1617 395 con-

148 414 262 452 sules
293 413 456 459 essent,
496 410 550 451 ad
586 411 629 449 te
665 410 951 462 potissimum,
983 409 1156 458 Paulle,
1198 411 1435 459 mitterem,
1468 412 1516 451 ut
1544 424 1617 452 eos

148 471 256 509 mihi
285 481 411 521 quam
439 466 713 508 amicissimos
742 465 954 507 redderes.
1004 465 1153 514 Nunc,
1192 479 1322 518 quum
1351 469 1424 508 tua
1452 480 1617 510 summa.

147 527 333 579 potestas
360 535 601 575 summaque
640 523 875 564 auctoritas
910 524 1096 574 notaque
1133 524 1326 564 omnibus
1362 527 1507 566 nostra
1544 538 1618 567 ne-

149 583 360 624 cessitudo
388 583 456 634 sit,
484 582 756 622 vehementer
783 582 825 620 te
853 592 969 632 rogo,
1000 582 1108 620 utet
1135 592 1260 632 quam
1279 582 1617 624 honorificentis-

148 641 256 680 sime
295 652 416 680 cures
456 638 767 678 decernendum
796 637 848 677 de
877 638 982 677 meis
1011 636 1138 677 rebus
1168 638 1294 690 gestis
1325 640 1367 678 et
1396 651 1521 691 quam
1550 653 1617 681 ce-

149 698 334 739 lerrime.
391 696 551 748 11131135
591 707 659 735 res
690 707 780 735 esse
809 695 971 734 honore
1002 695 1044 734 et
1073 696 1357 747 gratulatione
1388 708 1616 749 cognosces

150 767 203 795 ex
243 754 295 794 iis
334 753 495 801 literis,
534 765 638 804 quas
674 752 728 792 ad
765 753 808 791 te
838 753 880 792 et
911 753 1118 804 collegam
1148 754 1191 792 et
1220 755 1412 793 senatum
1441 755 1616 806 publice

148 811 266 851 misit
307 810 576 860 omniumque
621 821 811 849 mearum
855 809 1118 860 reliquarum
1168 821 1311 850 rerum
1352 812 1617 863 maximeque

148 867 471 907 existimationis
500 879 618 907 meae
648 867 993 919 procurationem
1022 868 1259 918 susceptam
1287 867 1415 908 velim
1444 869 1616 912 habeas.

148 925 198 964 In
226 925 457 977 primisque
485 923 567 963 tibi
597 935 724 964 curae
753 924 830 972 sit,
876 922 989 975 quod
1018 922 1092 963 abs
1121 924 1164 962 te
1194 924 1484 976 superioribus
1514 938 1617 978 quo-

148 994 231 1033 que
259 982 394 1022 literis
434 981 591 1033 petivi,
629 993 684 1020 ne
718 980 824 1020 mihi
860 981 1025 1032 tempus
1064 982 1331 1032 prorogetur.
1402 982 1536 1035 Cupio
1572 984 1616 1023 te

148 1040 365 1079 consulem
393 1038 538 1079 videre
568 1038 813 1090 omniaque,
851 1052 959 1091 quae
989 1049 1134 1090 spero,
1170 1050 1300 1089 quum
1327 1037 1492 1090 absens,
1523 1042 1615 1082 tum

148 1097 277 1137 etiam
304 1108 505 1148 praesens
534 1097 576 1135 te
606 1096 781 1136 consule
811 1095 992 1146 assequi.

343 1245 657 1291 EPISTOLA
693 1246 894 1292 CCXLI.
931 1245 1016 1305 (ad
1045 1245 1152 1292 Div.
1182 1246 1279 1292 XV.
1302 1248 1405 1307 14.)

313 1331 394 1367 Ser.
423 1332 459 1366 111
486 1332 623 1367 Cilicia
646 1342 773 1367 mense
798 1333 877 1368 Ian.
903 1334 949 1367 A.
976 1333 1023 1368 U.
1050 1334 1090 1368 C.
1119 1334 1196 1368 704.
1223 1334 1274 1378 (3.
1303 1335 1343 1369 C.
1370 1336 1445 1378 50.)

146 1401 345 1434 Facturum
371 1411 411 1434 se
435 1400 542 1435 Fabii
568 1412 690 1443 causa,
719 1411 815 1444 quae
839 1407 1040 1445 rogaverat
1062 1402 1225 1445 Cassius,
1254 1404 1477 1448 pollicetur3
1503 1417 1615 1449 quem

147 1447 250 1481 dolet
276 1457 348 1479 11011
372 1447 514 1481 vidisse
538 1447 585 1481 ad
610 1449 739 1482 urbem
765 1459 785 1481 e
808 1448 1002 1491 provincia
1027 1448 1254 1483 redeuntem.
1282 1451 1401 1484 1—4.
1435 1452 1615 1497 Denique

272 1500 399 1538 rogat,
431 1499 471 1527 ut
495 1504 646 1538 operam
672 1494 757 1536 det,
791 1504 838 1527 ne
863 1493 937 1527 sibi
964 1495 1143 1539 temporis
1169 1495 1313 1539 aliquid
1337 1497 1490 1532 accedat

571 1540 618 1573 ad
643 1550 777 1574 annum
802 1539 1031 1584 provinciae.
1056 1541 1184 1575 5-6,

376 1607 428 1642 M.
454 1607 640 1642 CICERO
671 1609 778 1643 IMP.
805 1606 846 1642 S.
872 1607 921 1642 D.
949 1608 988 1642 C.
1016 1608 1197 1644 CASSIO
1221 1610 1377 1647 PROQ.

255 1677 313 1719 M.
325 1677 503 1718 Fabium
533 1678 646 1729 quod
675 1678 781 1718 mihi
810 1679 994 1719 amicum
1022 1681 1097 1720 tua
1126 1682 1491 1723 commendatione
1521 1683 1610 1733 das,

144 1798 198 1842 tig
222 1797 259 1831 in
282 1798 383 1832 Dich
407 1809 453 1832 zu
479 1798 706 1842 dringen.-—
738 1803 820 1833 tuae
846 1825 854 1834 .
873 1826 881 1834 .
898 1827 905 1834 .
933 1805 1111 1844 consuet„
1137 1800 1212 1835 wie
1228 1802 1292 1835 Du
1319 1807 1410 1836 stets
1436 1803 1613 1838 bemuhet

144 1856 320 1889 gewesen
346 1845 438 1879 seist
461 1845 557 1878 mich
582 1846 656 1879 Dir
680 1856 726 1879 zu
752 1846 972 1882 verbindeu.
991 1866 1034 1871 --
1066 1852 1189 1890 putem
1211 1859 1257 1881 τ..
1281 1854 1414 1892 putare
1439 1849 1578 1886 videar.

233 1893 267 1925 3.
302 1892 458 1924 breviter
477 1896 568 1935 pet„
594 1892 660 1925 mit
684 1891 818 1926 keiner
841 1893 1099 1937 weitlaufigen
1115 1894 1215 1927 Bitte
1240 1895 1516 1929 beschwerlich
1540 1897 1612 1930 sal-

143 1937 216 1971 len.
236 1955 281 1961 —
318 1948 424 1980 quum
448 1942 510 1971 tua
534 1938 583 1972 sit
607 1943 677 1972 cet.
712 1938 758 1972 da
783 1938 845 1972 die
869 1940 1026 1974 hochste
1048 1940 1217 1983 Gewalt,
1254 1941 1318 1974 das
1345 1941 1543 1986 consulat,
1571 1943 1611 1977 in

144 1983 293 2016 Deinen
309 1983 462 2017 Handen
489 1984 549 2018 ist.
565 2002 610 2009 -—
634 1986 677 2017 de
701 1985 792 2018 meis
815 1986 887 2020 reb.
903 1996 963 2028 g.‚
990 1996 1035 2019 an
1061 1986 1196 2029 dignae
1222 1986 1298 2020 sint
1322 1988 1611 2032 supplicationis

142 2029 296 2064 honore.
318 2049 359 2053 —
391 2030 552 2073 gratul„
585 2037 623 2063 ut
648 2031 850 2073 gratulatio
875 2032 940 2065 fiat
965 2032 1037 2066 diis
1062 2032 1334 2067 immortalibus
1359 2035 1408 2067 ob
1433 2046 1493 2068 res
1519 2047 1610 2080 pro-

144 2086 253 2120 spere
283 2081 419 2120 gestas.
473 2076 683 2110 MANUT.
721 2078 1043 2122 „Danksagung.”
1065 2098 1112 2106 --
1155 2084 1307 2123 suscepi.
1340 2081 1408 2114 vel.
1442 2080 1523 2115 hab.
1568 2082 1607 2118 S.

143 2122 292 2156 Ramsh.
318 2123 346 2165 §.
369 2124 447 2166 171,
468 2123 523 2167 11,
543 2124 589 2166 A,
608 2124 640 2157 2.
676 2123 823 2158 Grotef.
849 2125 876 2168 §.
894 2126 975 2160 324.
992 2144 1038 2150 —-
1082 2129 1236 2169 tempus,
1270 2126 1331 2160 die
1358 2126 1441 2160 Zeit
1466 2128 1608 2163 1110111οΒ

142 2168 417 2203 Proconsulats.
440 2187 484 2194 ——
529 2172 562 2201 te
592 2171 773 2203 consulem
803 2170 899 2213 vid„
939 2171 1039 2205 Dich
1072 2172 1128 2205 als
1160 2173 1299 2206 Consul
1333 2183 1378 2206 zu
1409 2174 1535 2208 seben.
1562 2193 1607 2201 —-

144 2225 233 2258 quae
256 2226 326 2248 vor
349 2226 467 2259 spero.
516 2216 578 2249 Ex
603 2216 756 2259 antiquo
783 2218 906 2261 suppl.
932 2218 1012 2252 Erf.
1039 2218 1159 2262 Neap.
1185 2224 1256 2252 001.
1306 2219 1506 2255 ORELLI.

235 2271 421 2305 CASSIO.
470 2272 609 2306 Dieser
633 2274 674 2307 C.
701 2274 873 2317 Cassius,
907 2274 968 2307 ein
995 2275 1098 2309 Sohn
1130 2274 1196 2309 des
1231 2276 1271 2310 C.
1295 2276 1466 2321 Cassius,
1497 2283 1606 2312 unter

143 2315 277 2350 dessen
292 2318 493 2352 Consulate
509 2319 652 2354 verres
672 2320 832 2354 Praetor
857 2320 893 2354 in
916 2320 1073 2355 Sicilien
1098 2322 1303 2365 geworden
1329 2334 1408 2356 war
1434 2325 1478 2366 (s.
1494 2325 1605 2360 Verr.

143 2361 283 2404 111‚64.
309 2364 439 2398 Manil.
459 2365 577 2408 023),
602 2366 701 2399 hatte
725 2368 822 2400 zwei
841 2367 1010 2410 Brssder,
1035 2368 1107 2401 den
1131 2368 1174 2402 L.
1201 2368 1352 2403 Cassius
1379 2372 1422 2413 (s.
1435 2370 1605 2415 Philipp.

146 2409 224 2450 111,
245 2410 278 2443 9.
313 2410 358 2442 ad
384 2410 495 2444 Attio.
515 2412 624 2454 XIV,
644 2413 693 2454 2.)
725 2424 758 2447 u.
786 2414 857 2447 den
885 2414 928 2449 Q.
947 2414 1097 2447 Cassius
1130 2416 1173 2457 (s.
1199 2414 1245 2447 ad
1270 2415 1384 2448 Amic.
1406 2416 1474 2459 VI,
1495 2418 1528 2451 6.
1557 2417 1605 2451 ad

143 2454 292 2489 Divers.
313 2456 426 2499 XVI,
444 2458 497 2490 ll.
529 2458 698 2502 Philipp.
717 2460 789 2502 111,
809 2462 864 2493 10.
898 2461 1036 2494 Caesar
1059 2461 1104 2494 B.
1125 2461 1168 2494 G.
1190 2461 1251 2502 1.).
1300 2462 1355 2496 Er
1380 2463 1498 2496 selbst
1523 2474 1605 2497 war

142 2500 208 2534 mit
233 2502 387 2535 Crassus
418 2503 472 2536 als
498 2503 682 2538 Quaestor
707 2506 799 2539 nach
825 2505 963 2552 Syrien
989 2517 1201 2550 gegangen,
1233 2518 1311 2541 was
1336 2518 1377 2541 er
1402 2509 1494 2542 nach
1520 2510 1604 2543 dem

142 2546 249 2580 Tode
287 2548 353 2580 der
389 2548 524 2581 beiden
560 2551 685 2584 Crassi
721 2563 843 2595 gegen
880 2552 942 2586 dic
979 2554 1139 2587 Parther
1174 2553 1427 2597 vertheidigte
1465 2556 1510 2597 (s.
1542 2567 1600 2601 ep.

141 2592 349 2629 CCXXVI.
375 2594 541 2638 Philipp.
567 2596 637 2638 XI,
660 2598 714 2630 14.
740 2598 817 2631 Dio
839 2599 959 2642 XL.),
986 2599 1044 2633 bis
1070 2610 1111 2633 er
1136 2599 1219 2632 dem
1245 2610 1364 2632 neuen
1390 2601 1602 2636 Proconsul

140 2637 297 2673 Bibulus
323 2639 383 2673 die
409 2641 572 2674 Provinz
597 2641 734 2686 Syrien
768 2644 1019 2689 einhandigte.
1056 2645 1093 2680 S.
1120 2646 1202 2678 Liv.
1231 2645 1330 2688 Epit.
1348 2647 1425 2680 108.
1458 2658 1492 2680 u.
1520 2648 1603 2682 hier

141 2695 198 2728 cp.
218 2687 434 2726 CCXXVL
461 2687 715 2731 CCXXVIII,
740 2690 939 2734 CCXXV‚
966 2691 1068 2726 CCL.
1117 2692 1221 2726 Nach
1247 2691 1371 2725 seiner
1395 2692 1602 2729 Riickkehr

139 2732 269 2766 wurde
293 2743 336 2767 er
354 2733 608 2770 Volkstribuu
634 2734 707 2768 und
731 2737 865 2781 schlug
888 2737 969 2772 sich
994 2737 1093 2773 beim
1110 2738 1332 2772 Ausbruche
1353 2738 1602 2785 (10511111ἕο1-
