1795 3043
490 66 803 115 EPISTOLA
842 67 1022 116 CCLII.
1399 76 1500 124 203

40 176 205 233 posuit,
245 177 626 221 animadvertissem
672 179 715 220 in
757 180 1001 232 Serapionis
1041 180 1351 234 subscriptIone
1387 182 1502 224 Afri-

42 237 139 277 cani
166 235 413 290 imaginem,
443 239 626 278 erratum
655 237 809 277 fabrile
838 238 997 289 putavi,
1025 251 1137 279 nunc
1167 239 1289 279 video
1319 239 1499 282 Metelli.

43 293 102 334 ΟΕ
143 291 430 342 ἀνιστορησίαν
458 295 647 345 turpem!
705 293 812 334 Nam
840 294 947 334 illud
976 295 1027 334 de
1047 295 1194 335 Flavio
1225 298 1266 336 et
1293 297 1432 349 fastis,
1462 298 1499 338 si
1524 301 1579 341 18

43 362 165 391 secus
203 353 286 403 est,
323 363 540 391 commune
579 352 764 391 erratum
800 353 886 400 est;
927 352 969 390 et
1009 353 1054 391 tu
1084 352 1195 392 belle
1225 350 1429 402 ἦπόρησας
1458 356 1500 395 et

44 419 120 447 nos
159 408 376 460 publicam
419 419 551 460 prope
596 408 836 459 opinionem
881 408 1016 448 secuti
1057 421 1217 461 sumus,
1275 412 1321 450 ut
1368 412 1502 452 multa

45 463 158 516 apud
189 466 386 506 Graecos.
446 464 549 511 Quis
579 465 690 504 enim
720 477 804 504 non
835 463 964 512 dixit,
1006 462 1203 515 Εὔπολιν,
1233 465 1304 504 τόν
1331 469 1403 517 τῆς
1432 465 1501 516 ἅρ-

43 521 184 571 χαιάς,
215 522 268 562 ab
297 520 518 562 Alcibiade
548 522 772 573 navigante
807 522 851 561 in
882 521 1070 562 Siciliam
1099 522 1306 563 deiectum
1336 538 1425 565 esse
1455 527 1501 565 in

45 581 188 619 mare?
232 578 459 631 Redarguit
488 579 808 618 Eratosthenes:
848 576 969 618 affert
1000 579 1130 629 enim,
1168 591 1272 630 quas
1300 581 1376 620 ille
1406 584 1502 634 post

44 635 90 675 id
129 637 289 688 tempus
328 635 492 675 fabulas
529 634 734 676 docuerit.
802 634 913 675 Num
953 635 1114 676 idcirco
1153 636 1284 676 Duris
1325 639 1503 691 Samius,

44 693 170 732 homo
200 693 243 731 in
272 692 451 732 historia
480 691 677 744 diligens,
707 691 819 744 quod
849 704 946 732 cum
974 693 1119 733 multis
1147 694 1324 746 erravit,
1354 695 1504 735 irride-

44 749 141 791 tur?
173 749 270 797 Quis
294 749 520 790 Zaleucum
550 750 663 801 leges
683 748 829 799 Locris
859 750 1076 802 scripsisse
1103 762 1188 791 non
1218 747 1356 792 di'xit?
1393 751 1505 792 Num

44 805 176 857 igitur
205 806 315 846 iacet
343 805 681 858 Theophrastus,
718 806 754 846 si
791 806 835 846 id
872 820 898 847 a
935 808 1131 855 Timaeo,
1176 809 1248 847 tuo
1283 808 1501 856 familiari,

45 863 350 914 reprehensum
386 863 475 904 est?
540 863 622 903 Sed
664 863 828 903 nescire
874 876 1077 915 proavum
1119 877 1240 903 suum
1287 877 1505 906 censorem

46 932 130 960 non
159 919 288 959 fuisse
318 922 443 972 turpe
474 922 555 969 est3
596 921 845 972 praesertim
883 933 1010 971 quum
1039 922 1133 972 post
1164 934 1259 961 eum
1288 925 1505 963 consulem

46 988 169 1016 nemo
200 977 440 1029 Cornelius,
470 978 547 1017 illo
578 978 697 1028 vivo,
740 989 890 1018 censor
917 978 1060 1016 suerit.
1118 979 1236 1025 Quod
1274 979 1325 1019 de
1365 980 1507 1019 Philo·
1530 983 1586 1024 19

47 1034 151 1073 timo
183 1035 225 1073 et
254 1033 305 1073 de
335 1035 543 1074 solutione
573 1034 660 1075 HS.
686 1047 811 1074 xxnc.
842 1034 1013 1081 scribis,
1037 1035 1310 1075 Philotimum
1335 1037 1508 1076 circiter

47 1090 227 1131 Kalend.
257 1090 426 1132 Ianuar.
456 1092 502 1131 in
534 1091 837 1131 Chersonesum
867 1091 992 1130 audio
1022 1092 1210 1141 venisse,
1241 1105 1291 1133 ac
1319 1094 1425 1133 mihi
1454 1094 1509 1133 ab

49 1159 99 1188 eo
128 1146 237 1187 nihil
268 1147 420 1189 adhuc.
478 1147 656 1198 Reliqua
684 1160 776 1188 mea
794 1148 993 1188 Camillus
1023 1147 1173 1188 scribit
1202 1161 1245 1188 se
1273 1150 1510 1202 accepisset

50 1215 101 1243 ea
129 1216 237 1255 quae
265 1205 369 1254 sint,
400 1206 542 1245 nescio
573 1207 615 1244 et
644 1217 747 1245 aveo
777 1205 899 1246 scire.
957 1205 1112 1245 Verum
1157 1207 1263 1246 haec
1299 1208 1510 1258 posterius

51 1262 94 1301 et
123 1273 264 1301 coram
294 1263 467 1301 sortasse
496 1262 767 1301 commodius.
825 1262 936 1302 lllud
966 1274 1052 1311 me,
1092 1262 1148 1301 mi
1172 1263 1335 1312 Attice,
1366 1265 1410 1304 in
1442 1277 1510 1305 ex·
1532 1273 1590 1314 20

51 1319 186 1358 trema
222 1319 311 1357 sere
349 1321 469 1369 parte
507 1318 709 1370 epistolae
740 1319 982 1358 commovitt
1028 1318 1180 1359 scribis
1210 1321 1321 1360 enim
1349 1321 1432 1370 sic,
1472 1321 1514 1359 τί

50 1372 227 1413 λοιπόυὲ)
267 1375 417 1414 deinde
447 1386 511 1414 me
540 1374 736 1414 obsecras
766 1375 1072 1424 amantissime,
1114 1388 1166 1415 ne
1196 1377 1422 1418 obliviscar
1451 1378 1513 1419 vi-

51 1432 186 1485 gilare
216 1434 257 1471 et
292 1434 337 1471 ut
376 1431 726 1479 animadvertam,
775 1444 884 1483 quae
920 1431 1037 1473 fiant.
1104 1432 1317 1485 Numquid
1348 1435 1399 1474 de
1429 1448 1512 1486 quo

54 1568 285 1603 Schwadron
325 1579 396 1601 von
428 1568 670 1610 vergoldeten
702 1567 920 1602 Bildsiiulen
953 1579 998 1602 zu
1035 1569 1183 1605 Pserde.
1210 1589 1252 1594 —
1297 1570 1512 1614 imaginem.

56 1615 214 1656 Schiitz,
239 1614 408 1649 Liinem.:
444 1614 780 1647 animadvertissem
804 1614 990 1659 Scipionis
1019 1617 1320 1660 subscriptionem
1344 1618 1384 1650 in
1408 1618 1517 1660 Afri-

55 1661 141 1695 cani
166 1660 340 1702 imagine.
386 1661 438 1694 Es
463 1671 542 1694 war
567 1661 646 1694 also
679 1671 723 1694 an
755 1661 821 1694 der
846 1662 1041 1696 Bildsaule
1074 1662 1138 1696 des
1165 1662 1294 1708 Scipio
1320 1663 1519 1699 Africanus

57 1707 121 1741 die
146 1705 394 1740 Unterschrift
418 1706 583 1751 Serapio.
606 1725 652 1733 —·
693 1707 841 1740 Metelli
867 1708 946 1742 scil.
975 1714 1147 1742 erratum.

150 1754 204 1787 18.
232 1753 324 1786 O:
344 1753 370 1788 ὢ
395 1754 527 1797 Margo
547 1754 642 1788 Crat.
670 1754 771 1789 Vict.
788 1756 820 1788 l.
839 1755 871 1789 2.
899 1755 1024 1788 Lamb.
1046 1774 1084 1780 —
1120 1755 1216 1788 illud
1240 1754 1283 1788 de
1296 1755 1441 1799 Flavio,
1468 1756 1517 1790 ob

59 1798 229 1842 Flavius,
267 1799 340 1832 wie
366 1798 426 1832 ich
458 1807 588 1843 gesagt
617 1800 733 1841 habe,
771 1800 837 1834 der
863 1808 961 1835 erste
986 1811 1083 1843 war,
1117 1802 1185 1835 der
1216 1801 1289 1835 den
1321 1802 1520 1846 geheimen

61 1845 251 1880 Kalender
276 1845 343 1878 der
366 1846 570 1879 Pontifices
595 1847 757 1880 bekannt
780 1848 934 1881 machte.
981 1846 1019 1881 S.
1047 1848 1143 1881 oben
1169 1848 1197 1890 ἕ.
1219 1849 1251 1882 8.
1272 1866 1315 1872 -
1353 1848 1519 1896 ἠπόρη-

63 1906 162 1933 σας,
199 1890 386 1926 dubitasti.
413 1911 458 1916 —
499 1903 632 1936 prope,
665 1903 734 1925 van
768 1893 936 1928 Vaassen
970 1894 1074 1927 Fasti
1103 1906 1140 1938 p.
1163 1895 1219 1928 90.
1252 1894 1373 1938 probe.
1394 1913 1437 1918 —
1479 1898 1521 1927 ut

1 1980 2 1983 Ἴ
61 1938 176 1970 multa
202 1948 260 1980 ap.
289 1937 371 1977 Gr„
412 1938 485 1971 wie
518 1939 582 1972 das
615 1939 701 1972 sehr
731 1940 989 1982 angesehenen
1025 1939 1323 1974 Schriftstellern
1354 1940 1417 1974 bei
1449 1939 1520 1974 den

64 1984 251 2018 Griechen
277 1985 371 2017 oster
397 1983 580 2028 begegnet
606 1985 665 2019 ist.
687 2004 730 2008 —
766 1986 966 2022 Εὔπολιν
991 1985 1064 2021 τὸν
1090 1988 1170 2030 τῆς
1194 1987 1406 2033 ἀρχαίας,
1442 1987 1522 2021 Eu-

61 2030 166 2074 polin
202 2029 339 2063 veteris
377 2030 602 2064 comoediae
638 2036 837 2065 auctorem.
866 2052 908 2056 —
960 2032 1105 2074 fabulas
1138 2033 1283 2075 docere,
1327 2033 1520 2074 διδάσκειν,

2 2107 3 2110 ,
63 2075 204 2110 Stiicke
229 2076 292 2109 aus
314 2075 374 2109 die
398 2077 531 2110 Biihne
557 2077 724 2121 bringeri.
773 2079 855 2112 Der
877 2078 1037 2112 Dichter
1067 2078 1270 2113 unterwies
1294 2078 1355 2112 die
1380 2078 1523 2113 Schau-

0 2138 3 2143 ·
61 2122 202 2166 spieler
226 2121 274 2155 im
299 2123 486 2166 Vortrage
511 2124 632 2157 seines
659 2123 803 2158 Stsxcks.
820 2143 865 2149 —-
906 2126 1019 2167 iacet,
1042 2130 1174 2164 κεῖται,
1200 2125 1460 2158 contemnitur.
1479 2144 1522 2150 -—

64 2180 87 2202 a
106 2168 265 2210 Timaeo,
289 2168 408 2202 einem
425 2169 490 2202 mit
507 2170 640 2204 Cicero
668 2170 957 2215 gleichzeitigen
974 2170 1204 2214 Historiker‚
1223 2170 1357 2204 dessen
1377 2171 1524 2205 Werke

65 2214 127 2247 die
152 2214 233 2247 Zeit
258 2215 465 2248 vernichtet
493 2216 621 2250 hat.—
653 2220 736 2260 post
761 2227 839 2249 eum
864 2217 888 2251 i.
907 2229 938 2250 e.
965 2217 1178 2250 Africanum
1203 2217 1405 2260 consulem,
1430 2216 1523 2250 nach

0 2269 1 2273 ¹
66 2260 149 2292 dem
175 2260 349 2293 Consulat
375 2261 440 2294 des
466 2262 672 2296 Africanus.
692 2282 736 2286 —
771 2274 873 2296 nemo
900 2264 1112 2305 Cornelius,
1148 2263 1228 2297 also
1262 2264 1355 2297 auch
1386 2263 1454 2296 der
1478 2263 1524 2296 P.

0 2323 5 2348 ¹.
68 2306 217 2339 Cornel.
245 2306 373 2350 Scipio
399 2308 531 2341 Nasica
557 2308 714 2352 Serapio
740 2308 862 2352 nicht,
887 2310 968 2344 sein
991 2309 1291 2344 Anverwandter
1315 2320 1350 2344 u.
1375 2309 1526 2352 Zeitge-

3 2376 5 2382 .
69 2362 197 2393 nosse,
235 2352 301 2384 der
327 2353 466 2386 Consul
493 2354 557 2387 des
583 2355 687 2388 Iahrs
713 2357 788 2390 616.

2 2409 5 2433 ς
161 2399 214 2430 19.
260 2397 392 2431 ΡΙιίΙοΙ.
433 2410 460 2432 s.
493 2401 570 2443 §.9.
593 2420 638 2425 -
673 2402 748 2436 HS.
783 2401 939 2436 XXDc.
971 2412 1018 2434 =
1049 2402 1196 2444 580‚000
1221 2399 1430 2436 Sestertien
1463 2399 1525 2434 od.

3 2446 5 2465 ³
70 2444 197 2485 553,000
218 2443 295 2481 Fi..
334 2444 394 2476 die
429 2445 509 2478 dem
535 2447 760 2481 Philotimus
791 2459 862 2481 von
891 2448 1047 2481 meinem
1073 2447 1282 2482 Schuldner
1308 2446 1527 2489 ausgezahlt

72 2489 169 2523 sind.
186 2508 227 2513 —
273 2489 456 2533 cherson„
481 2491 547 2525 dcr
566 2493 818 2527 Thracischen
844 2493 1040 2527 Halbinsel
1066 2505 1121 2527 am
1147 2494 1384 2537 Hellespont.
1403 2510 1449 2517 —
1484 2503 1527 2526 ac

5 2539 7 2568 ἓ
72 2535 163 2568 mihi
187 2536 231 2568 ab
257 2547 296 2568 eo
323 2535 417 2568 nihil
449 2537 582 2578 adhuc,
622 2550 693 2572 von
725 2540 798 2573 ihm
831 2540 947 2573 selbst
979 2539 1028 2573 ist
1058 2539 1190 2574 iedoch
1224 2539 1279 2572 bis
1311 2538 1401 2571 ietzt
1429 2538 1527 2572 noch

73 2581 202 2615 Nichts
228 2592 269 2614 an
297 2582 391 2615 mich
418 2584 578 2626 gelangt.
595 2603 638 2609 -—
676 2586 867 2629 Camillus,
894 2585 953 2619 ein
978 2584 1436 2619 vertrauterHaussreund
1462 2584 1528 2619 des

7 2635 8 2645 ¹
73 2627 218 2669 Cicero,
245 2628 311 2661 der
337 2628 416 2661 sich
443 2629 637 2664 desselben
665 2630 700 2665 in
727 2632 853 2666 seinen
881 2632 1172 2666 okonomischen
1189 2630 1413 2665 Geschaften
1438 2630 1529 2664 hau-

73 2673 124 2717 fig
147 2674 332 2707 bediente.
355 2692 399 2698 —
437 2686 478 2708 ea
503 2686 591 2719 quae
615 2688 660 2711 =
684 2678 757 2712 wie
783 2678 857 2712 viel
883 2678 947 2712 das
973 2689 1007 2712 u.
1029 2688 1056 2712 S.
1078 2689 1123 2711 w.

162 2720 217 2755 20.
242 2723 285 2756 τί
305 2721 486 2766 λοιςιόιες
512 2721 600 2766 quid
626 2731 797 2769 superest
822 2724 922 2769 quod
946 2724 992 2760 ad
1013 2730 1048 2759 te
1063 2721 1294 2759 scribamz—
1319 2732 1408 2767 quae
1426 2723 1529 2765 fiant,
