1795 3043
239 93 341 141 444
495 87 560 133 M.
596 86 652 131 Τ.
691 84 1025 131 CICERONIS
1060 84 1428 132 EPISTOLAE.

238 200 492 252 intorqueat.
550 194 790 238 Mirandum
820 197 928 237 enim
959 198 1003 238 in
1035 196 1198 237 modum
1229 198 1390 239 Gnaeus
1427 199 1569 239 noster
1597 201 1691 240 Sul-

237 258 328 297 lani
355 256 474 307 regni
504 253 822 294 similitudinem
852 255 1107 306 concupivit.
1155 252 1281 296 Εἰδώς
1310 269 1373 293 σοι
1401 256 1516 303 λέγω.
1570 255 1687 296 Nihil

238 314 314 353 ille
351 324 533 362 unquam
567 311 703 351 minus
746 311 921 351 obscure
959 311 1072 352 tulit.
1131 311 1232 352 Cum
1260 313 1403 352 hocne·
1427 312 1579 366 igitur,
1628 313 1690 352 in-

241 370 382 420 quies,
411 379 500 407 esse
528 367 619 409 vis?
675 367 934 409 Beneficium
963 379 1134 419 sequor,
1166 369 1270 408 mihi
1299 368 1446 420 crede,
1482 381 1564 408 non
1595 380 1691 408 cau-

189 423 218 460 4
241 439 352 473 sam,
384 427 432 464 ut
458 425 502 464 in
525 425 708 476 Milone,
738 427 784 465 ut
810 425 854 465 in
886 455 896 467 .
917 454 928 466 .
948 454 957 463 .
1017 425 1099 465 Sed
1128 425 1345 465 hactenus.
1406 425 1540 465 Causa
1561 424 1692 477 igitur

183 875 212 916 0!

237 495 323 524 non
355 481 464 522 bona
494 480 586 522 est?
642 482 774 521 Immo
803 481 982 532 optima:
1030 481 1102 521 sed
1132 484 1296 534 agetur,
1335 483 1567 533 memento,
1607 481 1692 521 foe-

239 539 419 580 dissime.
479 538 668 579 Primum
698 539 920 579 consilium
950 540 1014 579 est
1042 536 1248 579 suffocare
1275 539 1421 578 urbem
1449 540 1491 578 et
1520 537 1690 578 Italiam

236 598 370 644 fame,
421 594 597 643 deinde,
640 607 763 646 agros
791 598 980 642 vastare,
1028 608 1172 646 urere,
1209 596 1401 647 pecuniis
1430 595 1691 647 locupletum

236 664 321 692 non
364 652 589 693 abstinere.
657 651 764 699 Sed,
805 664 933 702 quum
970 652 1114 691 eadem
1141 655 1321 692 metuam
1353 651 1405 692 ab
1434 652 1515 692 hac
1544 652 1688 704 parte:

235 709 273 749 si
317 710 441 750 illinc
481 707 731 749 beneficium
766 720 851 747 non
886 709 963 755 sit,
1008 708 1164 748 rectius
1199 711 1342 761 putem
1381 708 1549 760 quidvis
1578 707 1691 748 domi

234 767 415 819 perpeti.
475 765 557 806 Sed
586 766 648 806 ita
676 765 876 805 meruisse
904 764 1023 804 illum
1053 765 1104 805 de
1133 777 1200 804 me
1228 768 1350 819 puto,
1380 768 1425 806 ut
1455 762 1690 813 ἀχαριστίας

236 823 398 863 crimen
427 822 570 863 subire
598 834 681 862 non
712 821 900 863 audeam.
959 820 1216 872 Quamquam
1255 836 1280 862 a
1308 825 1351 863 te
1386 822 1477 862 eius
1519 832 1689 873 quoque

235 881 299 920 rei
326 880 436 919 iusta
464 879 649 919 defensio
679 880 743 919 est
772 878 996 930 explicata.
1054 878 1117 918 De
1131 878 1347 931 triumpho
1361 878 1441 919 tibi
1462 878 1686 920 assentior:

234 948 359 988 quem
396 935 563 988 quidem
602 937 737 976 totum
774 935 902 975 facile
938 936 979 974 et
1017 934 1201 975 libenter
1241 935 1451 978 abiecero.
1508 934 1688 988 Egregie

233 993 369 1046 probo
397 994 508 1042 fore,
537 993 606 1041 ut,
637 992 736 1033 dum
764 1004 986 1043 vagamur,
1018 991 1039 1030 ὁ
1067 992 1191 1036 πλοῦς
1219 992 1364 1039 ὡραῖος
1392 992 1580 1043 obrepat.
1639 991 1686 1030 Si

232 1049 379 1103 modo,
434 1049 600 1100 inquis,
653 1050 754 1090 satis
792 1049 868 1088 ille
905 1048 986 1088 erit
1022 1048 1178 1090 firmus.
1236 1050 1314 1090 Est
1354 1048 1516 1090 firmior
1559 1048 1686 1087 etiam

235 1118 361 1158 quam
389 1106 650 1159 putabamus.
698 1106 762 1147 De
789 1105 870 1145 isto
898 1106 1001 1145 licet
1029 1104 1136 1145 bene
1165 1118 1321 1159 speres.
1371 1105 1575 1146 Promitto
1594 1104 1687 1152 tibi,

235 1265 278 1288 er
311 1253 456 1288 mochte
489 1256 576 1285 statt
611 1249 678 1283 des
702 1249 833 1284 Danks
870 1250 978 1284 einen
1004 1249 1130 1283 seiner
1154 1250 1462 1284 Medusenblicke
1495 1249 1559 1284 auf
1589 1249 1687 1284 mich

236 1301 373 1334 wersen
407 1298 442 1331 d.
469 1297 493 1330 i.
528 1307 576 1330 ne
600 1295 691 1330 mihi
713 1295 880 1338 graviter
904 1295 1095 1329 irascatur.
1146 1296 1281 1330 Cicero
1314 1296 1419 1329 stellt
1453 1295 1534 1330 sich
1569 1302 1688 1340 spott-

234 1346 352 1380 weise
377 1354 447 1378 nur
471 1353 513 1377 so
538 1353 604 1385 an,
631 1342 684 1375 als
711 1342 758 1375 ob
784 1352 826 1376 er
850 1341 930 1375 sich
955 1352 1023 1375 xor
1048 1340 1187 1376 diesem
1207 1341 1367 1385 Blicke,
1398 1341 1469 1375 den
1484 1341 1687 1386 Pompeius

233 1393 271 1426 in
298 1391 422 1426 seiner
447 1389 594 1423 Gewalt
619 1388 740 1430 hatte,
764 1397 806 1421 so
832 1388 919 1421 sehr
942 1387 1099 1422 iiirchte.
1149 1388 1230 1422 Der
1250 1389 1350 1424 Vers
1375 1387 1423 1421 ist
1447 1398 1511 1422 aus
1528 1388 1687 1422 Homers

235 1439 373 1481 Odyss.
400 1437 479 1479 IX,
504 1436 584 1470 633.
608 1453 652 1460 ν·-
699 1433 846 1468 Sullani
876 1434 1002 1476 regni,
1038 1434 1104 1469 des
1130 1433 1390 1469 Sullanischen
1404 1434 1686 1478 Konigsthums,

234 1485 300 1519 der
327 1483 513 1519 Dictatur.
545 1499 590 1505 —
644 1479 789 1521 Εἱδῶς
820 1493 892 1516 σοι
926 1481 1060 1524 λέγω,
1106 1479 1165 1514 ich
1200 1491 1289 1524 sage
1319 1479 1393 1514 Dir
1421 1480 1555 1522 Diess‚
1597 1479 1686 1514 weil

232 1532 324 1565 ich's
347 1528 453 1563 weis.
484 1546 531 1553 —
577 1527 726 1560 obscure
756 1525 862 1568 tulit,
906 1525 967 1559 nie
1002 1526 1063 1560 hat
1096 1537 1137 1560 er
1168 1526 1230 1560 bei
1254 1526 1348 1560 aller
1371 1525 1496 1560 seiner
1520 1526 1688 1560 Zuriick-

231 1574 488 1621 gehaltenheit
513 1584 576 1607 aus
601 1573 728 1606 Etwas
751 1571 919 1615 weniger
943 1571 1002 1605 ein
1020 1572 1256 1606 Geheimniss
1279 1572 1458 1616 gemacht.
1474 1592 1518 1597 —
1558 1573 1684 1615 Renes.

233 1633 363 1667 sequor
494 1631 564 1653 non
598 1629 762 1661 causam,
800 1617 903 1651 seine
935 1618 1162 1652 Verdienste
1196 1630 1252 1652 um
1287 1618 1404 1661 mich,
1446 1618 1548 1652 nicht
1580 1618 1685 1652 seine

233 1669 374 1705 Sache.
400 1666 533 1701 ziehen
558 1664 654 1698 mich
680 1674 737 1698 an.
764 1681 808 1689 --
854 1667 893 1696 ut
916 1663 954 1696 in
979 1665 1142 1706 Milone,
1168 1664 1242 1698 wie
1267 1663 1328 1698 ich
1355 1663 1415 1698 bei
1439 1664 1521 1698 dem
1537 1664 1684 1699 Handel

233 1715 300 1749 des
324 1713 438 1755 Milo,
475 1712 541 1746 des
565 1711 611 1744 de
636 1710 775 1744 ambitu
799 1709 1019 1752 verklagten
1045 1709 1190 1744 Sestius
1223 1710 1296 1743 und
1321 1710 1497 1744 Manches
1521 1710 1684 1744 anderen

231 1761 270 1796 in
296 1760 509 1794 demselben
533 1757 640 1792 Falle
664 1767 755 1790 war.
791 1756 902 1790 Denn
914 1755 1008 1789 Milo
1033 1757 1179 1789 sowohl
1204 1757 1258 1790 als
1283 1756 1393 1790 Publ.
1420 1755 1586 1799 Sestius,
1612 1757 1684 1790 den

232 1818 276 1843 er
308 1806 391 1840 hier
419 1803 701 1846 verschwiegen
734 1803 819 1846 hat,
863 1812 988 1834 waren
1013 1802 1101 1835 sehr
1124 1802 1273 1835 bemiiht
1295 1810 1488 1845 gewesen,
1530 1801 1593 1836 ihn
1618 1812 1683 1836 aus

232 1853 315 1887 dem
346 1851 455 1886 Exsil
487 1848 800 1883 zuruekzurufen.
855 1848 1000 1891 Wegen
1042 1847 1168 1882 dieser
1203 1847 1429 1883 Verdienste
1471 1848 1683 1891 (beneficia)

231 1899 341 1933 nahm
375 1909 416 1931 er
448 1896 528 1930 sich
562 1895 665 1928 ihrer
698 1894 860 1927 nachher
890 1893 1034 1927 wieder
1068 1905 1127 1928 an.
1184 1894 1261 1928 Die
1292 1893 1426 1928 Reden
1460 1903 1506 1928 zu
1537 1894 1679 1928 Beider

232 1943 539 1986 Vertheidigung
573 1940 656 1975 sind
693 1940 790 1974 noch
826 1939 1053 1974 vorhanden.
1101 1940 1138 1975 S.
1171 1941 1318 1980 XCIX,
1354 1941 1374 1973 l
1415 1939 1490 1974 und
1517 1940 1551 1975 5.
1601 1940 1682 1975 CII.

231 1990 442 2026 CLXXVI.
482 1986 738 2027 CLXXVIII,
764 1988 800 2021 3.
840 1986 1016 2027 CLXIX,
1041 1988 1073 2020 3.
1105 1986 1179 2020 und
1204 1997 1249 2020 zu
1276 1997 1336 2031 ep.
1361 1986 1438 2022 XV
1461 1985 1509 2020 im
1534 1986 1621 2020 Ans.
1637 2005 1683 2011 —

231 2037 304 2071 Sed
327 2036 512 2073 hactenus,
561 2033 658 2067 doch
687 2032 818 2066 Nichts
848 2033 953 2065 mehr
984 2032 1120 2066 davon!
1159 2033 1231 2067 Sed
1259 2032 1345 2065 haec
1376 2031 1546 2066 hactenus
1584 2032 1681 2067 Bau.

231 2082 389 2118 Helmst.
422 2082 557 2115 Graev.
586 2078 727 2114 Stroth.
759 2078 834 2112 OR.
881 2078 968 2112 Man
1000 2079 1183 2112 iibersehe
1212 2078 1315 2112 nicht
1346 2076 1408 2112 die
1436 2077 1684 2123 Aposiopes'is
1724 2106 1727 2111 .

231 2139 300 2162 vor
324 2127 451 2162 diesen
476 2127 648 2161 Worten.
673 2143 716 2149 —
765 2124 958 2157 consilium
977 2125 1158 2168 primum,
1188 2124 1253 2159 das
1275 2123 1406 2165 Erste‚
1430 2134 1507 2157 was
1532 2135 1613 2157 man
1632 2124 1681 2158 im

231 2174 348 2210 Sinne
379 2174 461 2216 hat,
498 2172 557 2206 ist.
590 2189 634 2196 —-
681 2170 725 2205 ab
756 2169 823 2204 hac
848 2171 1019 2204 Caesaris
1047 2174 1165 2214 parte.
1199 2189 1241 2195 —
1288 2170 1323 2202 si
1345 2169 1450 2202 illinc
1473 2169 1585 2211 benef.
1611 2181 1682 2203 non

229 2221 300 2264 sit,
335 2229 446 2254 wenn
476 2217 573 2251 mich
598 2216 701 2251 nicht
725 2227 798 2250 von
822 2216 946 2250 seiner
971 2216 1074 2252 Seite
1106 2217 1192 2259 (von
1217 2214 1345 2250 Seiten
1370 2215 1435 2248 des
1459 2215 1681 2260 Pompeius)

231 2278 291 2301 um
316 2265 413 2299 mich
438 2264 658 2297 erworbene
681 2261 909 2298 Verdienste
932 2265 1109 2306 anzeigen.
1137 2280 1178 2286 —-
1227 2263 1402 2294 meruisse
1425 2261 1530 2294 illum
1554 2262 1679 2306 (Pom-

229 2312 370 2358 peium)
396 2311 439 2344 de
462 2319 537 2348 me,
563 2319 695 2353 nempe
719 2319 830 2352 quum
855 2309 1023 2343 omnibus
1049 2307 1190 2341 viribus
1206 2313 1306 2341 esset
1323 2307 1468 2349 enisus,
1493 2313 1533 2340 ut
1547 2307 1679 2342 Cicero

231 2370 282 2393 ex
314 2357 450 2392 exsilio
476 2361 726 2389 revocaretur.
753 2354 860 2388 SCH.
888 2373 933 2379 -—
979 2353 1255 2401 ἀχαριστίαξ·
1278 2353 1416 2387 crimen
1438 2353 1584 2398 subire,
1607 2353 1680 2388 mir

231 2405 305 2439 den
328 2401 512 2440 Vorwurs
531 2400 598 2434 der
622 2400 930 2435 Undaukbarkeit
953 2399 1184 2434 auszuladen.

321 2472 358 2506 5.
391 2471 575 2512 abiecero,
601 2467 784 2511 ausgeben
806 2466 945 2503 werde.
981 2466 1021 2502 S.
1046 2467 1195 2500 Ramsh.
1222 2466 1345 2511 §.164,
1370 2467 1441 2512 111,
1465 2468 1498 2503 7.
1534 2468 1676 2502 Grotei.

230 2519 258 2563 §.
279 2519 357 2551 172.
387 2517 493 2550 Anm.
525 2533 569 2540 -
614 2524 796 2556 vagamur
819 2525 864 2547 =
886 2514 1023 2548 circum
1048 2513 1198 2547 villulas
1223 2523 1396 2548 erramus.
1445 2515 1522 2557 „Es
1546 2513 1595 2547 ist
1618 2512 1678 2546 ein

231 2571 341 2608 guter
365 2561 542 2596 Gedanke
567 2571 639 2593 von
663 2559 760 2602 Dir,
800 2559 905 2598 dass,
940 2559 1116 2592 wahrend
1140 2559 1200 2592 ich
1224 2560 1289 2593 auf
1309 2560 1465 2595 meinem
1488 2559 1678 2602 Landgiit-

230 2611 325 2643 chen
357 2608 454 2642 mich
490 2605 741 2640 umhertreibe
770 2605 844 2638 und
875 2604 941 2637 mit
966 2604 1078 2637 Casar
1110 2605 1379 2649 unterhandle,
1425 2605 1486 2640 die
1504 2604 1677 2648 giinstige

231 2655 414 2689 Iahrszeit
437 2664 503 2687 zur
527 2652 750 2686 Uebersahrt
772 2649 1099 2684 heranschleichen
1124 2650 1263 2684 werde.
1289 2670 1334 2677 —-
1373 2652 1437 2685 ille
1460 2653 1532 2684 erit
1553 2652 1678 2692 firmus

231 2701 350 2742 (stark
374 2701 535 2744 genng),
561 2698 642 2732 scii.
658 2696 868 2740 Pompeius,
888 2713 931 2720 -—-
968 2696 1075 2728 etiam
1100 2708 1146 2730 =
1169 2707 1288 2740 sogar.
1316 2716 1357 2722 -
1388 2697 1432 2730 de
1455 2700 1523 2731 isto
1549 2696 1676 2738 (Pom-

230 2746 346 2792 peio).
396 2747 463 2780 Est
485 2747 646 2791 εἰρωνεία
669 2743 708 2778 in
731 2740 972 2788 Pompeium,
999 2742 1097 2786 quod
1122 2742 1317 2786 sequentia
1338 2743 1530 2779 manifeste
1555 2748 1677 2776 osten-
