1795 3043
558 43 876 93 EPISTOLA
921 45 1163 97 CCXCIV.
1495 49 1596 96 303

125 160 224 199 lano
253 169 321 197 me
343 158 513 199 reserro
543 159 588 198 in
620 156 970 199 commentarium
1000 169 1094 198 mea
1124 169 1248 198 manu
1278 156 1437 205 voluit,
1469 155 1601 207 quod-

124 227 207 267 que
242 214 352 255 idem
392 215 436 255 in
473 214 576 255 Asia
613 216 717 255 mihi
759 228 833 255 sua
873 226 1001 254 manu
1046 215 1250 266 scriptum
1288 214 1415 255 dedit.
1486 212 1532 253 ld
1565 212 1599 252 si

124 274 381 324 praestaret,
420 274 624 324 quantum
653 273 759 312 mihi
787 270 897 311 aeris
927 271 1059 310 alieni
1090 284 1179 311 esse
1209 271 1287 311 tibi
1318 270 1470 322 edidit,
1508 272 1598 309 tan-

123 333 213 369 tum
244 332 285 369 et
312 330 409 380 plus
440 331 566 369 etiam
597 329 689 380 ipse
721 328 827 368 mihi
857 326 1045 368 deberet.
1113 328 1196 367 Sed
1232 329 1276 367 in
1316 329 1396 368 hoc
1427 337 1596 380 genere,

122 386 160 425 si
190 386 310 426 modo
340 398 418 438 per
436 399 525 426 rem
545 385 763 437 publicam
780 384 941 431 licebit,
972 395 1056 423 non
1077 384 1374 424 accusabimur
1394 384 1595 437 posthac:

121 455 259 494 neque
288 443 464 484 hercule
494 444 618 482 autea
648 443 908 495 negligentes
935 441 1105 489 fuimus,
1138 441 1210 480 sed
1232 441 1462 481 amicorum
1491 441 1597 480 mul-

122 500 305 539 titudine
336 500 543 552 occupati.
602 500 716 551 Ergo
745 501 935 547 utemur,
976 500 1023 541 ut
1053 498 1291 550 polliceris,
1324 500 1364 537 et
1393 510 1520 549 opera
1552 499 1594 536 et

122 557 300 596 consilio
330 559 424 597 tuo:
454 569 533 596 nec
564 554 644 595 tibi
675 556 851 606 erimus,
882 556 929 594 ut
959 567 1105 607 spero,
1137 555 1180 594 in
1212 566 1260 595 eo
1290 554 1469 594 molesti.
1530 554 1595 593 De
1614 551 1644 589 8

118 614 392 666 serperastris
416 612 601 653 cohortis
622 625 753 664 meae,
783 611 892 652 nihil
912 612 988 663 est,
1018 611 1130 663 quod
1150 611 1305 652 doleas.
1364 611 1450 663 Ipsi
1481 611 1594 651 enim

122 683 167 710 se
197 671 461 722 collegerunt
491 669 770 710 admiratione
799 668 1057 722 integritatis
1086 680 1218 708 meae.
1293 668 1376 708 Sed
1413 680 1479 708 me
1510 679 1593 707 mo-

118 729 237 767 verat
266 739 388 766 nemo
418 727 565 779 magis,
596 739 722 778 quam
752 726 801 777 is,
833 738 958 778 quem
984 727 1028 766 tu
1048 726 1254 766 neminem
1281 729 1416 778 putas.
1475 724 1592 765 Idem

119 786 162 823 et
201 784 322 823 initio
359 784 500 823 fuerat
537 785 579 823 et
615 796 727 828 nunc
768 785 831 823 est
869 784 1072 835 egregius.
1141 783 1223 822 Sed
1252 782 1295 821 in
1327 781 1418 833 ipsa
1450 780 1592 821 deces-

117 841 237 880 sione
276 839 530 892 significavit
561 852 752 891 sperasse
783 852 826 880 se
855 839 1042 891 aliquid3
1084 840 1126 878 et
1154 839 1220 887 id,
1261 839 1373 890 quod
1403 838 1590 878 animum

117 897 340 937 induxerat
369 897 616 949 paullisper,
645 909 730 937 non
760 897 918 937 tenuit:
952 896 1024 935 sed
1055 896 1139 937 clto
1164 896 1216 936 ad
1237 908 1282 935 sc
1313 895 1438 935 rediit
1466 896 1589 935 meis

114 967 197 1005 que
227 953 665 994 honoiificentissimis
696 967 795 1007 erga
824 967 869 994 se
887 952 1040 993 officiis
1065 952 1203 994 victus
1232 953 1368 1004 pluiis
1390 966 1438 992 ea
1468 952 1589 992 duxit

113 1023 238 1061 quam
267 1023 440 1050 omnem
461 1012 699 1064 pecuniam.
743 983 849 1063 OEgo
881 1024 905 1052 a
936 1009 1063 1050 Curio
1093 1009 1261 1050 tabulas
1287 1010 1448 1060 accepi,
1482 1021 1587 1074 quas
1610 1005 1640 1044 9

113 1080 274 1107 mecum
306 1070 443 1120 por.to
502 1067 722 1107 Hortensii
750 1068 891 1120 legata
921 1067 1113 1119 cognovi.
1171 1066 1295 1107 Nunc
1326 1078 1428 1106 aveo
1459 1066 1587 1118 scire,

113 1124 216 1176 quid
246 1124 427 1165 hominis
457 1123 512 1164 sit
541 1126 583 1164 et
611 1137 789 1176 quarum
817 1136 960 1164 rerum
985 1125 1224 1165 auctionem
1240 1123 1446 1164 mstituzt
1505 1122 1588 1163 Ne-

111 1225 207 1258 nach
231 1223 356 1258 seiner
381 1225 539 1268 Angahe
562 1224 624 1258 bei
650 1224 719 1259 dir.
768 1224 850 1258 tibi.
906 1223 972 1258 Sic
997 1225 1137 1258 Manat.
1170 1223 1300 1257 Lamb.
1311 1248 1322 1266 ‚
1356 1229 1394 1256 ut
1418 1202 1583 1266 postulat

111 1271 307 1305 sententia.
336 1271 390 1304 ibi
409 1271 506 1305 Cett.
526 1281 607 1304 cum
627 1271 720 1304 Cdd.
743 1270 817 1305 ΟΕ.
832 1289 876 1295 -—
909 1270 948 1302 in
966 1269 1032 1303 lzoc
1054 1280 1203 1312 genere,
1225 1279 1301 1303 was
1320 1268 1586 1303 dieseuPunct

111 1316 274 1359 betriff13
300 1316 460 1350 nanilich
488 1316 549 1349 die
574 1316 766 1350 Schuldeu
787 1316 966 1351 Ciceroms
994 1334 1038 1340 -—
1086 1315 1242 1357 neglig„
1268 1315 1385 1348 durch
1403 1314 1581 1348 Nachliis

111 1343 274 1406 sigkeity
278 1362 313 1395 in
340 1361 527 1396 Schulden
553 1363 744 1405 gerathen.
773 1381 816 1387 -
864 1362 1068 1396 amicorum
1090 1373 1138 1395 m.
1166 1372 1288 1406 occup.
1300 1386 1310 1404 ,
1338 1361 1396 1394 vel
1423 1370 1581 1411 quoruui

110 1420 220 1443 neces
224 1408 396 1442 sitatibus
427 1408 585 1452 pecunia
610 1415 734 1442 mutua
766 1407 886 1442 danda
919 1408 1164 1441 subveneram
1189 1407 1250 1440 vel
1276 1417 1432 1450 quorum
1457 1405 1580 1439 causis

110 1462 148 1489 et
184 1455 362 1499 pe1iculis
400 1453 644 1488 detendendis
669 1455 764 1488 adeo
790 1461 992 1497 occupatus
1018 1464 1138 1495 eram,
1166 1459 1206 1486 ut
1230 1452 1349 1487 minus
1377 1452 1581 1496 diligenter

111 1511 190 1534 reni
216 1500 434 1534 lamiliarem
460 1511 591 1534 curare
616 1511 774 1544 possem.
823 1499 931 1534 SCH.
966 1517 1011 1525 -
1058 1499 1212 1533 consilio
1244 1503 1322 1542 tuo,
1363 1510 1422 1532 um
1457 1498 1580 1534 moine

112 1545 308 1581 okonomis
312 1547 403 1580 chen
431 1546 781 1590 Angelegenheiten
804 1545 949 1579 wieder
973 1545 1011 1579 in
1040 1545 1223 1588 Ordnung
1248 1555 1293 1578 zu
1319 1545 1489 1588 bringen.

201 1594 234 1626 8.
269 1593 311 1626 de
335 1592 593 1636 sevfflpeuastvis,
625 1603 704 1625 was
729 1592 791 1626 die
815 1591 1052 1626 Kniesteifen
1077 1591 1230 1626 betrifft.
1285 1590 1344 1624 Ita
1377 1597 1486 1625 vocat
1511 1600 1577 1625 eos

112 1637 178 1682 qui
209 1637 246 1672 in
284 1638 363 1672 eius
394 1639 549 1672 cohorte
583 1638 703 1681 tuere,
744 1638 851 1682 quasi
883 1649 964 1672 cum
997 1637 1134 1682 quibus
1166 1637 1391 1682 ambularet,
1423 1643 1462 1671 ut
1494 1648 1576 1670 cum

112 1684 353 1728 serperastris
397 1684 504 1736 pueri
547 1684 747 1720 ambulant.
816 1684 982 1719 Quorum
1022 1684 1210 1718 hominum
1250 1693 1361 1717 eausa
1398 1693 1445 1717 ne
1484 1683 1576 1725 quid

111 1729 283 1765 intamiae
307 1730 451 1764 subiret
475 1730 512 1764 in
537 1730 736 1775 provincia
758 1731 907 1765 Atticus
923 1741 963 1764 se
986 1729 1118 1764 timere
1143 1730 1200 1774 sig
1181 1729 1432 1764 “nificaveran
1472 1729 1575 1764 MA-

111 1776 232 1812 NUT.
288 1776 363 1810 Zur
405 1777 525 1812 Sache
563 1777 680 1820 Uerg!
726 1787 785 1821 ep.
814 1777 1168 1819 CCLXXX1V,3.
1227 1776 1351 1811 varro
1383 1776 1430 1809 de
1461 1775 1572 1819 Ling.

110 1822 191 1857 Lat.
216 1823 332 1864 VIII,
358 1822 397 1856 5:
446 1822 556 1866 „Non
584 1822 772 1866 sequitur,
801 1829 839 1857 ut
864 1824 977 1857 stulte
1008 1822 1168 1864 faciant,
1204 1822 1268 1865 qui
1294 1822 1421 1866 pueiis
1447 1821 1483 1855 in
1510 1832 1575 1864 ge-

109 1868 245 1902 niculis
270 1868 437 1913 adligent
461 1873 708 1911 serperastra,
748 1875 787 1901 ut
820 1880 946 1903 eorum
985 1868 1186 1913 depravata
1215 1868 1406 1912 corrigant
1431 1869 1574 1902 crura&

108 1915 348 1948 cerberastrz's
372 1914 666 1957 (Hollenhunde)
692 1915 820 1957 „Alii”
846 1914 882 1948 in
908 1927 955 1950 m.
981 1916 1082 1950 1584.
1108 1933 1152 1940 —-·
1199 1915 1357 1958 integr„
1385 1914 1573 1958 Uneigen-

110 1960 332 2003 nfitzigkeit.
356 1979 400 1985 —
445 1965 621 2003 moverat,
648 1962 749 1995 hatte
775 1960 846 1994 mir
862 1961 924 1995 die
939 1961 1046 1996 Galle
1063 1972 1155 2006 rege
1168 1961 1349 2005 gemacht.
1376 1979 1420 1987 --
1467 1971 1574 2005 quam

109 2007 162 2050 is,
197 2006 421 2049 Mescinius,
461 2014 638 2050 quaestor
670 2007 876 2041 Ciceronis.
936 2008 1130 2049 neminem,
1161 2019 1208 2041 =
1231 2008 1393 2050 nullum,
1434 2006 1573 2040 nullius

138 2053 242 2094 retii,
269 2055 328 2087 t'ur
352 2053 422 2086 den
448 2053 819 2087 Unbedeutendsten.
868 2052 908 2088 S.
935 2054 1083 2088 Ramsh.
1111 2055 1138 2096 §.
1164 2054 1250 2096 203,
1278 2055 1340 2095 ll,
1364 2065 1398 2089 ι’.
1448 2053 1573 2087 Ueber

108 2064 311 2133 {nescimus
334 2099 452 2143 vergl.
481 2110 540 2143 ep.
557 2100 760 2137 CCwa,
788 2102 805 2132 l
832 2099 906 2132 und
931 2099 1173 2141 CCLXVIII,
1200 2102 1231 2133 1.
1260 2098 1443 2141 CCXCII,
1468 2100 1500 2133 4.
1528 2117 1571 2123 ·—

109 2145 312 2178 decessione
335 2156 427 2188 mea,
453 2146 513 2179 bei
540 2145 696 2179 meinem
713 2146 893 2189 Abgange
909 2155 974 2179 aus
999 2146 1066 2179 der
1090 2146 1266 2180 Provinz.
1292 2165 1334 2172 -
1382 2146 1476 2189 quod
1489 2146 1570 2179 cmi-

108 2202 204 2224 mum
230 2192 335 2233 (Ern.
361 2202 462 2236 susp
489 2192 529 2225 ·in
554 2193 730 2234 animum)
764 2193 977 2234 induxerat,
1015 2203 1087 2225 non
1110 2193 1243 2235 tenuit,
1277 2203 1318 2226 er
1342 2191 1453 2233 hielt‚
1481 2192 1571 2225 VVas

108 2248 152 2270 er
175 2236 255 2270 sich
279 2237 317 2271 in
342 2237 413 2271 den
438 2238 543 2282 Kopf
572 2244 717 2282 gesetzt
753 2238 872 2280 hatte,
906 2237 1006 2270 nicht
1031 2238 1115 2272 fest.
1140 2257 1182 2263 —
1208 2238 1279 2272 ad
1301 2249 1339 2272 se
1363 2239 1495 2281 redzz‘t,
1529 2249 1570 2271 ei·

108 2283 246 2316 besann
272 2282 350 2316 sich
374 2282 529 2318 wieder.
555 2303 598 2309 —
646 2295 689 2318 ea
713 2284 854 2326 officia,
889 2295 995 2327 quam
1027 2295 1166 2318 omnem
1185 2295 1263 2330 pec.
1273 2309 1284 2325 ,
1317 2284 1372 2318 als
1396 2295 1504 2319 weun
1530 2295 1570 2318 er

108 2340 260 2373 grosses
286 2328 383 2363 Geld
408 2329 445 2362 in
470 2332 537 2363 der
560 2331 725 2365 Proviuz
750 2331 904 2365 erobert
928 2330 1042 2364 hatte.

197 2375 227 2409 9.
263 2375 418 2417 tabulas,
444 2375 741 2410 ein'lestameut.
784 2376 823 2411 S.
843 2387 888 2420 ep
893 2376 1175 2417 .CCX(3111‚3.
1203 2394 1244 2403 --
1292 2375 1484 2409 Ηονίεηεη·
1500 2374 1568 2408 filii

107 2421 233 2463 legata
259 2431 364 2464 cogn.
391 2420 416 2454 i.
431 2431 464 2455 e.
491 2422 626 2465 legata,
652 2433 746 2466 quae
771 2422 997 2457 Hortensius
1022 2422 1122 2455 tilius
1148 2433 1197 2456 ex
1217 2427 1433 2456 testamento
1451 2421 1568 2464 patris

108 2467 278 2501 debebat.
327 2466 433 2501 SGH.
471 2466 507 2501 S.
535 2479 590 2512 ep.
609 2468 823 2510 CCXCIII,
850 2471 881 2503 7.
911 2488 953 2494 --
1001 2468 1135 2503 Nescio
1167 2468 1274 2502 enim.
1322 2467 1567 2501 Puteola-mm

108 2513 200 2547 fuiss
204 2525 223 2547 e
256 2514 308 2548 M.
334 2512 500 2547 Caelium
533 2521 688 2557 apparet
720 2526 768 2548 ex
802 2514 970 2548 mationa
1004 2525 1074 2560 pro
1108 2515 1203 2558 ipso.
1264 2515 1402 2555 Quum,
1435 2513 1569 2556 inquit,

109 2559 244 2599 omnia,
269 2569 364 2604 quae
389 2558 435 2592 ad
461 2567 603 2603 porttm
628 2560 902 2594 Flumentanam
927 2567 1023 2601 sunt,
1051 2561 1201 2597 Caelius
1218 2560 1446 2593 Puteolanus
1473 2570 1570 2592 eme-

110 2605 177 2648 rit3
202 2616 266 2640 nes
252 2605 343 2649 mo,
369 2615 434 2639 cur
460 2615 530 2648 ego
556 2612 685 2640 contra
710 2606 831 2641 omnia
855 2608 920 2649 (ex
943 2606 1054 2641 bonis
1072 2605 1265 2640 Hortensii
1281 2605 1457 2657 oratoris)
1477 2616 1570 2656 quae

109 2651 278 2686 Puteolis
313 2657 398 2686 sunt
432 2661 505 2684 non
539 2662 672 2685 emam:
715 2651 747 2686 si
778 2653 888 2687 modo
914 2654 960 2686 ab
996 2651 1202 2687 Hortensio
1228 2651 1308 2686 filio
1335 2651 1373 2686 in
1398 2652 1570 2685 auctione

107 2697 323 2735 vendentur.
372 2698 421 2733 Et
443 2708 511 2743 per
536 2696 673 2733 iocum:
715 2698 825 2733 homo
851 2698 1080 2735 Puteolanus
1112 2703 1256 2744 ponam
1282 2697 1387 2734 urbis
1413 2708 1573 2744 occupa-
