1795 3043
605 31 920 79 EPISTOLA
956 32 1089 78 CCL.
1485 33 1583 80 183

114 143 239 186 aliis?
299 144 345 186 Si
375 143 616 197 praefectus
645 145 776 186 vellet
806 156 895 185 esse
925 143 1190 197 syngraphae
1220 151 1372 190 causa,
1414 153 1480 181 me
1510 154 1580 181 cu—

111 204 318 254 raturum,
348 204 395 242 ut
417 202 612 255 exigeret.
655 201 826 243 Gratias
849 200 958 253 egit:
990 200 1200 242 discessit.
1239 197 1406 251 Appius
1435 199 1580 239 noster

112 261 272 300 turmas
302 259 465 310 aliquot
494 259 683 310 equitum
714 258 886 298 dederat
915 259 1017 299 huic
1049 258 1237 310 Scaptio,
1269 269 1346 309 per
1375 269 1478 308 quas
1502 257 1574 296 Sa-

111 316 306 357 laminios
337 318 574 366 coerceret,
605 318 647 355 et
677 315 854 355 eundem
884 315 1093 355 habuerat
1121 315 1398 367 praesectum.
1442 314 1574 353 Vexa-

109 372 181 414 bat
213 375 474 415 Salaminios.
521 373 610 426 Ego
643 374 805 424 equites
836 385 888 412 ex
917 372 1054 425 Cypro
1084 372 1287 412 decedere
1315 370 1435 412 iussi.
1484 370 1573 410 Μο-

107 431 213 471 leste
242 432 339 471 tulit
358 430 568 483 Scaptius,
614 430 722 478 Quid
751 426 911 470 multa?
951 430 1008 470 Ut
1029 429 1068 470 ei
1094 429 1218 469 fidem
1235 441 1370 468 meam
1386 429 1571 480 praesta·
1594 422 1644 461 ll

106 500 217 538 rem,
260 501 389 540 quum
419 488 470 528 ad
499 499 566 527 me
598 488 821 528 Salaminii
850 488 1025 528 Tarsum
1054 486 1267 527 venissent
1298 487 1340 524 et
1370 498 1453 524 una
1473 485 1571 525 Sca-

105 546 236 597 ptius,
266 545 482 597 imperavi,
512 546 559 584 ut
578 545 802 596 pecuniam
823 546 1047 585 solverent.
1086 544 1223 583 Multa
1241 542 1291 581 de
1313 542 1568 595 syngrapha,

106 603 157 642 de
190 603 353 655 scaptii
380 602 560 642 iniuriis.
618 601 777 655 Negavi
807 615 874 642 me
904 601 1064 643 audire.
1122 601 1327 640 Hortatus
1356 611 1467 639 sum:
1497 610 1570 650 pe-

105 660 183 699 tivi
225 660 370 706 etiam,
411 672 489 711 pro
531 659 633 699 meis
671 660 715 699 in
753 659 968 701 civitatem
998 656 1240 706 beneficiis,
1282 657 1328 695 ut
1357 655 1568 708 negotium

104 715 381 757 conficerent:
434 716 618 768 denique
664 717 751 756 dixi
792 729 858 757 me
904 718 1164 756 coacturum.
1239 713 1441 753 Homines
1479 724 1566 752 non

100 773 223 813 modo
251 785 335 813 non
365 785 577 825 recusare,
607 774 678 814 sed
709 773 835 815 etiam
864 775 946 815 hoc
971 772 1130 824 dicere,
1160 784 1204 811 se
1234 785 1259 811 a
1288 783 1354 810 me
1383 771 1563 810 solvere.

101 830 219 879 Quod
249 830 361 870 euim
391 831 580 883 praetori
610 831 710 871 dare
727 833 1011 878 consuessent,
1045 829 1244 882 quoniam
1273 839 1349 880 ego
1380 838 1463 867 non
1495 838 1564 867 ac-

100 899 317 939 ceperam,
360 901 403 927 se
434 902 458 928 a
486 901 552 928 me
582 889 763 939 quodam
791 889 913 930 modo
942 888 1064 937 dare,
1107 888 1234 939 atque
1263 885 1390 924 etiam
1426 883 1562 923 minus

98 956 187 984 esse
217 945 432 995 aliquanto
463 946 506 985 in
540 946 703 997 Scaptii
732 947 922 994 nomine,
961 957 1089 996 quam
1125 945 1169 984 in
1206 941 1404 994 vectigali
1442 952 1562 993 prae-

97 1002 220 1041 torio.
281 1002 525 1043 Collaudavi
560 1003 765 1044 homines.
825 1004 1013 1051 ‚‚Recte‚
1055 1001 1195 1053 inquit
1226 999 1445 1050 Scaptius,
1486 996 1560 1036 sed

95 1058 375 1099 subducamus
403 1061 642 1100 summam.”
698 1060 875 1101 Interim
906 1073 1036 1111 quum
1066 1071 1143 1112 ego
1179 1058 1224 1098 in
1255 1056 1395 1096 edicto
1432 1055 1559 1095 trala-

95 1181 169 1215 Cfr.
197 1192 255 1226 ep.
274 1181 426 1216 CCLII:
454 1183 548 1226 quod
572 1192 640 1224 ego
653 1182 838 1226 Torquato
864 1185 988 1215 nostro
1014 1183 1060 1215 in
1085 1186 1145 1215 tuo
1162 1179 1301 1214 Laenio
1329 1204 1337 1212 .
1353 1204 1361 1212 .
1384 1176 1556 1221 probavi.

92 1227 210 1261 Unter
235 1228 438 1261 institutum
470 1230 637 1262 vei-stelit
662 1240 704 1262 er
728 1228 830 1262 seine
855 1229 1210 1270 Massnelimungen‚
1247 1226 1307 1259 die
1333 1236 1374 1257 er
1399 1223 1478 1257 sich
1503 1224 1558 1257 als

91 1274 302 1309 Proconsul
328 1284 410 1307 zum
437 1274 574 1308 Gesetz
599 1275 768 1318 gemacht
792 1275 903 1309 hatte.
944 1274 983 1308 S.
1013 1286 1069 1318 ep.
1092 1272 1316 1308 CCXLVH.
1344 1271 1500 1304 edictum
1524 1273 1557 1302 et

92 1321 298 1353 institutum
323 1320 426 1354 eines
451 1321 620 1354 Prators.
646 1322 685 1354 ‘in
710 1321 848 1353 Laenio
874 1321 1015 1355 Manut.
1032 1320 1158 1354 Lamb.
1186 1320 1224 1352 in
1240 1317 1449 1353 M.Laem·0
1470 1315 1556 1350 Sch.

91 1366 186 1400 Lun.
214 1366 285 1400 OR.
336 1367 388 1400 Es
413 1366 508 1399 wird
535 1366 617 1400 hier
651 1366 842 1400 entweder
874 1368 920 1401 A.
938 1367 1099 1401 Manlius
1126 1366 1358 1408 Torquatus,
1390 1362 1557 1397 Cicero’s

91 1413 260 1455 Freuiid,
294 1413 431 1446 Prator
450 1413 514 1446 702
541 1415 583 1456 (S.
610 1413 655 1447 ad
675 1413 804 1447 Famil.
822 1413 890 1456 vl,
908 1415 937 1447 1.
966 1413 1011 1447 de
1034 1412 1183 1447 Finibb.
1206 1412 1257 1454 Π,
1278 1411 1357 1452 22),
1392 1408 1484 1442 oder
1509 1406 1553 1442 L.

91 1459 253 1494 Manlius
280 1459 511 1501 Torquatus,
540 1459 608 1493 der
632 1459 771 1493 Consul
797 1470 829 1493 v.
854 1460 882 1493 I.
901 1461 968 1493 689
993 1461 1037 1501 (s.
1061 1459 1164 1492 Orat.
1193 1457 1300 1491 Catil.
1314 1456 1386 1498 ΙΙΙ,
1402 1457 1434 1490 S.
1460 1455 1554 1498 Agr.

92 1505 140 1543 ΙΙ,
159 1507 213 1539 17.
240 1506 452 1540 Pis.31.19.
477 1505 638 1539 Brucfis
664 1505 757 1538 oder
781 1505 962 1538 vielmehr
982 1506 1115 1539 dessen
1132 1502 1426 1548 gleiclmamiger
1438 1500 1555 1543 Sohn,

90 1551 226 1585 Prator
252 1551 300 1585 im
326 1552 353 1586 Ι.
376 1551 441 1585 705
474 1551 536 1593 (ad
561 1551 675 1585 Attic.
693 1551 761 1593 IV,
785 1553 839 1585 16.
869 1551 968 1594 VII,
989 1552 1042 1584 12.
1070 1551 1148 1593 IX,
1167 1552 1199 1584 8.
1233 1550 1280 1583 de
1300 1548 1447 1582 Finibb.
1466 1547 1553 1590 1,5.

88 1598 193 1632 Brut.
215 1598 287 1640 76.)
319 1598 551 1641 gemeint.-
595 1597 638 1631 Si
666 1598 894 1641 praefectus,
923 1596 1076 1641 Scaptio
1103 1596 1205 1639 dixi,
1236 1596 1342 1629 vellet
1366 1604 1441 1628 esse
1467 1598 1554 1635 cet„

90 1654 199 1678 wenn
225 1655 285 1687 er,
311 1645 402 1687 sagt’
426 1643 486 1677 ich
511 1654 557 1678 zu
583 1644 676 1686 ihm,
705 1643 830 1678 seiner
862 1642 1213 1686 Schuldforderung
1244 1652 1378 1685 wegen
1401 1640 1556 1675 Prafect

89 1699 134 1725 zu
160 1689 239 1723 sein
264 1690 454 1724 wiinschte
478 1692 575 1730 (was
607 1690 704 1723 denn
735 1691 830 1724 auch
865 1690 945 1724 sein
969 1688 1239 1734 Beweggrund
1271 1689 1387 1730 ΨΜ),
1421 1697 1463 1721 so
1488 1686 1556 1719 be-

88 1736 196 1770 diirse
221 1748 259 1770 es
285 1736 417 1770 dessen
444 1736 563 1770 nicht:
599 1736 658 1769 ich
684 1736 815 1771 wollte
839 1737 954 1770 sehon
981 1737 1087 1770 daffir
1111 1745 1268 1779 sorgen‚
1297 1734 1382 1768 dass
1406 1744 1447 1767 er
1473 1732 1554 1767 sein

89 1782 234 1827 Capital
268 1783 560 1816 zuriickbezalnlt
593 1782 771 1825 erhielte,
801 1786 840 1816 ut
865 1783 1028 1825 exigeret
1052 1782 1248 1826 pecuniam
1284 1792 1304 1814 e
1339 1779 1555 1826 syngrapha

28 1843 29 1846 ¹
88 1828 273 1871 debitam,
307 1829 451 1862 etiamsi
483 1828 696 1873 praefectus
726 1840 800 1862 non
830 1835 940 1863 esset.
975 1829 1084 1863 SCH.
1106 1848 1149 1854 ·-
1198 1829 1344 1871 Appzus
1373 1826 1553 1866 Pulcher,

88 1886 199 1918 quum
225 1875 380 1909 Ciliciae
404 1881 668 1919 praeesset.—-
699 1875 865 1919 dederat,
897 1876 999 1909 hatte
1030 1876 1093 1909 ihn
1119 1876 1197 1908 also
1231 1885 1315 1908 zum
1341 1871 1554 1918 praefectus

87 1921 252 1964 equitum
277 1922 457 1965 gemacht.
482 1941 523 1946 —
557 1932 625 1965 per
649 1932 738 1964 quas
760 1934 807 1956 =
839 1928 879 1956 ut
910 1933 979 1966 per
1012 1933 1073 1956 eas
1099 1920 1322 1956 Salaminios
1359 1922 1554 1960 codro-eret,

86 1968 152 2002 mit
176 1967 344 2001 welchcn
370 1979 411 2001 er
436 1967 498 2001 die
523 1966 745 2002 Salaminier
769 1978 851 2001 zum
878 1969 1019 2002 Zahlen
1044 1968 1217 2003 anhalten
1243 1967 1405 2010 kounte3
1438 1968 1552 1999 coerc.

86 2026 130 2047 Ξ
153 2019 307 2057 cogeret
330 2014 524 2058 pecunias,
551 2025 642 2057 quas
666 2014 700 2048 ei
726 2014 920 2057 deberent,
946 2016 1106 2049 solvere.
1133 2014 1240 2048 SCH.

178 2062 229 2093 ll.
266 2061 371 2103 fidem
397 2060 516 2094 datam
539 2064 698 2105 praest„
723 2061 803 2094 sein
828 2062 1041 2105 gegebenes
1057 2062 1170 2096 VVort
1194 2060 1330 2093 halten.
1351 2076 1394 2084 —
1425 2057 1553 2092 Multa

86 2104 166 2139 scil.
193 2106 385 2149 conquesti
411 2113 508 2140 sunt.
527 2127 571 2133 —
610 2107 761 2148 Negavi
790 2118 846 2139 me
870 2109 1016 2151 audire,
1048 2107 1107 2141 ich
1134 2112 1238 2150 sagte
1264 2106 1394 2147 ihnen‚
1431 2104 1552 2137 davon

86 2151 216 2185 wollte
241 2152 301 2186 ich
324 2152 454 2187 Nichts
479 2154 609 2187 horen.
657 2154 784 2186 Ueber
810 2153 881 2186 den
906 2154 1014 2187 Infin.
1043 2154 1188 2198 imperf.
1213 2152 1311 2186 beim
1336 2149 1551 2185 Praeterito

87 2207 115 2231 s.
140 2197 289 2233 Ramsh.
315 2199 342 2240 §.
362 2200 441 2242 164,
454 2200 487 2234 4.
503 2220 547 2224 —
576 2200 756 2233 nortatus
779 2211 876 2239 sum,
902 2200 962 2233 ich
988 2201 1115 2234 redete
1142 2200 1252 2233 ilmen
1279 2209 1336 2232 zu.
1354 2216 1396 2222 -—
1432 2196 1469 2229 iu
1496 2195 1549 2228 cz·-

88 2244 149 2276 vit.
178 2254 324 2286 eorum,
349 2245 410 2278 bei
436 2246 581 2280 meinen
607 2246 858 2282 Verdiensten
885 2258 942 2280 um
970 2247 1051 2280 ihre
1068 2246 1243 2281 Stadt.-
1282 2254 1465 2285 recusare,
1491 2242 1548 2274 di-

87 2299 168 2322 cere
200 2289 339 2324 Infinit.
373 2291 504 2326 histor.
544 2292 582 2327 S.
604 2293 754 2327 Ramsh.
790 2294 817 2335 §.
833 2294 912 2335 168,
934 2293 980 2336 B,
998 2295 1030 2328 5.
1069 2292 1212 2327 Grotef.
1239 2292 1266 2334 §.
1287 2293 1366 2326 170.
1384 2308 1428 2315 -
1463 2299 1500 2321 se
1525 2299 1549 2321 α

88 2346 142 2386 me
166 2336 323 2379 solvere,
355 2336 410 2370 sie
442 2338 595 2372 wiirden
622 2338 826 2383 eigentlich
857 2339 951 2373 doch
983 2340 1046 2373 ihu
1079 2340 1181 2373 bloss
1207 2348 1286 2372 aus
1319 2337 1412 2370 dem
1438 2334 1548 2369 Mei-

89 2392 228 2424 nigen
252 2382 446 2419 bezahlen.
477 2385 625 2419 Ramsh.
652 2387 680 2430 §.
699 2386 777 2428 150,
796 2387 826 2419 l.
846 2405 890 2411 --
932 2390 1037 2430 atque
1067 2386 1177 2419 etlam
1208 2395 1283 2418 esse
1313 2384 1435 2417 minus
1459 2381 1548 2424 aliq.

88 2434 177 2470 cet.‚
205 2428 289 2479 'und
314 2427 368 2462 sie
394 2432 597 2472 gewannen
622 2432 718 2465 noch
753 2431 880 2475 dabei,
916 2431 962 2465 da
996 2432 1058 2465 die
1087 2440 1204 2476 ganne
1230 2430 1452 2470 Forderung
1483 2427 1550 2460 des

87 2473 260 2526 Scaptius
287 2480 401 2508 etwas
426 2477 594 2521 weniger
617 2479 792 2522 betrage,
826 2479 880 2512 als
905 2479 967 2513 die
999 2478 1292 2512 herkommliche
1317 2475 1473 2517 Abgabe
1504 2483 1549 2507 an

86 2519 157 2554 den
183 2521 331 2554 Prator.
351 2540 392 2562 ε-
435 2524 578 2558 subduc.
605 2536 752 2564 summ„
787 2524 860 2559 wir
891 2525 1029 2558 wollen
1063 2525 1124 2558 die
1150 2523 1298 2558 Summe
1323 2529 1552 2555 zusammen—

88 2567 259 2618 1‘ecl1nell.
281 2585 324 2592 --
370 2568 524 2618 ¹Interim
554 2581 662 2613 quum
694 2577 785 2613 cet.,
824 2570 1077 2614 Inzwischen,
1112 2569 1287 2614 obgleich
1320 2567 1380 2601 ich
1405 2566 1442 2600 in
1470 2567 1551 2600 dem

89 2612 242 2656 Edicte,
267 2623 346 2665 was
370 2615 429 2648 ich
454 2616 508 2649 als
532 2617 669 2651 Prator
694 2617 761 2650 der
786 2618 953 2652 Provinz
979 2619 1080 2651 hatte
1106 2617 1269 2658 ergehen
1294 2614 1435 2656 lassen,
1461 2612 1555 2646 nach

89 2657 170 2693 dem
201 2659 396 2712 Reispiele
429 2661 570 2696 meiuer
600 2664 827 2707 Vorganger
861 2664 942 2707 (des
976 2665 1017 2697 L.
1036 2663 1231 2703 Lucullus)
1266 2661 1408 2694 erklart
1439 2660 1555 2701 hatte,

91 2705 175 2742 dass
200 2707 260 2742 ich
284 2706 323 2742 in
351 2706 781 2754 zinsversclueibungen
806 2721 875 2745 nur
902 2712 921 2746 1
948 2721 1019 2745 von
1047 2710 1111 2745 100
1136 2707 1384 2750 monathlich,
1422 2705 1557 2741 iedoch
