1795 3043
387 67 701 116 EPISTOLA
737 67 957 114 CCXXX.
995 69 1249 121 CCXXXI.
1470 79 1569 125 135

93 181 190 235 des,
229 180 368 234 quoad
402 180 505 223 fides
541 181 615 222 tua
653 179 918 233 dignitasque
956 182 1170 233 patietur:
1208 182 1396 236 patietur
1424 187 1565 227 autem

95 240 140 281 in
169 239 387 289 omnibus3
424 239 534 280 nihil
569 237 684 278 enim
725 236 801 278 abs
831 239 874 278 te
904 250 1112 290 unquam,
1152 241 1263 293 quod
1292 243 1347 283 sit
1376 243 1564 284 alienum

95 296 179 337 tuis
209 299 282 337 aut
310 298 436 338 etiam
465 296 549 336 suis
585 293 797 344 moribus,
837 296 1084 347 postulabit.
1148 299 1385 352 Praecipue
1422 301 1562 341 autem
1585 297 1614 337 2

99 353 173 393 tibi
204 354 448 395 commendo
477 354 649 406 negotia
677 352 784 400 eius,
815 364 924 404 quae
953 355 1050 393 sunt
1078 355 1123 394 in
1154 356 1447 409 Hellespont0‚
1477 358 1564 409 pri·

98 423 223 464 mum,
251 414 301 452 ut
330 411 519 452 obtineat
546 410 591 450 id
620 410 726 450 iuris
755 410 800 449 in
831 409 965 462 agris,
997 411 1108 461 quod
1140 412 1179 452 ei
1195 413 1379 454 Pariana
1408 415 1561 456 civitas

97 467 287 509 decrevit
316 470 359 510 et
387 467 503 508 dedit
532 468 575 507 et
603 466 715 518 quod
743 478 908 518 semper
943 466 1128 508 obtinuit
1157 470 1249 508 sine
1278 472 1367 510 ulla
1396 473 1562 512 contro-

28 571 29 574 *
96 527 255 567 versia:
286 525 449 573 deinde,
482 524 517 564 si
547 524 649 576 quid
675 522 852 564 habebit
873 536 969 565 cum
991 525 1132 577 aliquo
1148 525 1441 580 Hellespontio
1463 541 1561 569 con·

95 583 337 635 trovemiae,
366 584 414 622 ut
442 582 488 622 in
517 582 638 622 illam
669 581 872 629 διοίκησιν
899 581 1084 622 reiicias.
1142 583 1225 623 Sed
1250 597 1335 625 non
1364 586 1472 626 mihi
1501 586 1561 626 vi-

94 639 216 692 deor,
256 652 383 692 quum
422 638 501 678 tibi
540 640 675 679 totum
702 639 914 679 hominem
943 639 1265 692 diligentissime
1296 643 1558 683 commenda-

93 697 186 747 rim,
217 698 403 750 singulas
433 695 486 736 ad
516 697 558 735 te
588 695 677 735 eius
707 708 854 736 causas
883 697 1154 748 perscribere
1174 698 1343 740 debere.
1388 701 1560 740 Summa

92 755 168 793 illa
195 754 271 795 sit:
309 753 513 806 quidquid
543 752 698 805 officii,
738 752 958 806 beneficii,
995 754 1171 795 honoris
1210 755 1255 795 in
1287 757 1557 798 Genucilium

91 810 335 858 contuleris,
366 810 410 850 id
439 812 480 850 te
511 810 758 851 existimabo
787 811 831 851 in
860 823 929 851 me
957 811 1096 864 ipsum
1125 813 1253 864 atque
1282 813 1326 855 in
1356 826 1446 855 rem
1474 827 1560 855 me·

90 879 159 909 am
188 868 431 910 contulisse.

234 1005 551 1053 EPISTOLA
587 1005 829 1053 CCXXXI.
868 1006 965 1066 (ad.
1001 1007 1108 1054 Div.
1145 1007 1279 1056 XIII.
1298 1009 1401 1070 56.)

388 1093 469 1130 Ser.
496 1093 535 1128 in
561 1093 697 1129 Cilicia
721 1096 767 1129 A.
794 1094 840 1130 U.
867 1095 908 1129 C.
929 1096 1007 1130 703.
1034 1097 1084 1139 (a.
1110 1095 1151 1130 C.
1177 1097 1252 1140 51.)

341 1162 506 1208 Negotia
532 1162 657 1198 Cluvii
682 1163 883 1199 Puteolani
910 1164 1154 1200 commendat.
1181 1167 1202 1200 1
1219 1167 1312 1202 —3.

459 1232 645 1267 CICERO
676 1232 896 1266 THERMO
923 1233 1114 1269 PROPR.
1139 1233 1180 1270 S.

203 1300 374 1342 Cluvius
388 1301 647 1342 Puteolanus
675 1301 799 1342 valde
822 1315 890 1342 me
910 1303 1106 1345 observat
1128 1304 1336 1356 valdeque
1359 1305 1423 1344 est
1450 1302 1557 1345 mihi

30 1364 33 1401 ‘3
89 1359 329 1400 familiaris.
369 1358 410 1398 Is
440 1359 502 1398 ita
531 1358 614 1398 sibi
642 1359 882 1411 persuadet,
915 1361 1026 1411 quod
1056 1361 1099 1400 in
1131 1362 1204 1402 tua
1232 1361 1457 1414 provincia
1485 1373 1557 1401 ne-

30 1432 33 1455 z
90 1417 195 1470 gotii
224 1415 403 1464 habeat,
434 1415 543 1464 nisi,
575 1418 618 1456 te
646 1416 912 1468 provinciam
941 1417 1185 1469 obtinente,
1214 1419 1319 1459 meis
1349 1430 1556 1459 commen-

18 1531 34 1623 {2

19 1641 25 1669 Ι

21 1707 29 1726 ἑ

32 1721 35 1730 ι

0 1738 35 1760 Ἰ’1

0 1873 36 1897 ιΙζ

180 1539 214 1573 2.
246 1541 282 1571 ut
298 1537 408 1571 obtin.
427 1537 467 1570 id
490 1538 660 1581 iancea,
685 1538 801 1582 „dass
827 1550 869 1573 er
892 1540 959 1573 auf
979 1540 1107 1576 seinen
1125 1541 1299 1586 dortigen
1313 1542 1555 1586 Landgiitern

90 1585 138 1620 im
164 1584 314 1619 Besitze
339 1583 403 1617 des
428 1584 568 1618 Rechts
593 1584 712 1618 durch
735 1585 836 1619 Dich
871 1587 1067 1629 geschiitzt
1099 1588 1248 1632 werde,
1282 1589 1448 1623 welches
1480 1589 1555 1623 ihm

20 1632 37 1670 ’ς
89 1633 152 1666 die
186 1631 292 1666 Stadt
324 1629 476 1664 Parium
509 1631 624 1664 durch
663 1631 724 1665 ein
764 1632 982 1667 formliches
1012 1635 1155 1670 Decret
1193 1636 1447 1679 zugestanden
1479 1636 1553 1669 hat.

21 1703 37 1719 ,ἓ
89 1678 290 1724 ,,Ρανιίιυι,
322 1676 405 1710 eine
430 1677 671 1711 ansehnliche
696 1677 804 1712 Stadt
829 1690 885 1712 am
911 1680 1153 1725 Hellespont‚
1187 1681 1269 1725 die,
1305 1682 1381 1716 wie
1405 1682 1467 1715 die
1492 1692 1557 1715 an-

89 1726 181 1758 dern
209 1723 361 1758 Griech.
388 1722 531 1766 Stadte,
556 1729 664 1758 unter
690 1724 797 1760 Rom.
819 1726 1172 1761 Oberherrlichkeit
1198 1728 1282 1761 eine
1297 1729 1368 1762 Art
1391 1738 1465 1761 von
1490 1729 1556 1764 αὐ-

23 1770 35 1797 =³
87 1774 240 1813 τουομία
270 1780 453 1813 genossen
489 1769 524 1803 d.
554 1769 577 1804 i.
612 1770 693 1804 sich
724 1771 798 1805 und
832 1772 904 1805 den
936 1782 982 1806 zu
1015 1772 1127 1807 ihnen
1159 1773 1367 1817 gehorigen
1394 1774 1557 1808 District

0 1842 2 1853 r
32 1845 36 1852 ι

89 1817 208 1851 durch
241 1817 357 1850 selbst
391 1816 572 1849 erwahlte
596 1817 818 1861 Magistrate
852 1819 946 1852 nach
977 1818 1084 1853 ihren
1111 1819 1268 1863 eigenen
1295 1822 1482 1854 Gesetzen
1507 1830 1553 1854 zu

90 1863 242 1907 regiren
276 1862 494 1906 ermachtigt
526 1873 666 1897 waren.
710 1863 749 1898 S.
779 1863 880 1899 Plin.
913 1865 961 1899 H.
984 1866 1028 1900 N.
1055 1866 1125 1908 IV,
1145 1868 1201 1900 11.
1227 1867 1277 1908 V,
1294 1867 1351 1902 32.
1400 1866 1554 1901 Sallust.

0 1929 3 1943 ι
24 1908 36 1942 ’Ξ
90 1910 236 1953 Fragm.
262 1909 360 1943 Hist.
381 1909 450 1945 IV.
484 1908 521 1942 in
547 1909 657 1954 epist.
683 1909 854 1945 Mithrid.
881 1913 907 1954 §.
925 1911 980 1946 14.
1005 1923 1043 1956 p.
1064 1913 1144 1947 986.
1172 1912 1230 1947 ed.
1258 1914 1362 1948 Cort.
1395 1913 1497 1947 Mela
1519 1914 1554 1955 1,

0 2014 4 2035 l

92 1957 148 1990 19.
184 1955 317 1990 Senec.
342 1955 425 1990 Nat.
454 1955 605 1990 Quaest.
628 1958 661 1999 1,
679 1957 714 1990 4.
756 1957 838 1990 Der
862 1958 1087 2003 Hellespont
1119 1958 1204 1993 hier
1228 1958 1289 1993 die
1316 1959 1474 2003 Gegend
1497 1970 1554 1992 am

36 1999 39 2025 ἓ
90 2002 324 2046 Hellespont.
359 2001 398 2036 S.
423 2001 530 2036 Sext.
556 2002 644 2036 Rus.
671 2002 718 2036 de
741 2003 918 2038 Provinc.
945 2005 1051 2039 Rom.
1070 2007 1124 2040 10.
1159 2005 1238 2040 Cic.
1266 2006 1420 2042 Verrin.
1439 2008 1473 2048 l,
1493 2006 1553 2039 24.

91 2048 156 2083 Sie
181 2048 299 2091 stand,
323 2047 398 2081 wie
423 2048 495 2081 wir
520 2049 645 2091 sehen,
672 2055 780 2083 unter
805 2050 887 2083 dem
904 2052 1115 2095 Propriitor
1138 2063 1211 2085 von
1237 2052 1364 2087 Asien.
1384 2072 1427 2077 —
1460 2052 1555 2086 utin

91 2095 198 2129 illam
223 2095 353 2129 ὃιοίκ.
379 2094 482 2128 relic.
510 2095 821 2139 Hellesponssam,
847 2107 893 2130 ne
919 2097 955 2130 in
972 2097 1165 2141 [ephesina
1183 2097 1555 2150 &muffet-Ephe-

38 2152 40 2156 ’
92 2151 154 2176 sus
179 2140 274 2174 enim
300 2140 476 2184 primaria
501 2142 590 2175 urbs
615 2148 695 2175 erat
719 2153 860 2185 eorum,
885 2143 950 2186 qui
975 2144 1089 2178 Asiae
1114 2144 1332 2189 provincxae
1356 2150 1557 2189 praeerant

95 2189 145 2230 (v.
180 2197 238 2230 ep.
265 2187 345 2220 CCI
377 2197 413 2220 u.
446 2187 687 2231 CCXXXII)
720 2207 765 2213 -—
796 2188 1030 2223 incommodo
1060 2201 1127 2224 suo
1161 2190 1312 2234 litigare
1342 2196 1556 2235 cogeretur.

38 2234 42 2264 ἱ
93 2232 299 2267 MANUT.
333 2232 457 2274 „Dass
483 2234 545 2267 Du
571 2234 633 2268 die
658 2234 778 2269 Sache
803 2236 954 2269 wollest
978 2247 1022 2270 an
1049 2236 1177 2270 seinen
1201 2237 1365 2272 District
1396 2237 1557 2271 verwei-

38 2292 42 2311 ,ν
94 2289 161 2320 sen
177 2289 212 2312 u.
231 2278 395 2312 daselbst
418 2281 637 2314 ausmachen
661 2281 796 2315 lassen.
811 2301 853 2306 —
883 2283 1013 2326 dilig„
1038 2283 1178 2317 aufdas
1194 2284 1558 2318 nachdriicklichste.

41 2344 43 2347 f
94 2344 141 2351 --
177 2334 323 2366 causccS,
356 2335 421 2358 cur
445 2325 564 2369 ipsum
590 2326 659 2360 tibi
685 2328 1009 2362 commendandum
1035 2330 1206 2373 putarim.
1223 2350 1268 2356 -
1308 2331 1457 2365 Szmzma
1488 2329 1560 2362 illa

97 2371 165 2412 sit,
200 2370 272 2403 lass
297 2368 393 2402 mich
416 2371 521 2406 Alles
552 2373 618 2407 mit
649 2373 780 2409 diesen
803 2375 902 2410 Paar
926 2377 1088 2411 Worten
1113 2387 1243 2421 Sagen,
1278 2376 1317 2411 in
1343 2376 1443 2410 diess
1467 2375 1560 2410 Ein-

40 2428 43 2434 ·
98 2417 184 2460 zige
208 2416 551 2452 zusammensassen.

190 2463 223 2495 1.
263 2463 304 2495 C.
323 2462 472 2496 Cluvius
496 2466 594 2500 Crat.
618 2464 758 2500 Dieser
783 2467 922 2500 kommt
947 2467 1001 2501 als
1016 2467 1174 2502 Richter
1199 2468 1237 2502 in
1263 2469 1330 2503 der
1346 2468 1467 2512 Klage
1491 2466 1560 2500 des

40 2534 41 2537 ,
100 2508 260 2544 Fannius
287 2519 406 2551 geg-seu
430 2510 578 2544 Flavius
602 2523 672 2546 vor
698 2514 801 2547 Orat.
827 2514 938 2547 Rosa
965 2515 1106 2548 Comm.
1126 2516 1181 2548 14.
1199 2515 1254 2548 15.
1289 2516 1392 2548 Aber
1418 2513 1478 2547 cin
1503 2514 1559 2547 M.

40 2552 45 2587 ⁸.
101 2555 253 2589 Cluvius
271 2565 343 2587 von
362 2555 510 2589 Puteoli
535 2558 631 2591 wird
656 2559 710 2593 als
725 2560 933 2593 Fencrator
956 2561 1001 2594 ad
1019 2561 1211 2603 Attic.VI‚
1226 2562 1258 2593 2.
1287 2560 1468 2601 erwiihnt,
1493 2559 1561 2593 der

41 2624 43 2627 s
101 2600 173 2634 den
199 2600 331 2635 Cicero
358 2603 464 2637 ncbst
489 2603 639 2637 Andern
664 2615 747 2638 zum
771 2606 898 2640 Erben
925 2606 1094 2640 einsetzt.
1134 2606 1175 2642 S.
1201 2607 1248 2640 ad
1271 2606 1562 2649 Attic.X111‚6.

42 2663 43 2678 1
105 2647 149 2680 ad
173 2647 272 2680 Fam.
289 2647 399 2687 XIII,
416 2651 448 2682 7.
474 2667 519 2672 —
550 2651 656 2683 valde
679 2662 735 2684 me
759 2653 852 2693 obs„
881 2654 929 2687 ist
955 2653 1025 2687 mir
1049 2654 1136 2687 sehr
1160 2653 1357 2693 zugethan.
1376 2672 1419 2677 —-
1456 2653 1495 2686 Is
1511 2652 1564 2685 ila

42 2702 47 2720 ι
108 2693 179 2726 sihi
200 2694 406 2737 persuadet,
433 2695 499 2728 (ler
524 2702 612 2737 gnte
636 2697 749 2731 Manu
773 2699 835 2732 hat
860 2699 938 2733 sich
965 2699 1002 2732 in
1027 2700 1096 2732 den
1124 2699 1231 2742 Kops
1250 2705 1407 2740 gesctzt.
1432 2718 1477 2723 -
1502 2698 1567 2732 ha·-

42 2747 44 2767 ἓ
109 2739 197 2774 beat.
224 2741 323 2775 Crat.
350 2740 478 2776 Lamb.
508 2741 679 2777 ltabet.—
712 2748 744 2777 te
764 2756 869 2789 proc.
898 2746 988 2787 obl.‚
1021 2746 1199 2780 wiihrend
1225 2745 1369 2780 Deiner
1393 2745 1568 2780 Verwal-
