1795 3043
177 80 280 133 266
434 78 499 125 Μ.
534 78 590 123 Τ.
636 75 978 124 CICERONIS
1022 75 1396 125 EPISTOLAE.

177 192 329 234 debam
356 201 588 233 sermones:
635 189 743 231 Hui!
781 191 957 232 fratrem
984 189 1188 242 reliquit?
1226 201 1326 231 num
1354 190 1418 231 est
1446 191 1527 233 hoc
1556 203 1640 232 non

176 252 276 303 plus
305 261 460 290 anuum
489 246 684 287 obtinere
713 247 1001 300 provinciam?
1051 247 1193 295 Quid?
1233 246 1346 298 quod
1374 249 1542 290 senatus
1570 261 1642 289 eos

177 306 314 349 voluit
353 317 546 358 praeesse
587 305 841 357 provinciis,
884 306 957 357 qui
995 317 1079 345 non
1116 304 1431 358 praefuissent?
1473 305 1529 346 At
1567 306 1642 346 hic

126 372 156 413 4
178 364 423 405 triennium.
482 363 594 415 Ergo
633 363 741 404 haee
779 362 832 404 ad
866 363 1080 415 populum.
1147 361 1277 410 Quid,
1325 373 1434 413 quae
1472 363 1641 403 tecum?

175 433 393 472 nunquam
422 432 555 460 essem
586 419 677 460 sine
707 433 830 472 cura,
860 420 895 460 si
924 418 1024 471 quid
1054 418 1299 459 iracundius
1328 420 1401 459 aut
1427 421 1642 461 contume-

177 478 327 519 liosius
370 478 442 518 aut
477 477 777 530 negligentius3
822 489 930 528 quae
968 477 1050 517 fert
1087 478 1176 517 vita
1214 475 1444 517 hominum.
1513 476 1639 525 Quid,

175 536 215 576 si
244 534 347 587 quid
376 534 488 575 filius
517 547 637 586 puer,
669 536 712 574 et
740 546 846 586 puer
875 535 982 574 bene
1011 534 1091 573 sibi
1112 533 1275 574 fidens?
1323 533 1405 581 Qui
1434 536 1542 574 esset
1570 534 1643 574 do-

174 592 271 634 lor?
331 592 463 640 Quem
490 593 612 643 pater
639 604 723 630 non
754 590 1011 640 dimittebat,
1047 593 1172 643 teque
1200 591 1243 630 id
1273 602 1448 631 censere
1468 592 1643 631 moleste

174 649 355 692 ferebat.
412 648 469 689 At
495 660 609 688 nunc
641 648 831 699 Caelius,
859 661 944 688 non
975 648 1071 688 dico
1102 648 1318 700 equidem,
1349 647 1452 699 quid
1482 649 1641 701 egerin

176 706 251 747 sed
280 708 422 747 tamen
451 706 583 746 multo
615 705 751 745 minus
780 705 941 746 laboro.
998 704 1117 745 Adde
1146 705 1284 746 illudz·
1312 705 1558 757 Pompeius,
1590 716 1641 745 eo

174 762 330 805 robore
370 764 457 810 vir,
506 762 558 802 iis
599 762 850 813 radicibus,
881 763 930 811 Q.
964 762 1154 803 Cassium
1193 763 1285 803 sine
1320 765 1435 803 sorte
1471 762 1642 814 delegit,

176 821 333 862 Caesar
360 819 614 862 Antonium:
657 832 734 872 ego
775 821 887 859 sorte
924 818 1068 859 datum
1107 817 1391 862 offenderem?
1437 821 1484 860 ut
1513 819 1640 859 etiam

173 878 410 931 inquireret
438 879 483 917 in
513 889 629 927 eum,
661 889 789 929 quem
816 875 1107 929 reliquissem?
1165 878 1259 918 Hoc
1288 877 1459 917 melius:
1493 879 1535 916 et
1564 877 1642 916 hu-

170 1021 322 1057 Fauen!
343 1041 384 1046 —
428 1020 514 1055 Vid.
541 1032 648 1055 serm.
675 1020 736 1055 ich
766 1022 833 1055 sah
867 1022 915 1056 im
942 1022 1115 1065 Voraus,
1150 1021 1223 1056 wie
1253 1032 1336 1055 man
1370 1021 1489 1055 davon
1521 1021 1641 1055 reden

171 1068 315 1102 wiirde.
333 1087 377 1092 —
406 1068 507 1102 Num
531 1072 584 1101 est
607 1067 696 1110 hoc,
723 1067 929 1103 heisstDas
949 1068 1052 1102 nicht
1073 1093 1102 1102 ..
1118 1067 1155 1101 .2
1174 1087 1218 1092 —
1246 1068 1331 1111 plus
1356 1079 1465 1111 quam
1491 1078 1637 1102 annum.

171 1113 212 1150 S.
237 1114 386 1149 Ramsh.
420 1116 450 1159 §.
469 1115 548 1157 155,
571 1114 605 1148 2.
649 1114 793 1148 Grotef.
821 1115 850 1157 §.
866 1116 945 1150 387.
967 1133 1012 1138 —
1052 1114 1116 1159 qui
1137 1124 1210 1147 non
1228 1115 1348 1158 praef.
1377 1114 1537 1150 Quintus
1561 1124 1640 1148 war

168 1161 263 1195 aber
287 1161 402 1195 sehon
428 1161 648 1195 Statthalter
682 1160 719 1194 in
744 1160 835 1194 Asia
867 1170 1055 1204 gewesen.
1103 1161 1235 1194 Daher
1267 1163 1320 1194 At
1350 1159 1409 1194 hic
1440 1160 1640 1194 triennium

168 1206 390 1253 provinciae
420 1207 596 1251 praefuit.
619 1226 664 1232 —-
711 1207 816 1249 Ergo
849 1207 937 1241 haec
969 1208 1017 1241 ad
1045 1218 1130 1251 pop.
1165 1207 1245 1240 Hae
1278 1206 1475 1240 dubitandi
1505 1217 1640 1241 causae

169 1259 276 1287 erant
312 1253 515 1296 eiusmodi,
548 1259 589 1287 ut
620 1259 833 1296 spectarent
865 1253 910 1286 ad
945 1253 1080 1298 populi
1114 1253 1159 1287 de
1190 1263 1272 1286 meo
1308 1254 1462 1287 fratrem
1487 1251 1525 1287 in
1549 1264 1640 1298 pro-

168 1299 294 1334 vincia
327 1299 567 1342 relinquendi
598 1298 758 1332 consilio
793 1309 996 1332 sermones.
1046 1298 1116 1332 His
1149 1298 1369 1343 opponitur:
1403 1299 1517 1343 quid?
1550 1310 1640 1343 quae

170 1346 313 1380 tecum?
343 1345 538 1389 Significat
563 1355 646 1380 esse
679 1345 878 1388 quaedam,
912 1356 1006 1388 quae
1031 1356 1096 1388 se,
1129 1355 1175 1378 ne
1205 1344 1357 1378 fratrem
1381 1345 1419 1379 in
1443 1345 1641 1391 provincia

168 1392 372 1435 relinquat,
392 1392 608 1437 impediant,
630 1402 725 1435 quae
744 1392 817 1425 soli
834 1391 960 1426 Attico
977 1392 1015 1425 in
1031 1402 1157 1425 aurem
1175 1391 1286 1425 dicat.
1303 1391 1413 1426 SCH.
1439 1391 1639 1436 „Griinde,

168 1439 246 1473 wie
271 1439 408 1479 Diese,
436 1438 518 1473 sind
543 1439 603 1472 fiir
628 1438 869 1483 Iedermann3
906 1439 997 1472 aber
1029 1437 1104 1473 wie
1130 1437 1204 1472 viel
1230 1437 1432 1484 wichtiger
1455 1438 1539 1473 sind
1563 1438 1638 1483 die,

168 1495 211 1521 so
236 1485 297 1519 ich
323 1496 393 1518 nur
417 1485 491 1519 Dir
515 1495 630 1528 sagen
655 1484 782 1518 darf!⁷⁷

259 1543 292 1577 4.
326 1543 361 1575 si
384 1542 471 1586 quid
494 1541 710 1576 iracundius
735 1541 817 1576 scil.
842 1541 958 1576 frater
982 1540 1128 1576 fecerit.
1167 1541 1206 1577 S.
1233 1552 1293 1586 ep.
1315 1542 1445 1585 XXX,
1461 1543 1506 1577 37
1531 1553 1566 1576 u.
1594 1552 1640 1577 zu

168 1600 228 1635 ep.
249 1589 441 1632 CCLXX,
460 1590 491 1623 1.
523 1593 682 1622 current.
719 1588 832 1622 anim.
852 1607 896 1613 -
948 1589 1164 1631 contumel„
1198 1588 1312 1622 sollte
1340 1600 1382 1622 er
1413 1589 1494 1622 sich
1526 1587 1643 1623 Miss-

167 1635 406 1680 handiungen
432 1635 594 1669 einmahl
620 1645 666 1668 zu
686 1634 877 1669 Schulden
901 1635 1077 1668 kommen
1101 1635 1236 1668 lassen.
1257 1654 1296 1659 —
1331 1635 1432 1677 filius
1449 1646 1544 1678 puer
1568 1634 1638 1670 i.e.

167 1682 261 1727 quid
286 1682 319 1716 si
346 1681 526 1725 Quintus,
560 1682 686 1716 fratris
711 1680 785 1715 mei
809 1680 931 1725 filius,
965 1680 1030 1724 qui
1055 1691 1273 1724 quamquam
1300 1691 1394 1725 puer
1420 1686 1539 1715 tamen
1567 1682 1640 1716 sibi

168 1728 242 1764 iam
275 1728 386 1763 nimis
417 1729 515 1763 bene
552 1727 658 1770 fidit,
697 1726 841 1770 aliquid
883 1727 983 1770 quod
1017 1727 1131 1760 nolim
1174 1727 1423 1761 commiseritZ
1460 1726 1641 1761 8011..-

169 1775 241 1812 Qui
265 1780 355 1809 esset
380 1775 500 1818 dolor,
526 1785 604 1809 was
629 1775 688 1808 fiir
713 1774 774 1808 ein
791 1773 983 1810 Verdruss
1008 1775 1109 1807 w'are
1125 1773 1206 1807 das!
1233 1772 1272 1807 S.
1291 1773 1442 1807 Ramsh.
1469 1774 1590 1817 §.159,
1605 1775 1637 1808 1.

167 1823 314 1858 Grotef.
330 1822 504 1865 §.2ll.-
529 1832 601 1855 non
617 1821 876 1854 dimittebat:
888 1819 1078 1854 dimittere
1096 1820 1227 1861 noluit,-
1239 1831 1348 1862 quem
1366 1820 1538 1863 frater,si
1555 1832 1639 1854 eum

166 1869 207 1904 in
227 1868 423 1914 provincia
443 1867 695 1911 reliquissem,
721 1878 742 1900 a
766 1878 806 1900 se
833 1865 1052 1900 dimissurus
1079 1877 1151 1899 non
1180 1872 1270 1900 erat.
1298 1865 1335 1900 S.
1352 1866 1500 1900 Ramsh.
1520 1867 1547 1909 §.
1559 1868 1639 1910 163,

166 1918 203 1960 8,
222 1916 256 1950 b.
274 1935 318 1941 —
354 1919 454 1959 teque
477 1926 525 1950 =
549 1914 614 1948 sed
641 1920 678 1947 te
704 1913 812 1957 (nach
838 1915 943 1946 einer
968 1913 1119 1957 Negat.)
1152 1913 1192 1947 id
1217 1913 1299 1946 scil.
1326 1912 1444 1946 filium
1469 1923 1490 1946 a
1514 1924 1555 1947 se
1581 1912 1639 1947 di-

167 1961 390 1997 mittendum
423 1972 506 1995 esse
542 1971 685 1994 censere
721 1963 768 1994 m.
801 1960 950 2002 ferebat.
972 1980 1017 1985 —-
1060 1959 1209 1993 Caelius
1241 1965 1431 2001 quaestor.
1459 1979 1504 1999 -ε
1551 1960 1640 2003 quid

167 2009 306 2052 egerit,
343 2008 418 2041 wie
444 2019 485 2041 er
510 2006 590 2041 sich
617 2006 744 2040 bisher
770 2006 989 2040 benommen
1015 2006 1132 2039 habe}
1171 2017 1212 2039 so
1248 2005 1332 2038 dass
1364 2005 1425 2038 ich
1451 2005 1638 2039 Zutrauen

168 2055 206 2090 in
232 2055 315 2088 dem
341 2054 467 2089 Grade
493 2063 539 2087 zu
565 2053 639 2086 ihm
665 2053 785 2087 haben
811 2053 962 2087 konnte.
999 2052 1138 2087 Schutz
1170 2052 1318 2094 schlagt
1341 2063 1426 2085 vor:
1459 2062 1531 2085 non
1555 2053 1638 2086 dico

167 2102 349 2146 equidem,
377 2101 463 2145 quid
489 2104 638 2134 acturus
661 2100 730 2142 sit;
766 2100 828 2133 sed
853 2104 990 2141 tamen,
1017 2098 1187 2143 quicquid
1211 2098 1349 2141 egerit,
1378 2098 1493 2130 multo
1517 2099 1639 2134 minus

167 2148 308 2182 laboro.
359 2147 567 2182 Vielleicht
593 2147 641 2180 ist
667 2147 785 2189 egerit
809 2159 854 2179 z
878 2153 1028 2180 acturus
1053 2145 1179 2185 suerit,
1205 2144 1280 2178 wie
1306 2155 1347 2178 er
1372 2143 1452 2177 sich
1471 2144 1638 2180 dereinst

166 2195 296 2230 werde
321 2194 388 2228 od.
415 2194 561 2227 mochte
586 2194 806 2227 benommen
830 2193 974 2236 haben;
999 2190 1075 2226 wie
1100 2202 1143 2225 er
1163 2190 1243 2225 sich
1268 2190 1474 2223 henehmen
1494 2191 1634 2226 werde.

168 2241 208 2277 S.
237 2241 388 2275 Ramsh.
417 2241 446 2283 §.
465 2241 543 2274 164.
571 2240 651 2283 ΙΙΙ,
677 2240 711 2273 2.
746 2241 851 2274 Anm.
869 2242 901 2274 7.
919 2259 964 2265 —-
1011 2239 1061 2272 iis
1091 2238 1234 2279 radic„
1268 2236 1328 2270 ein
1354 2247 1395 2270 so
1423 2236 1637 2281 eingewur-

168 2288 289 2323 zelter
320 2287 443 2321 Mann.
478 2286 534 2319 his
567 2287 652 2319 Asc.
676 2288 707 2321 l.
741 2287 840 2320 Crat.
868 2285 973 2322 Vict.
992 2287 1024 2318 1.
1051 2284 1179 2318 Lamb.
1205 2303 1249 2308 -—-
1281 2284 1361 2317 sine
1384 2287 1503 2326 sorte,
1540 2285 1638 2318 ohne

166 2335 232 2370 ihn
259 2334 406 2367 durch’s
429 2334 530 2368 Loos
555 2332 776 2367 bekommen
801 2343 848 2366 zu
874 2333 1005 2366 haben.
1031 2349 1075 2356 -
1113 2330 1269 2372 delegit,
1297 2340 1407 2373 quem
1433 2329 1638 2373 Hispaniae

165 2381 404 2428 praeficeret.
445 2380 518 2413 Hic
542 2379 725 2412 Marcello
751 2386 788 2413 et
812 2378 983 2423 Sulpicio
1010 2378 1090 2412 Css.
1104 2376 1281 2421 Pompeii
1307 2382 1485 2419 quaestor
1500 2377 1637 2421 Hispa-

166 2428 254 2462 niae
278 2426 460 2472 praesum
499 2431 586 2471 post
616 2436 750 2458 annum
783 2424 968 2459 Marcello
1000 2430 1037 2458 et
1059 2423 1222 2457 Lentulo
1249 2424 1330 2457 Css.
1356 2422 1528 2456 tribunus
1554 2423 1637 2467 ple-

166 2474 228 2509 bis
264 2485 345 2507 cum
385 2474 434 2507 M.
471 2470 637 2507 Antonio
675 2472 823 2516 collega
858 2482 930 2516 pro
963 2470 1125 2505 Caesare
1160 2469 1375 2504 intercessit
1407 2474 1444 2503 et
1478 2469 1637 2503 devictis

167 2520 326 2556 Afranio
362 2526 399 2553 et
430 2518 586 2553 Petreio
618 2518 657 2551 in
688 2517 869 2563 Hispania
900 2522 1127 2562 propraetor
1153 2527 1174 2550 a
1199 2516 1361 2551 Caesare
1384 2515 1551 2550 relictus.
1576 2515 1635 2549 M.

168 2567 372 2601 Antonium
404 2565 440 2599 in
467 2564 592 2600 Gallia
617 2565 756 2599 Caesar
790 2563 960 2598 hibernis
993 2562 1186 2609 praefecit.
1217 2562 1308 2598 Vid.
1335 2561 1440 2596 Libr.
1463 2561 1563 2598 VIII
1589 2561 1636 2596 de

166 2614 210 2647 B.
239 2613 337 2647 Gall.
367 2620 401 2645 et
430 2612 505 2646 Cic.
534 2611 701 2656 Philipp.
722 2610 760 2644 ΙΙ
784 2615 954 2654 quaestor
977 2621 1014 2643 es
1039 2611 1157 2652 factus
1182 2614 1253 2643 cet.
1281 2608 1488 2643 MANUT.
1523 2607 1562 2642 S.
1590 2618 1637 2642 zu

167 2670 190 2692 e
220 2685 228 2692 .
256 2659 509 2698 CCLXXIH,
527 2660 549 2692 4
580 2669 665 2701 geg.
693 2657 811 2692 Ende.
836 2676 881 2683 —·
918 2660 1016 2690 sorte
1046 2657 1170 2690 datum
1204 2661 1440 2699 quaestorem
1466 2654 1635 2688 Caelium

201 2705 339 2748 aldum,
365 2724 408 2730 -—
454 2710 493 2738 ut
518 2709 563 2739 et.
590 2703 724 2749 inquir.
751 2704 791 2737 in
822 2714 920 2743 eum,
954 2703 1068 2737 damit
1093 2713 1134 2737 er
1160 2701 1269 2736 einen
1294 2701 1492 2736 Auflaurer
1517 2711 1637 2744 gegen

168 2752 256 2787 Den
281 2751 432 2797 spielte.
458 2772 501 2778 -
542 2750 622 2787 Hoc
645 2750 788 2792 melius,
814 2750 913 2795 mein,
938 2759 980 2787 so
1007 2749 1055 2785 ist
1079 2759 1120 2785 es
1144 2750 1295 2793 besser,
1320 2746 1395 2783 wie
1421 2747 1482 2783 ich
1507 2758 1547 2783 es
1572 2758 1639 2792 ge-
