1795 3043
489 60 800 124 EPISTOLA
844 74 1146 123 cccxxxv.
1448 85 1548 133 409

93 190 305 234 derideast
352 202 460 243 quae
504 189 584 230 tibi
614 200 825 241 exponere
860 188 943 229 nisi
967 201 1110 231 coram
1139 202 1222 237 non
1253 205 1444 244 possum3
1487 193 1549 234 id-

93 262 176 301 que
213 248 411 290 celeriter
446 247 537 288 fore
572 259 707 299 spero.
772 245 879 287 Nam
917 258 1007 298 me,
1059 260 1188 298 quum
1229 251 1457 302 expulisset
1496 263 1547 291 ex

92 306 218 347 ltalia
237 304 507 358 Pompeium,
539 302 759 345 constituit
787 302 840 343 ad
867 302 1016 343 urbem
1045 316 1219 347 vocare:
1260 306 1303 346 id
1333 307 1443 358 quod
1462 308 1548 348 iam

92 363 284 404 existimo
315 362 553 402 confectum
571 390 583 409 ,
614 361 699 402 nisi
728 360 764 401 si
792 359 942 400 maluit
969 360 1193 414 Pompeius
1221 364 1437 404 Brundisii
1467 365 1548 405 cir-

91 419 343 461 cumsederi.
407 419 603 470 Peream,
653 419 689 458 si
725 416 898 458 minima
934 429 1061 458 causa
1091 422 1153 458 est
1180 421 1434 472 properandi
1463 421 1544 462 isto

92 477 218 526 mihi,
265 475 377 527 quod
414 477 455 515 te
489 474 633 515 videre
672 476 714 515 et
751 473 891 516 omnia
928 474 1079 514 intima
1113 478 1307 519 conferre
1343 479 1547 531 discupio.

91 533 240 574 Habeo
271 535 409 573 autem
436 544 562 583 quam
590 532 735 572 multa.
794 531 881 570 Hui
918 543 1092 580 vereor,
1148 534 1258 584 quod
1298 537 1405 575 solet
1440 535 1550 586 fieri,

92 603 171 638 ne,
211 602 343 642 quum
373 592 415 629 te
443 588 611 636 videro,
662 588 801 629 omnia
838 588 1082 631 obliviscar.
1141 590 1224 631 Sed
1253 592 1393 632 tamen
1422 593 1552 644 quod-

93 659 190 687 nam
219 647 273 687 ob
302 647 439 688 scelus
465 646 548 686 iter
575 644 680 685 mihi
708 645 993 686 necessarium
1022 648 1137 687 retro
1166 647 1219 688 ad
1248 649 1377 701 Alpes
1406 662 1551 690 versus

92 703 279 744 incidit?
364 702 488 754 Ideo,
531 702 641 754 quod
679 702 881 743 Intimelii
921 702 965 743 in
1005 705 1133 744 armis
1162 707 1284 756 sunt,
1331 719 1469 758 neque
1498 706 1551 746 de

93 773 246 814 magna
284 772 424 801 causa.
494 760 737 812 Bellienus,
779 772 909 800 verna
946 760 1178 814 Demetrii,
1224 763 1298 813 qui
1345 763 1406 803 ibi
1454 776 1550 804 cum

92 816 304 869 praesidio
335 818 447 866 erat,
485 816 716 857 Domitium
743 817 974 868 quendam,
1004 817 1191 858 nobilem
1215 819 1332 870 illic,
1363 820 1553 860 Caesaris

92 875 327 926 hospitem,
376 887 401 913 a.
431 875 647 914 contraria
675 874 860 914 factione
896 875 1076 915 nummis
1119 877 1326 929 acceptis,
1364 889 1554 929 compre-

93 931 242 972 hendit
270 932 311 970 et
340 931 631 982 strangulavit.
691 931 847 971 Civitas
883 930 934 970 ad
965 943 1079 971 arma
1108 933 1182 981 iit;
1232 946 1281 974 eo
1310 946 1424 974 nunc
1454 947 1552 974 cum

93 987 339 1029 cohortibus
357 988 466 1027 mihi
483 1000 560 1039 per
576 987 694 1028 nives
712 987 894 1027 eundum
914 988 987 1026 est.
1046 989 1367 1042 Usquequaque,
1393 991 1551 1042 inquis,

94 1057 138 1086 se
167 1045 348 1085 Domitii
390 1045 500 1085 male
541 1044 656 1086 dant.
724 1045 886 1084 Vellem
925 1044 1094 1095 quidem
1122 1046 1286 1087 Venere
1323 1049 1554 1100 prognatus

94 1192 362 1235 Herrlichkeit‚
388 1190 531 1236 gloire3
558 1193 650 1225 nach
664 1192 814 1226 Ramsh.
837 1192 955 1236 5206,
977 1194 1023 1232 Α,
1041 1192 1063 1226 2
1087 1193 1208 1227 active
1233 1199 1277 1228 St.
1303 1194 1552 1236 iactationem,

94 1239 368 1283 gloriationem.
408 1239 603 1282 Enallage.
641 1258 678 1264 --
735 1240 920 1281 celeriter,
961 1239 1060 1273 bald.
1102 1258 1146 1264 —
1200 1241 1387 1274 constituit
1422 1252 1554 1286 nempe

96 1286 245 1319 Caesar.
274 1304 316 1309 —-
347 1284 404 1317 'id
428 1285 522 1328 quod
546 1284 697 1318 bezieht
720 1284 800 1317 sich
824 1285 889 1317 auf
908 1285 1105 1329 expellere
1131 1297 1176 1319 ex
1196 1286 1304 1326 Italia
1319 1288 1552 1333 Pompeium.

101 1349 139 1356 ·-
172 1331 451 1373 circumsederi,
484 1341 589 1374 quam
615 1330 702 1363 inde
727 1331 905 1374 aufugere
930 1337 966 1363 et
992 1342 1091 1364 mare
1117 1331 1303 1366 traiicere.

185 1399 220 1432 2.
252 1400 343 1441 isto,
376 1399 540 1432 Romam.
570 1417 611 1422 —
660 1398 782 1431 omnia
806 1398 937 1431 intima
969 1400 1102 1442 (lecum
1134 1399 1264 1434 adiicit
1287 1401 1434 1445 Lamb.)
1470 1413 1556 1436 con-

97 1446 215 1488 ferre,
257 1445 354 1478 mein
389 1445 577 1478 Innerstes
612 1444 938 1478 aulZuschliessen.
985 1446 1151 1489 discupio
1185 1446 1301 1480 findet
1338 1447 1417 1481 sich
1457 1449 1554 1482 belm

96 1492 218 1525 Plaut.
245 1491 350 1524 Trin.
377 1491 444 1533 IV,
476 1492 519 1533 2,
551 1492 595 1525 87
630 1491 702 1524 und
734 1491 870 1525 catull.
897 1490 996 1533 CIV,
1031 1492 1064 1525 2.
1106 1491 1216 1525 Sinn:
1253 1493 1337 1527 dass
1371 1493 1431 1528 ich
1455 1494 1555 1528 Dich

97 1537 263 1571 daselbst
294 1548 340 1571 zu
365 1538 478 1571 5611611
504 1538 713 1571 wlinschte:
754 1537 866 1570 allein
891 1537 952 1570 Du
985 1538 1060 1571 bist
1092 1538 1205 1571 sehon
1232 1540 1353 1583 langst
1377 1541 1458 1574 sern
1481 1552 1555 1574 von

98 1583 167 1617 der
192 1583 312 1618 513111.
338 1602 383 1608 -
430 1594 535 1627 quam
559 1595 605 1614 z
629 1594 717 1616 sane
742 1594 869 1626 quam,
897 1583 1005 1616 valde
1025 1584 1149 1617 multa.
1185 1584 1223 1619 S.
1249 1586 1400 1620 Ramsh.
1427 1588 1456 1631 §.
1473 1588 1555 1626 203,

100 1630 171 1671 IV,
197 1631 230 1668 2,
257 1641 287 1663 a.
341 1630 490 1663 Andere
523 1635 649 1663 setzen
682 1629 804 1662 himer
828 1630 942 1661 multa
980 1630 1044 1663 das
1071 1629 1214 1673 signum
1241 1633 1484 1667 exclamandiss
1511 1652 1556 1658 --

100 1677 279 1719 quodnam
304 1676 347 1708 ob
372 1676 497 1709 scelus.
545 1675 657 1709 Sinn:
689 1674 799 1708 weiss
826 1676 936 1718 Gon,
976 1675 1042 1709 mit
1073 1677 1239 1712 welclzer
1262 1679 1464 1712 Uebelthat
1496 1679 1556 1712 ich

98 1722 177 1755 Das
211 1722 466 1764 verschuldet,
508 1721 677 1755 verdient
712 1721 822 1764 habe,
870 1721 954 1754 (1355
987 1722 1045 1755 ich
1080 1724 1170 1756 nach
1207 1724 1277 1757 den
1309 1725 1555 1768 Ligurischen

99 1768 220 1812 Alpen
262 1768 383 1802 1615611
420 1778 530 1801 1111155.
567 1786 610 1792 —
667 1768 777 1808 Ideo,
821 1767 915 1801 eben
950 1768 1168 1811 desswegen
1208 1781 1305 1804 muss
1336 1770 1395 1804 ich
1429 1771 1556 1805 dahin.

101 1814 140 1848 S.
168 1815 316 1848 Ramsh.
344 1816 371 1857 §.
392 1816 469 1852 187,
496 1814 546 1855 ΙΙ,
571 1814 603 1847 2.
649 1813 711 1847 Sic
736 1814 863 1847 Lamb.
900 1814 941 1847 In
968 1815 1120 1848 eandem
1147 1815 1243 1849 coni.
1271 1827 1398 1851 rursus
1425 1817 1558 1851 incidit

100 1860 208 1893 Hand
238 1861 392 1893 Tursell.
420 1871 455 1903 p.
476 1861 552 1893 155.
578 1860 826 1903 adstipulante
839 1859 989 1893 Beiero.
1024 1861 1127 1894 Adeo
1153 1862 1246 1896 Cett.
1273 1874 1353 1896 cum
1374 1863 1451 1897 Md.
1481 1864 1556 1897 ΟΒ.

100 1925 145 1930 -
176 1907 371 1945 Intimelil,
404 1906 465 1939 die
490 1905 720 1939 Einwohner
744 1917 814 1939 von
840 1906 1084 1948 Intimelium‚
1119 1907 1238 1942 einem
1263 1908 1414 1943 kleinen
1434 1909 1559 1944 513111-

101 1952 194 1985 chen
227 1962 270 1985 an
304 1953 371 1985 der
401 1952 647 1995 Ligurischen
679 1952 989 1995 (Genuesischen)
1021 1954 1150 1988 Kriste.
1203 1955 1398 1999 Richtiger
1432 1956 1558 1989 nimmt

101 2009 182 2032 man
208 1998 385 2031 Intimelii
410 1998 470 2031 fiir
494 1998 566 2031 den
592 1997 742 2031 Genitiv
769 1998 839 2032 und
862 2000 1065 2033 ubersetzt:
1099 2000 1212 2043 „weil
1238 2012 1317 2034 man
1343 2012 1387 2034 zu
1405 2001 1557 2035 Intime-

101 2044 191 2077 lium
216 2044 263 2078 im
281 2044 485 2078 Aufstande
512 2044 591 2078 ist.”
632 2045 726 2077 Ueb.
751 2044 982 2078 Intemelium
1009 2058 1036 2079 s.
1054 2047 1178 2081 Varro
1203 2049 1249 2082 R.
1271 2049 1318 2082 R.
1344 2048 1415 2082 ΙΙΙ.
1442 2049 1475 2087 9,
1502 2050 1557 2082 17.

101 2091 203 2124 Ρ1111.
230 2091 300 2131 ΙΙΙ,
325 2093 358 2125 5.
385 2110 429 2115 --
477 2100 586 2134 neque
612 2095 742 2123 tamen.
769 2110 811 2115 —-
859 2091 1066 2134 Bellienus,
1100 2094 1209 2127 1101110
1234 2094 1452 2136 libertinus,
1478 2094 1556 2138 qui,

103 2143 143 2170 ut
174 2144 246 2170 111111
281 2136 461 2170 interdum
492 2137 649 2175 factum,
695 2147 806 2181 supra
838 2136 1006 2172 libertini
1042 2139 1289 2174 conditionem
1329 2141 1448 2175 elatus
1488 2147 1555 2174 est.

102 2183 335 2217 ERNESTI.
372 2202 414 2209 -—
464 2184 526 2226 qni
556 2183 610 2216 ibi
641 2194 670 2216 c.
701 2194 759 2226 pr.
791 2187 889 2225 erat,
932 2184 998 2218 der
1030 2184 1115 2219 dort
1140 2186 1176 2219 in
1203 2187 1387 2221 Garnison
1414 2188 1485 2230 lag.
1513 2205 1555 2211 -—-·

103 2239 184 2262 cum
214 2229 439 2271 cohortibus,
474 2230 600 2263 Lamb.
629 2241 708 2262 cum
733 2233 902 2272 quattuor
931 2230 1008 2265 coh.
1049 2232 1148 2267 Crat.
1183 2234 1318 2268 Graev.
1350 2234 1439 2268 Ern.
1468 2232 1554 2267 Sch.

104 2275 197 2308 Lun.
229 2287 268 2308 eo
301 2287 378 2308 cum
404 2280 573 2319 quattuor
605 2275 680 2309 εοῘι.
721 2275 794 2310 Sed
822 2287 994 2310 numerus
1021 2277 1183 2312 incertus
1210 2286 1276 2314 est.
1309 2280 1386 2314 Md.
1414 2279 1554 2313 Bened.

105 2320 182 2360 (hic
213 2332 292 2354 cum
325 2322 520 2365 interrog.)
552 2332 591 2354 eo
625 2332 708 2354 num
739 2321 956 2356 cohortibus.
997 2324 1192 2359 ORELLI.
1226 2345 1269 2351 —-
1317 2327 1468 2360 eundum
1493 2329 1556 2364 est,

106 2377 164 2400 um
198 2367 258 2400 dic
284 2367 390 2400 Ruhe
424 2368 568 2401 wieder
599 2368 862 2403 herzustellen.
896 2387 939 2393 -—
986 2380 1024 2402 se
1048 2370 1207 2405 Domitii
1233 2373 1328 2405 male
1352 2374 1448 2405 daut.
1492 2371 1557 2405 Sic

105 2413 245 2446 Bened.
272 2413 317 2445 de
345 2413 495 2447 Graevii
521 2425 623 2457 susp.
650 2423 686 2446 se
711 2415 870 2448 Domitii
892 2415 982 2448 malz·
1005 2417 1091 2449 dant
1123 2418 1199 2453 Md.
1233 2417 1334 2452 Vict.
1360 2418 1390 2451 2.
1419 2418 1554 2451 Graev.

105 2459 265 2492 Domitii
286 2459 378 2491 malz·
401 2460 487 2492 (lant
511 2460 609 2494 Vict.
636 2462 667 2493 l.
695 2461 784 2494 Ern.
810 2472 847 2494 se
861 2461 1020 2495 Domitii
1042 2463 1135 2496 male
1149 2463 1276 2497 habent
1302 2465 1400 2497 Crat.
1427 2463 1553 2496 Lamb.

109 2505 182 2538 OR.
238 2505 464 2547 „Ueberall,
495 2512 595 2548 sagst
625 2507 711 2543 Du,
751 2507 929 2551 bezeigen
967 2507 1046 2541 sich
1088 2509 1148 2544 die
1173 2509 1359 2543 Domitios
1396 2510 1450 2543 als
1485 2509 1558 2542 Dir

107 2551 244 2584 Unheil
271 2550 474 2593 bringend;
514 2552 652 2585 liberali
686 2552 841 2597 bringen
867 2553 921 2587 516
946 2554 1019 2588 Ι)11·
1044 2555 1265 2599 Ungemach.
1316 2556 1368 2589 Zu
1399 2566 1437 2588 se
1470 2556 1557 2588 dare

106 2597 180 2639 vgl.
207 2598 357 2630 Terent.
383 2597 550 2630 Eunuch.
573 2598 622 2640 11,
652 2600 682 2640 l,
708 2600 751 2632 24
777 2611 816 2633 se
833 2599 991 2642 turpiter
1003 2600 1103 2635 dare.
1140 2601 1248 2635 Ovid.
1273 2600 1423 2636 Heroid.
1446 2602 1555 2638 XVI.

108 2644 191 2676 195:
228 2644 273 2676 da
300 2650 334 2676 16
360 2642 513 2675 facilem.
554 2643 632 2677 Cic.
659 2645 703 2677 N.
733 2646 844 2679 Dent.
870 2646 941 2686 ln,
967 2647 1027 2681 26:
1069 2659 1128 2680 res
1153 2658 1192 2680 se
1217 2647 1287 2681 dat.
1325 2666 1366 2672 —-
1421 2647 1557 2681 Venere

107 2693 309 2732 prognatus
334 2689 488 2731 Caesar,
528 2689 591 2731 qui
617 2690 746 2725 Iuliam
772 2692 942 2726 familiam
966 2703 987 2727 a
1012 2693 1160 2729 Venere
1185 2693 1353 2731 ducebat.
1401 2693 1553 2729 51161011.

1568 430 1598 469 Ν
