<?xml version="1.0" encoding="UTF-8"?>
<!DOCTYPE html PUBLIC "-//W3C//DTD XHTML 1.0 Transitional//EN"
    "http://www.w3.org/TR/xhtml1/DTD/xhtml1-transitional.dtd">
<html xmlns="http://www.w3.org/1999/xhtml" xml:lang="en" lang="en">
 <head>
  <title>
</title>
<meta http-equiv="Content-Type" content="text/html;charset=utf-8" />
  <meta name='ocr-system' content='tesseract 3.04.00' />
  <meta name='ocr-capabilities' content='ocr_page ocr_carea ocr_par ocr_line ocrx_word'/>
</head>
<body>
  <div class='ocr_page' id='page_1' title='image "./epistolaeadattic02ciceuoft_0521.png"; bbox 0 0 1795 3043; ppageno 0'>
   <div class='ocr_carea' id='block_1_1' title="bbox 0 0 45 3043">
    <p class='ocr_par' dir='ltr' id='par_1_1' title="bbox 0 0 45 3043">
     <span class='ocr_line' id='line_1_1' title="bbox 0 0 45 3043; baseline 0 0"><span class='ocrx_word' id='word_1_1' title='bbox 0 0 45 3043; x_wconf 95' lang='lat' dir='ltr'><strong> </strong></span> 
     </span>
    </p>
   </div>
   <div class='ocr_carea' id='block_1_2' title="bbox 496 63 1533 119">
    <p class='ocr_par' dir='ltr' id='par_1_2' title="bbox 496 63 1533 119">
     <span class='ocr_line' id='line_1_2' title="bbox 496 63 1533 119; baseline 0.002 -2"><span class='ocrx_word' id='word_1_2' title='bbox 496 63 813 117; x_wconf 81' lang='lat' dir='ltr'>EPISTOLA</span> <span class='ocrx_word' id='word_1_3' title='bbox 848 67 1101 114; x_wconf 86' lang='lat' dir='ltr'>CCCLXX.</span> <span class='ocrx_word' id='word_1_4' title='bbox 1424 70 1533 119; x_wconf 78' lang='lat'>511-</span> 
     </span>
    </p>
   </div>
   <div class='ocr_carea' id='block_1_3' title="bbox 9 178 1579 1078">
    <p class='ocr_par' dir='ltr' id='par_1_3' title="bbox 63 178 1579 520">
     <span class='ocr_line' id='line_1_3' title="bbox 66 178 1523 225; baseline -0.002 -1"><span class='ocrx_word' id='word_1_5' title='bbox 66 183 199 224; x_wconf 90' lang='lat' dir='ltr'><strong>Immo</strong></span> <span class='ocrx_word' id='word_1_6' title='bbox 246 182 385 225; x_wconf 86' lang='lat' dir='ltr'><strong>minus</strong></span> <span class='ocrx_word' id='word_1_7' title='bbox 427 183 605 224; x_wconf 83' lang='lat' dir='ltr'><strong>fortasse</strong></span> <span class='ocrx_word' id='word_1_8' title='bbox 652 183 866 225; x_wconf 78' lang='lat' dir='ltr'><strong>voluisset.</strong></span> <span class='ocrx_word' id='word_1_9' title='bbox 933 181 1015 224; x_wconf 86' lang='lat' dir='ltr'><strong>Sed</strong></span> <span class='ocrx_word' id='word_1_10' title='bbox 1060 181 1113 222; x_wconf 86' lang='lat' dir='ltr'><strong>de</strong></span> <span class='ocrx_word' id='word_1_11' title='bbox 1148 181 1230 222; x_wconf 85' lang='lat' dir='ltr'><strong>hoc</strong></span> <span class='ocrx_word' id='word_1_12' title='bbox 1273 178 1523 221; x_wconf 80' lang='lat' dir='ltr'><strong>videbimus.</strong></span> 
     </span>
     <span class='ocr_line' id='line_1_4' title="bbox 67 236 1525 291; baseline -0.001 -11"><span class='ocrx_word' id='word_1_13' title='bbox 67 243 272 281; x_wconf 83' lang='lat' dir='ltr'><strong>Exeamus</strong></span> <span class='ocrx_word' id='word_1_14' title='bbox 300 239 448 282; x_wconf 75' lang='lat' dir='ltr'><strong>modot</strong></span> <span class='ocrx_word' id='word_1_15' title='bbox 498 239 609 291; x_wconf 88' lang='lat' dir='ltr'><strong>quod</strong></span> <span class='ocrx_word' id='word_1_16' title='bbox 639 242 686 281; x_wconf 86' lang='lat' dir='ltr'><strong>ut</strong></span> <span class='ocrx_word' id='word_1_17' title='bbox 715 239 891 280; x_wconf 88' lang='lat' dir='ltr'><strong>meliore</strong></span> <span class='ocrx_word' id='word_1_18' title='bbox 920 241 1111 291; x_wconf 83' lang='lat' dir='ltr'><strong>tempore</strong></span> <span class='ocrx_word' id='word_1_19' title='bbox 1139 236 1371 291; x_wconf 85' lang='lat' dir='ltr'><strong>possimus,</strong></span> <span class='ocrx_word' id='word_1_20' title='bbox 1419 238 1525 278; x_wconf 72' lang='lat' dir='ltr'><strong>facit</strong></span> 
     </span>
     <span class='ocr_line' id='line_1_5' title="bbox 64 295 1579 351; baseline -0.002 -13"><span class='ocrx_word' id='word_1_21' title='bbox 64 298 254 338; x_wconf 85' lang='lat' dir='ltr'>Adriano</span> <span class='ocrx_word' id='word_1_22' title='bbox 290 299 396 338; x_wconf 88' lang='lat' dir='ltr'><strong>mari</strong></span> <span class='ocrx_word' id='word_1_23' title='bbox 444 297 691 351; x_wconf 69' lang='lat' dir='ltr'><strong>Dolabella,⁴</strong></span> <span class='ocrx_word' id='word_1_24' title='bbox 732 297 925 338; x_wconf 83' lang='lat' dir='ltr'><strong>Fretensi</strong></span> <span class='ocrx_word' id='word_1_25' title='bbox 970 297 1110 338; x_wconf 89' lang='lat' dir='ltr'><strong>Curio.</strong></span> <span class='ocrx_word' id='word_1_26' title='bbox 1174 295 1341 336; x_wconf 84' lang='lat' dir='ltr'>Iniecta</span> <span class='ocrx_word' id='word_1_27' title='bbox 1385 295 1526 335; x_wconf 82' lang='lat' dir='ltr'><strong>autem</strong></span> <span class='ocrx_word' id='word_1_28' title='bbox 1547 299 1579 340; x_wconf 74' lang='lat'><strong>2</strong></span> 
     </span>
     <span class='ocr_line' id='line_1_6' title="bbox 63 351 1524 407; baseline -0.001 -13"><span class='ocrx_word' id='word_1_29' title='bbox 63 355 171 395; x_wconf 87' lang='lat' dir='ltr'><strong>mihi</strong></span> <span class='ocrx_word' id='word_1_30' title='bbox 203 367 298 407; x_wconf 84' lang='lat' dir='ltr'><strong>spes</strong></span> <span class='ocrx_word' id='word_1_31' title='bbox 316 354 518 406; x_wconf 83' lang='lat' dir='ltr'><strong>quaedam</strong></span> <span class='ocrx_word' id='word_1_32' title='bbox 534 356 617 404; x_wconf 79' lang='lat' dir='ltr'><strong>est,</strong></span> <span class='ocrx_word' id='word_1_33' title='bbox 646 355 757 395; x_wconf 83' lang='lat' dir='ltr'><strong>velle</strong></span> <span class='ocrx_word' id='word_1_34' title='bbox 778 365 939 395; x_wconf 85' lang='lat' dir='ltr'><strong>mecum</strong></span> <span class='ocrx_word' id='word_1_35' title='bbox 957 354 1045 395; x_wconf 87' lang='lat' dir='ltr'><strong>Ser.</strong></span> <span class='ocrx_word' id='word_1_36' title='bbox 1064 353 1300 406; x_wconf 89' lang='lat' dir='ltr'><strong>Sulpicium</strong></span> <span class='ocrx_word' id='word_1_37' title='bbox 1322 351 1524 403; x_wconf 84' lang='lat' dir='ltr'>colloqui.</span> 
     </span>
     <span class='ocr_line' id='line_1_7' title="bbox 63 409 1525 459; baseline -0.002 -8"><span class='ocrx_word' id='word_1_38' title='bbox 63 410 131 451; x_wconf 87' lang='lat' dir='ltr'><strong>Ad</strong></span> <span class='ocrx_word' id='word_1_39' title='bbox 161 423 255 451; x_wconf 89' lang='lat' dir='ltr'><strong>eum</strong></span> <span class='ocrx_word' id='word_1_40' title='bbox 284 413 381 452; x_wconf 86' lang='lat' dir='ltr'><strong>misi</strong></span> <span class='ocrx_word' id='word_1_41' title='bbox 411 412 687 452; x_wconf 84' lang='lat' dir='ltr'><strong>Philotimum</strong></span> <span class='ocrx_word' id='word_1_42' title='bbox 718 412 919 453; x_wconf 79' lang='lat' dir='ltr'><strong>libertum</strong></span> <span class='ocrx_word' id='word_1_43' title='bbox 948 423 1045 452; x_wconf 86' lang='lat' dir='ltr'><strong>cum</strong></span> <span class='ocrx_word' id='word_1_44' title='bbox 1071 410 1230 459; x_wconf 81' lang='lat' dir='ltr'><strong>literis;</strong></span> <span class='ocrx_word' id='word_1_45' title='bbox 1271 409 1307 449; x_wconf 89' lang='lat' dir='ltr'><strong>si</strong></span> <span class='ocrx_word' id='word_1_46' title='bbox 1336 409 1525 449; x_wconf 79' lang='lat' dir='ltr'><strong>vir-esso</strong></span> 
     </span>
     <span class='ocr_line' id='line_1_8' title="bbox 64 464 1525 520; baseline -0.001 -11"><span class='ocrx_word' id='word_1_47' title='bbox 64 469 202 515; x_wconf 86' lang='lat' dir='ltr'><strong>volet,</strong></span> <span class='ocrx_word' id='word_1_48' title='bbox 231 470 455 520; x_wconf 80' lang='lat' dir='ltr'><strong>praeclara</strong></span> <span class='ocrx_word' id='word_1_49' title='bbox 485 470 681 507; x_wconf 70' lang='lat' dir='ltr'><strong>ovvooc&#39;oc:</strong></span> <span class='ocrx_word' id='word_1_50' title='bbox 721 469 787 512; x_wconf 87' lang='lat' dir='ltr'><strong>sin</strong></span> <span class='ocrx_word' id='word_1_51' title='bbox 817 470 957 509; x_wconf 84' lang='lat' dir='ltr'><strong>autem</strong></span> <span class='ocrx_word' id='word_1_52' title='bbox 1129 468 1286 507; x_wconf 90' lang='lat' dir='ltr'><strong>erimus</strong></span> <span class='ocrx_word' id='word_1_53' title='bbox 1315 478 1416 519; x_wconf 75' lang='lat' dir='ltr'><strong>nos,</strong></span> <span class='ocrx_word' id='word_1_54' title='bbox 1448 464 1525 518; x_wconf 85' lang='lat' dir='ltr'><strong>qui</strong></span> 
     </span>
    </p>

    <p class='ocr_par' dir='ltr' id='par_1_4' title="bbox 9 521 1577 1078">
     <span class='ocr_line' id='line_1_9' title="bbox 9 521 1577 578; baseline 0.001 -13"><span class='ocrx_word' id='word_1_55' title='bbox 9 541 10 544; x_wconf 44' lang='lat'>¹</span> <span class='ocrx_word' id='word_1_56' title='bbox 62 525 256 565; x_wconf 89' lang='lat' dir='ltr'><strong>solemus.</strong></span> <span class='ocrx_word' id='word_1_57' title='bbox 317 525 444 566; x_wconf 89' lang='lat' dir='ltr'><strong>Curio</strong></span> <span class='ocrx_word' id='word_1_58' title='bbox 473 539 639 567; x_wconf 89' lang='lat' dir='ltr'><strong>mecum</strong></span> <span class='ocrx_word' id='word_1_59' title='bbox 664 525 793 578; x_wconf 83' lang='lat' dir='ltr'><strong>vixit,</strong></span> <span class='ocrx_word' id='word_1_60' title='bbox 822 526 961 566; x_wconf 86' lang='lat' dir='ltr'><strong>iacere</strong></span> <span class='ocrx_word' id='word_1_61' title='bbox 982 525 1201 566; x_wconf 82' lang='lat' dir='ltr'>Caesarem</span> <span class='ocrx_word' id='word_1_62' title='bbox 1220 525 1375 576; x_wconf 84' lang='lat' dir='ltr'><strong>putans</strong></span> <span class='ocrx_word' id='word_1_63' title='bbox 1394 521 1524 563; x_wconf 85' lang='lat' dir='ltr'><strong>offen·</strong></span> <span class='ocrx_word' id='word_1_64' title='bbox 1546 525 1577 566; x_wconf 77' lang='lat'><strong>3</strong></span> 
     </span>
     <span class='ocr_line' id='line_1_10' title="bbox 62 581 1525 636; baseline -0.001 -15"><span class='ocrx_word' id='word_1_65' title='bbox 62 582 180 622; x_wconf 89' lang='lat' dir='ltr'><strong>sione</strong></span> <span class='ocrx_word' id='word_1_66' title='bbox 209 584 428 635; x_wconf 84' lang='lat' dir='ltr'><strong>populari,</strong></span> <span class='ocrx_word' id='word_1_67' title='bbox 457 583 717 635; x_wconf 79' lang='lat' dir='ltr'><strong>Siciliaeque</strong></span> <span class='ocrx_word' id='word_1_68' title='bbox 748 583 964 636; x_wconf 82' lang='lat' dir='ltr'><strong>diffidens,</strong></span> <span class='ocrx_word' id='word_1_69' title='bbox 1005 583 1041 623; x_wconf 86' lang='lat' dir='ltr'><strong>si</strong></span> <span class='ocrx_word' id='word_1_70' title='bbox 1071 581 1295 633; x_wconf 84' lang='lat' dir='ltr'><strong>Pompeius</strong></span> <span class='ocrx_word' id='word_1_71' title='bbox 1323 581 1525 633; x_wconf 80' lang='lat' dir='ltr'><strong>navigare</strong></span> 
     </span>
     <span class='ocr_line' id='line_1_11' title="bbox 63 637 1527 693; baseline -0.001 -15"><span class='ocrx_word' id='word_1_72' title='bbox 63 640 285 691; x_wconf 85' lang='lat' dir='ltr'><strong>coepisset.</strong></span> <span class='ocrx_word' id='word_1_73' title='bbox 334 640 536 687; x_wconf 80' lang='lat' dir='ltr'><strong>Quintum</strong></span> <span class='ocrx_word' id='word_1_74' title='bbox 565 653 745 693; x_wconf 87' lang='lat' dir='ltr'><strong>puerum</strong></span> <span class='ocrx_word' id='word_1_75' title='bbox 776 641 923 692; x_wconf 83' lang='lat' dir='ltr'><strong>accepi</strong></span> <span class='ocrx_word' id='word_1_76' title='bbox 951 641 1232 681; x_wconf 80' lang='lat' dir='ltr'><strong>vehementer.</strong></span> <span class='ocrx_word' id='word_1_77' title='bbox 1290 637 1527 678; x_wconf 81' lang='lat' dir='ltr'><strong>Avaritiam</strong></span> 
     </span>
     <span class='ocr_line' id='line_1_12' title="bbox 62 694 1527 751; baseline -0.003 -14"><span class='ocrx_word' id='word_1_78' title='bbox 62 695 184 737; x_wconf 81' lang='lat' dir='ltr'><strong>video</strong></span> <span class='ocrx_word' id='word_1_79' title='bbox 212 697 341 736; x_wconf 86' lang='lat' dir='ltr'><strong>fuisse</strong></span> <span class='ocrx_word' id='word_1_80' title='bbox 371 700 413 736; x_wconf 88' lang='lat' dir='ltr'><strong>et</strong></span> <span class='ocrx_word' id='word_1_81' title='bbox 441 709 559 749; x_wconf 89' lang='lat' dir='ltr'><strong>spem</strong></span> <span class='ocrx_word' id='word_1_82' title='bbox 588 699 731 751; x_wconf 84' lang='lat' dir='ltr'><strong>magni</strong></span> <span class='ocrx_word' id='word_1_83' title='bbox 751 697 972 749; x_wconf 84' lang='lat' dir='ltr'><strong>congiarii.</strong></span> <span class='ocrx_word' id='word_1_84' title='bbox 1031 697 1231 750; x_wconf 86' lang='lat' dir='ltr'><strong>Magnum</strong></span> <span class='ocrx_word' id='word_1_85' title='bbox 1260 695 1342 735; x_wconf 83' lang='lat' dir='ltr'><strong>hoe</strong></span> <span class='ocrx_word' id='word_1_86' title='bbox 1367 694 1527 734; x_wconf 86' lang='lat' dir='ltr'><strong>malum</strong></span> 
     </span>
     <span class='ocr_line' id='line_1_13' title="bbox 63 751 1528 807; baseline 0.002 -16"><span class='ocrx_word' id='word_1_87' title='bbox 63 754 137 792; x_wconf 84' lang='lat' dir='ltr'><strong>est.</strong></span> <span class='ocrx_word' id='word_1_88' title='bbox 196 753 279 793; x_wconf 90' lang='lat' dir='ltr'><strong>Sed</strong></span> <span class='ocrx_word' id='word_1_89' title='bbox 295 753 430 794; x_wconf 87' lang='lat' dir='ltr'><strong>scelus</strong></span> <span class='ocrx_word' id='word_1_90' title='bbox 449 754 578 804; x_wconf 87' lang='lat' dir='ltr'><strong>illud,</strong></span> <span class='ocrx_word' id='word_1_91' title='bbox 607 755 718 805; x_wconf 90' lang='lat' dir='ltr'><strong>quod</strong></span> <span class='ocrx_word' id='word_1_92' title='bbox 736 755 1027 802; x_wconf 81' lang='lat' dir='ltr'><strong>timueramus,</strong></span> <span class='ocrx_word' id='word_1_93' title='bbox 1058 766 1181 807; x_wconf 89' lang='lat' dir='ltr'><strong>spero</strong></span> <span class='ocrx_word' id='word_1_94' title='bbox 1198 753 1361 793; x_wconf 89' lang='lat' dir='ltr'><strong>nullum</strong></span> <span class='ocrx_word' id='word_1_95' title='bbox 1379 751 1528 794; x_wconf 82' lang='lat' dir='ltr'><strong>fuisse.</strong></span> 
     </span>
     <span class='ocr_line' id='line_1_14' title="bbox 61 808 1525 864; baseline 0.001 -16"><span class='ocrx_word' id='word_1_96' title='bbox 61 808 158 849; x_wconf 84' lang='lat' dir='ltr'><strong>Hoc</strong></span> <span class='ocrx_word' id='word_1_97' title='bbox 196 811 337 850; x_wconf 84' lang='lat' dir='ltr'><strong>autem</strong></span> <span class='ocrx_word' id='word_1_98' title='bbox 376 810 528 851; x_wconf 80' lang='lat' dir='ltr'><strong>vitium</strong></span> <span class='ocrx_word' id='word_1_99' title='bbox 569 813 671 864; x_wconf 89' lang='lat' dir='ltr'><strong>puto</strong></span> <span class='ocrx_word' id='word_1_100' title='bbox 709 814 750 851; x_wconf 82' lang='lat' dir='ltr'><strong>te</strong></span> <span class='ocrx_word' id='word_1_101' title='bbox 780 811 1021 852; x_wconf 81' lang='lat' dir='ltr'><strong>existimare</strong></span> <span class='ocrx_word' id='word_1_102' title='bbox 1048 824 1133 851; x_wconf 89' lang='lat' dir='ltr'><strong>non</strong></span> <span class='ocrx_word' id='word_1_103' title='bbox 1164 825 1188 852; x_wconf 88' lang='lat' dir='ltr'><strong>a</strong></span> <span class='ocrx_word' id='word_1_104' title='bbox 1216 811 1360 849; x_wconf 84' lang='lat' dir='ltr'><strong>nostra</strong></span> <span class='ocrx_word' id='word_1_105' title='bbox 1386 808 1525 849; x_wconf 90' lang='lat' dir='ltr'><strong>indul-</strong></span> 
     </span>
     <span class='ocr_line' id='line_1_15' title="bbox 59 865 1525 920; baseline 0 -15"><span class='ocrx_word' id='word_1_106' title='bbox 59 865 225 918; x_wconf 82' lang='lat' dir='ltr'><strong>gentia,</strong></span> <span class='ocrx_word' id='word_1_107' title='bbox 256 867 328 907; x_wconf 91' lang='lat' dir='ltr'><strong>sed</strong></span> <span class='ocrx_word' id='word_1_108' title='bbox 359 870 553 908; x_wconf 83' lang='lat' dir='ltr'><strong>anatura</strong></span> <span class='ocrx_word' id='word_1_109' title='bbox 580 869 837 920; x_wconf 81' lang='lat' dir='ltr'><strong>profectum:</strong></span> <span class='ocrx_word' id='word_1_110' title='bbox 875 881 1003 920; x_wconf 86' lang='lat' dir='ltr'><strong>quem</strong></span> <span class='ocrx_word' id='word_1_111' title='bbox 1021 870 1161 909; x_wconf 87' lang='lat' dir='ltr'><strong>tamen</strong></span> <span class='ocrx_word' id='word_1_112' title='bbox 1190 879 1265 908; x_wconf 91' lang='lat' dir='ltr'><strong>nos</strong></span> <span class='ocrx_word' id='word_1_113' title='bbox 1295 865 1525 917; x_wconf 79' lang='lat' dir='ltr'><strong>disciplina</strong></span> 
     </span>
     <span class='ocr_line' id='line_1_16' title="bbox 61 922 1527 977; baseline 0 -15"><span class='ocrx_word' id='word_1_114' title='bbox 61 923 258 975; x_wconf 85' lang='lat' dir='ltr'><strong>regimus.</strong></span> <span class='ocrx_word' id='word_1_115' title='bbox 316 923 381 963; x_wconf 89' lang='lat' dir='ltr'><strong>De</strong></span> <span class='ocrx_word' id='word_1_116' title='bbox 412 925 560 977; x_wconf 88' lang='lat' dir='ltr'><strong>Oppiis</strong></span> <span class='ocrx_word' id='word_1_117' title='bbox 588 923 855 965; x_wconf 84' lang='lat' dir='ltr'><strong>Veliensibus</strong></span> <span class='ocrx_word' id='word_1_118' title='bbox 884 925 985 976; x_wconf 90' lang='lat' dir='ltr'><strong>quid</strong></span> <span class='ocrx_word' id='word_1_119' title='bbox 1014 926 1207 977; x_wconf 76' lang='lat' dir='ltr'><strong>placeat,</strong></span> <span class='ocrx_word' id='word_1_120' title='bbox 1255 935 1352 964; x_wconf 90' lang='lat' dir='ltr'><strong>cum</strong></span> <span class='ocrx_word' id='word_1_121' title='bbox 1380 922 1527 963; x_wconf 90' lang='lat' dir='ltr'><strong>Philo-</strong></span> 
     </span>
     <span class='ocr_line' id='line_1_17' title="bbox 60 979 1535 1035; baseline 0.001 -16"><span class='ocrx_word' id='word_1_122' title='bbox 60 979 166 1020; x_wconf 80' lang='lat' dir='ltr'><strong>timo</strong></span> <span class='ocrx_word' id='word_1_123' title='bbox 195 979 371 1021; x_wconf 85' lang='lat' dir='ltr'><strong>videbis.</strong></span> <span class='ocrx_word' id='word_1_124' title='bbox 430 982 608 1033; x_wconf 87' lang='lat' dir='ltr'><strong>Epirum</strong></span> <span class='ocrx_word' id='word_1_125' title='bbox 636 987 823 1023; x_wconf 84' lang='lat' dir='ltr'><strong>nostram</strong></span> <span class='ocrx_word' id='word_1_126' title='bbox 842 981 1108 1035; x_wconf 85' lang='lat' dir='ltr'><strong>putabimus:</strong></span> <span class='ocrx_word' id='word_1_127' title='bbox 1148 981 1221 1022; x_wconf 90' lang='lat' dir='ltr'><strong>sed</strong></span> <span class='ocrx_word' id='word_1_128' title='bbox 1250 980 1355 1021; x_wconf 86' lang='lat' dir='ltr'><strong>alios</strong></span> <span class='ocrx_word' id='word_1_129' title='bbox 1374 991 1535 1021; x_wconf 75' lang='lat' dir='ltr'><strong>cursusv</strong></span> 
     </span>
     <span class='ocr_line' id='line_1_18' title="bbox 59 1036 536 1078; baseline 0.004 -2"><span class='ocrx_word' id='word_1_130' title='bbox 59 1036 306 1078; x_wconf 84' lang='lat' dir='ltr'><strong>videbamur</strong></span> <span class='ocrx_word' id='word_1_131' title='bbox 334 1037 536 1078; x_wconf 84' lang='lat' dir='ltr'><strong>habituri.</strong></span> 
     </span>
    </p>
   </div>
   <div class='ocr_carea' id='block_1_4' title="bbox 10 1159 1528 2362">
    <p class='ocr_par' dir='ltr' id='par_1_5' title="bbox 17 1159 1524 1205">
     <span class='ocr_line' id='line_1_19' title="bbox 17 1159 1524 1205; baseline 0 -12"><span class='ocrx_word' id='word_1_132' title='bbox 17 1200 18 1205; x_wconf 14' lang='grc' dir='ltr'><strong>Ἰ</strong></span> <span class='ocrx_word' id='word_1_133' title='bbox 60 1170 156 1194; x_wconf 89' lang='lat' dir='ltr'><strong>men.</strong></span> <span class='ocrx_word' id='word_1_134' title='bbox 194 1179 239 1185; x_wconf 92' lang='lat'>—</span> <span class='ocrx_word' id='word_1_135' title='bbox 293 1171 460 1194; x_wconf 66' lang='lat' dir='ltr'><strong>creamus</strong></span> <span class='ocrx_word' id='word_1_136' title='bbox 495 1171 545 1195; x_wconf 84' lang='lat' dir='ltr'><strong>ex</strong></span> <span class='ocrx_word' id='word_1_137' title='bbox 581 1161 703 1195; x_wconf 79' lang='lat' dir='ltr'><strong>Italia.</strong></span> <span class='ocrx_word' id='word_1_138' title='bbox 742 1180 787 1187; x_wconf 94' lang='lat'><strong>-—</strong></span> <span class='ocrx_word' id='word_1_139' title='bbox 841 1162 989 1195; x_wconf 81' lang='lat' dir='ltr'><strong>meliori</strong></span> <span class='ocrx_word' id='word_1_140' title='bbox 1021 1165 1201 1205; x_wconf 82' lang='lat' dir='ltr'><strong>tempore,</strong></span> <span class='ocrx_word' id='word_1_141' title='bbox 1245 1159 1309 1194; x_wconf 86' lang='lat' dir='ltr'><strong>bei</strong></span> <span class='ocrx_word' id='word_1_142' title='bbox 1348 1160 1524 1194; x_wconf 81' lang='lat' dir='ltr'><strong>besserer</strong></span> 
     </span>
    </p>

    <p class='ocr_par' dir='ltr' id='par_1_6' title="bbox 57 1205 1528 1426">
     <span class='ocr_line' id='line_1_20' title="bbox 59 1205 1524 1253; baseline 0.001 -14"><span class='ocrx_word' id='word_1_143' title='bbox 59 1205 256 1240; x_wconf 69' lang='lat' dir='ltr'><strong>Iahrszeit.</strong></span> <span class='ocrx_word' id='word_1_144' title='bbox 283 1226 325 1232; x_wconf 90' lang='lat'><strong>—</strong></span> <span class='ocrx_word' id='word_1_145' title='bbox 372 1207 567 1240; x_wconf 77' lang='lat' dir='ltr'><strong>Dolabella</strong></span> <span class='ocrx_word' id='word_1_146' title='bbox 593 1233 602 1240; x_wconf 87' lang='lat'><strong>.</strong></span> <span class='ocrx_word' id='word_1_147' title='bbox 622 1231 631 1240; x_wconf 94' lang='lat'>.</span> <span class='ocrx_word' id='word_1_148' title='bbox 658 1207 792 1250; x_wconf 83' lang='lat' dir='ltr'><strong>Curio,</strong></span> <span class='ocrx_word' id='word_1_149' title='bbox 825 1206 1080 1253; x_wconf 75' lang='lat' dir='ltr'><strong>Brachylogie</strong></span> <span class='ocrx_word' id='word_1_150' title='bbox 1105 1212 1213 1240; x_wconf 81' lang='lat' dir='ltr'><strong>statt:</strong></span> <span class='ocrx_word' id='word_1_151' title='bbox 1250 1207 1344 1240; x_wconf 87' lang='lat' dir='ltr'><strong>dazu</strong></span> <span class='ocrx_word' id='word_1_152' title='bbox 1368 1206 1524 1240; x_wconf 85' lang='lat' dir='ltr'><strong>verhilft</strong></span> 
     </span>
     <span class='ocr_line' id='line_1_21' title="bbox 61 1251 1523 1296; baseline 0 -11"><span class='ocrx_word' id='word_1_153' title='bbox 61 1261 131 1285; x_wconf 84' lang='lat' dir='ltr'><strong>uns</strong></span> <span class='ocrx_word' id='word_1_154' title='bbox 166 1252 234 1286; x_wconf 89' lang='lat' dir='ltr'><strong>der</strong></span> <span class='ocrx_word' id='word_1_155' title='bbox 258 1252 454 1296; x_wconf 84' lang='lat' dir='ltr'><strong>Umstand‚</strong></span> <span class='ocrx_word' id='word_1_156' title='bbox 494 1253 578 1286; x_wconf 81' lang='lat' dir='ltr'><strong>dass</strong></span> <span class='ocrx_word' id='word_1_157' title='bbox 604 1253 806 1287; x_wconf 84' lang='lat' dir='ltr'><strong>Dolabella</strong></span> <span class='ocrx_word' id='word_1_158' title='bbox 840 1264 897 1287; x_wconf 89' lang='lat' dir='ltr'><strong>am</strong></span> <span class='ocrx_word' id='word_1_159' title='bbox 922 1252 1185 1287; x_wconf 82' lang='lat' dir='ltr'><strong>Adriatischen</strong></span> <span class='ocrx_word' id='word_1_160' title='bbox 1211 1253 1362 1295; x_wconf 76' lang='lat' dir='ltr'><strong>Meere3</strong></span> <span class='ocrx_word' id='word_1_161' title='bbox 1404 1251 1523 1286; x_wconf 87' lang='lat' dir='ltr'><strong>Curio</strong></span> 
     </span>
     <span class='ocr_line' id='line_1_22' title="bbox 60 1297 1521 1338; baseline 0 -7"><span class='ocrx_word' id='word_1_162' title='bbox 60 1308 118 1331; x_wconf 84' lang='lat' dir='ltr'><strong>am</strong></span> <span class='ocrx_word' id='word_1_163' title='bbox 143 1297 368 1333; x_wconf 88' lang='lat' dir='ltr'><strong>Sicilischen</strong></span> <span class='ocrx_word' id='word_1_164' title='bbox 394 1298 456 1332; x_wconf 91' lang='lat' dir='ltr'><strong>die</strong></span> <span class='ocrx_word' id='word_1_165' title='bbox 482 1299 746 1333; x_wconf 87' lang='lat' dir='ltr'><strong>Oberaufsicht</strong></span> <span class='ocrx_word' id='word_1_166' title='bbox 768 1300 888 1338; x_wconf 70' lang='lat' dir='ltr'><strong>subn,</strong></span> <span class='ocrx_word' id='word_1_167' title='bbox 923 1299 984 1333; x_wconf 87' lang='lat' dir='ltr'><strong>die</strong></span> <span class='ocrx_word' id='word_1_168' title='bbox 1008 1299 1105 1332; x_wconf 87' lang='lat' dir='ltr'><strong>mich</strong></span> <span class='ocrx_word' id='word_1_169' title='bbox 1130 1298 1328 1333; x_wconf 82' lang='lat' dir='ltr'><strong>fortlassen</strong></span> <span class='ocrx_word' id='word_1_170' title='bbox 1352 1298 1521 1332; x_wconf 84' lang='lat' dir='ltr'><strong>werden.</strong></span> 
     </span>
     <span class='ocr_line' id='line_1_23' title="bbox 60 1344 1528 1388; baseline 0 -9"><span class='ocrx_word' id='word_1_171' title='bbox 60 1344 250 1387; x_wconf 82' lang='lat' dir='ltr'><strong>Fretensi‚</strong></span> <span class='ocrx_word' id='word_1_172' title='bbox 276 1344 374 1378; x_wconf 86' lang='lat' dir='ltr'><strong>freto</strong></span> <span class='ocrx_word' id='word_1_173' title='bbox 399 1344 541 1380; x_wconf 89' lang='lat' dir='ltr'><strong>Siculo.</strong></span> <span class='ocrx_word' id='word_1_174' title='bbox 577 1346 672 1388; x_wconf 83' lang='lat' dir='ltr'><strong>freto</strong></span> <span class='ocrx_word' id='word_1_175' title='bbox 691 1345 881 1381; x_wconf 79' lang='lat' dir='ltr'><strong>Siciliensi</strong></span> <span class='ocrx_word' id='word_1_176' title='bbox 905 1345 1006 1382; x_wconf 86' lang='lat' dir='ltr'><strong>Vict.</strong></span> <span class='ocrx_word' id='word_1_177' title='bbox 1034 1344 1131 1379; x_wconf 84' lang='lat' dir='ltr'><strong>coni.</strong></span> <span class='ocrx_word' id='word_1_178' title='bbox 1164 1345 1293 1380; x_wconf 82' lang='lat' dir='ltr'><strong>Lamb.</strong></span> <span class='ocrx_word' id='word_1_179' title='bbox 1331 1345 1397 1379; x_wconf 84' lang='lat' dir='ltr'><strong>cfr.</strong></span> <span class='ocrx_word' id='word_1_180' title='bbox 1417 1344 1528 1380; x_wconf 71' lang='lat' dir='ltr'><strong>Wolf</strong></span> 
     </span>
     <span class='ocr_line' id='line_1_24' title="bbox 57 1389 500 1426; baseline 0.002 -2"><span class='ocrx_word' id='word_1_181' title='bbox 57 1389 105 1424; x_wconf 78' lang='lat' dir='ltr'><strong>ad</strong></span> <span class='ocrx_word' id='word_1_182' title='bbox 130 1391 228 1425; x_wconf 81' lang='lat' dir='ltr'><strong>Suet.</strong></span> <span class='ocrx_word' id='word_1_183' title='bbox 257 1391 334 1426; x_wconf 86' lang='lat' dir='ltr'><strong>Tib.</strong></span> <span class='ocrx_word' id='word_1_184' title='bbox 361 1391 393 1425; x_wconf 87' lang='lat'><strong>2.</strong></span> <span class='ocrx_word' id='word_1_185' title='bbox 428 1392 500 1425; x_wconf 76' lang='grc' dir='ltr'><strong>ΟΒ.</strong></span> 
     </span>
    </p>

    <p class='ocr_par' dir='ltr' id='par_1_7' title="bbox 61 1435 1524 1666">
     <span class='ocr_line' id='line_1_25' title="bbox 151 1435 1523 1482; baseline 0 -12"><span class='ocrx_word' id='word_1_186' title='bbox 151 1437 186 1470; x_wconf 87' lang='grc'><strong>2.</strong></span> <span class='ocrx_word' id='word_1_187' title='bbox 229 1437 307 1472; x_wconf 84' lang='lat' dir='ltr'><strong>Ser.</strong></span> <span class='ocrx_word' id='word_1_188' title='bbox 344 1437 549 1482; x_wconf 75' lang='lat' dir='ltr'><strong>Sulpicium</strong></span> <span class='ocrx_word' id='word_1_189' title='bbox 581 1438 626 1474; x_wconf 79' lang='lat' dir='ltr'><strong>Q.</strong></span> <span class='ocrx_word' id='word_1_190' title='bbox 656 1437 696 1472; x_wconf 86' lang='lat' dir='ltr'><strong>F.</strong></span> <span class='ocrx_word' id='word_1_191' title='bbox 728 1437 877 1472; x_wconf 68' lang='lat' dir='ltr'><strong>Rufum,</strong></span> <span class='ocrx_word' id='word_1_192' title='bbox 927 1437 965 1472; x_wconf 90' lang='lat' dir='ltr'><strong>S.</strong></span> <span class='ocrx_word' id='word_1_193' title='bbox 1001 1447 1047 1471; x_wconf 90' lang='lat' dir='ltr'><strong>zu</strong></span> <span class='ocrx_word' id='word_1_194' title='bbox 1078 1448 1138 1482; x_wconf 84' lang='lat' dir='ltr'><strong>ep.</strong></span> <span class='ocrx_word' id='word_1_195' title='bbox 1162 1437 1232 1473; x_wconf 86' lang='lat'><strong>365</strong></span> <span class='ocrx_word' id='word_1_196' title='bbox 1262 1435 1311 1471; x_wconf 89' lang='lat' dir='ltr'><strong>im</strong></span> <span class='ocrx_word' id='word_1_197' title='bbox 1345 1436 1433 1470; x_wconf 87' lang='lat' dir='ltr'><strong>Ans.</strong></span> <span class='ocrx_word' id='word_1_198' title='bbox 1476 1454 1523 1462; x_wconf 88' lang='lat'><strong>-·</strong></span> 
     </span>
     <span class='ocr_line' id='line_1_26' title="bbox 61 1482 1522 1527; baseline -0.001 -9"><span class='ocrx_word' id='word_1_199' title='bbox 61 1484 282 1522; x_wconf 74' lang='grc' dir='ltr'><em>συνοδία,</em></span> <span class='ocrx_word' id='word_1_200' title='bbox 322 1494 562 1527; x_wconf 78' lang='lat' dir='ltr'><strong>congressus,</strong></span> <span class='ocrx_word' id='word_1_201' title='bbox 602 1484 734 1518; x_wconf 86' lang='lat' dir='ltr'><strong>welch&#39;</strong></span> <span class='ocrx_word' id='word_1_202' title='bbox 768 1484 828 1517; x_wconf 91' lang='lat' dir='ltr'><strong>ein</strong></span> <span class='ocrx_word' id='word_1_203' title='bbox 865 1484 1071 1518; x_wconf 78' lang='lat' dir='ltr'><strong>trefflicher</strong></span> <span class='ocrx_word' id='word_1_204' title='bbox 1101 1483 1386 1526; x_wconf 76' lang='lat' dir='ltr'><strong>Reisegefahrte</strong></span> <span class='ocrx_word' id='word_1_205' title='bbox 1417 1482 1522 1517; x_wconf 65' lang='lat' dir='ltr'><strong>ware</strong></span> 
     </span>
     <span class='ocr_line' id='line_1_27' title="bbox 61 1528 1524 1575; baseline -0.001 -13"><span class='ocrx_word' id='word_1_206' title='bbox 61 1539 104 1562; x_wconf 83' lang='lat' dir='ltr'><strong>er</strong></span> <span class='ocrx_word' id='word_1_207' title='bbox 129 1528 242 1562; x_wconf 87' lang='lat' dir='ltr'><strong>dann!</strong></span> <span class='ocrx_word' id='word_1_208' title='bbox 277 1547 322 1554; x_wconf 94' lang='lat'>—</span> <span class='ocrx_word' id='word_1_209' title='bbox 367 1531 426 1563; x_wconf 84' lang='lat' dir='ltr'><strong>sin</strong></span> <span class='ocrx_word' id='word_1_210' title='bbox 459 1534 578 1563; x_wconf 78' lang='lat' dir='ltr'><strong>autem</strong></span> <span class='ocrx_word' id='word_1_211' title='bbox 602 1555 610 1564; x_wconf 86' lang='lat'><strong>.</strong></span> <span class='ocrx_word' id='word_1_212' title='bbox 635 1556 644 1564; x_wconf 90' lang='lat'><strong>.</strong></span> <span class='ocrx_word' id='word_1_213' title='bbox 665 1555 673 1565; x_wconf 86' lang='lat'><strong>.</strong></span> <span class='ocrx_word' id='word_1_214' title='bbox 694 1554 704 1564; x_wconf 82' lang='lat'><em>.</em></span> <span class='ocrx_word' id='word_1_215' title='bbox 754 1530 1011 1575; x_wconf 84' lang='lat' dir='ltr'><strong>Aposiopesis.</strong></span> <span class='ocrx_word' id='word_1_216' title='bbox 1063 1529 1197 1564; x_wconf 89' lang='lat' dir='ltr'><strong>Cicero</strong></span> <span class='ocrx_word' id='word_1_217' title='bbox 1238 1529 1365 1562; x_wconf 73' lang='lat' dir='ltr'><strong>behalt</strong></span> <span class='ocrx_word' id='word_1_218' title='bbox 1389 1528 1428 1562; x_wconf 91' lang='lat' dir='ltr'><strong>in</strong></span> <span class='ocrx_word' id='word_1_219' title='bbox 1451 1528 1524 1562; x_wconf 75' lang='lat' dir='ltr'><strong>der</strong></span> 
     </span>
     <span class='ocr_line' id='line_1_28' title="bbox 63 1574 1520 1619; baseline 0.001 -11"><span class='ocrx_word' id='word_1_220' title='bbox 63 1574 204 1609; x_wconf 84' lang='lat' dir='ltr'><strong>Feder:</strong></span> <span class='ocrx_word' id='word_1_221' title='bbox 248 1574 352 1609; x_wconf 88' lang='lat' dir='ltr'><strong>eine</strong></span> <span class='ocrx_word' id='word_1_222' title='bbox 389 1577 573 1610; x_wconf 88' lang='lat' dir='ltr'><strong>Memme</strong></span> <span class='ocrx_word' id='word_1_223' title='bbox 611 1575 684 1611; x_wconf 84' lang='lat' dir='ltr'><strong>ist.</strong></span> <span class='ocrx_word' id='word_1_224' title='bbox 741 1576 868 1610; x_wconf 88' lang='lat' dir='ltr'><strong>Ueber</strong></span> <span class='ocrx_word' id='word_1_225' title='bbox 899 1578 957 1610; x_wconf 83' lang='lat' dir='ltr'><strong>sin</strong></span> <span class='ocrx_word' id='word_1_226' title='bbox 991 1579 1110 1610; x_wconf 78' lang='lat' dir='ltr'><strong>autem</strong></span> <span class='ocrx_word' id='word_1_227' title='bbox 1141 1587 1171 1610; x_wconf 83' lang='lat' dir='ltr'><strong>s.</strong></span> <span class='ocrx_word' id='word_1_228' title='bbox 1205 1575 1352 1611; x_wconf 81' lang='lat' dir='ltr'><strong>Grotef.</strong></span> <span class='ocrx_word' id='word_1_229' title='bbox 1387 1576 1417 1619; x_wconf 84' lang='lat'><strong>§.</strong></span> <span class='ocrx_word' id='word_1_230' title='bbox 1439 1574 1520 1619; x_wconf 68' lang='lat'><strong>4⁰55</strong></span> 
     </span>
     <span class='ocr_line' id='line_1_29' title="bbox 61 1621 1177 1666; baseline 0.003 -12"><span class='ocrx_word' id='word_1_231' title='bbox 61 1621 168 1654; x_wconf 87' lang='lat' dir='ltr'><strong>Anm.</strong></span> <span class='ocrx_word' id='word_1_232' title='bbox 194 1622 228 1655; x_wconf 88' lang='grc'><strong>2.</strong></span> <span class='ocrx_word' id='word_1_233' title='bbox 262 1640 305 1646; x_wconf 92' lang='grc'><strong>-</strong></span> <span class='ocrx_word' id='word_1_234' title='bbox 353 1623 508 1665; x_wconf 76' lang='lat' dir='ltr'><strong>erimus,</strong></span> <span class='ocrx_word' id='word_1_235' title='bbox 539 1622 784 1664; x_wconf 88' lang='lat' dir='ltr'><strong>manebimus,</strong></span> <span class='ocrx_word' id='word_1_236' title='bbox 821 1622 990 1666; x_wconf 81' lang='lat' dir='ltr'><strong>quiesse</strong></span> <span class='ocrx_word' id='word_1_237' title='bbox 1014 1623 1177 1657; x_wconf 79' lang='lat' dir='ltr'><strong>solemus.</strong></span> 
     </span>
    </p>

    <p class='ocr_par' dir='ltr' id='par_1_8' title="bbox 10 1666 1521 2362">
     <span class='ocr_line' id='line_1_30' title="bbox 151 1666 1520 1713; baseline -0.001 -11"><span class='ocrx_word' id='word_1_238' title='bbox 151 1669 186 1703; x_wconf 88' lang='lat'><strong>3.</strong></span> <span class='ocrx_word' id='word_1_239' title='bbox 212 1678 300 1701; x_wconf 86' lang='lat' dir='ltr'><strong>mec.</strong></span> <span class='ocrx_word' id='word_1_240' title='bbox 319 1669 425 1711; x_wconf 75' lang='lat' dir='ltr'><strong>vixit,</strong></span> <span class='ocrx_word' id='word_1_241' title='bbox 452 1668 515 1701; x_wconf 92' lang='lat' dir='ltr'><strong>diu</strong></span> <span class='ocrx_word' id='word_1_242' title='bbox 528 1668 625 1712; x_wconf 87' lang='lat' dir='ltr'><strong>apud</strong></span> <span class='ocrx_word' id='word_1_243' title='bbox 642 1680 700 1701; x_wconf 89' lang='lat' dir='ltr'><strong>me</strong></span> <span class='ocrx_word' id='word_1_244' title='bbox 714 1667 795 1702; x_wconf 78' lang='lat' dir='ltr'><strong>fuit.</strong></span> <span class='ocrx_word' id='word_1_245' title='bbox 824 1668 862 1703; x_wconf 88' lang='lat' dir='ltr'><strong>S.</strong></span> <span class='ocrx_word' id='word_1_246' title='bbox 880 1670 1068 1713; x_wconf 82' lang='lat' dir='ltr'><strong>ep.366‚8.</strong></span> <span class='ocrx_word' id='word_1_247' title='bbox 1090 1688 1131 1693; x_wconf 92' lang='grc'>-</span> <span class='ocrx_word' id='word_1_248' title='bbox 1156 1669 1291 1711; x_wconf 78' lang='lat' dir='ltr'><strong>iacere,</strong></span> <span class='ocrx_word' id='word_1_249' title='bbox 1316 1666 1372 1702; x_wconf 84' lang='lat' dir='ltr'><strong>sei</strong></span> <span class='ocrx_word' id='word_1_250' title='bbox 1392 1667 1429 1701; x_wconf 91' lang='lat' dir='ltr'><strong>in</strong></span> <span class='ocrx_word' id='word_1_251' title='bbox 1451 1666 1520 1700; x_wconf 82' lang='lat' dir='ltr'><strong>der</strong></span> 
     </span>
     <span class='ocr_line' id='line_1_31' title="bbox 24 1711 1521 1759; baseline -0.001 -11"><span class='ocrx_word' id='word_1_252' title='bbox 24 1739 25 1742; x_wconf 65' lang='lat'>,</span> <span class='ocrx_word' id='word_1_253' title='bbox 61 1711 297 1758; x_wconf 75' lang='lat' dir='ltr'><strong>Volksgunst</strong></span> <span class='ocrx_word' id='word_1_254' title='bbox 328 1714 499 1758; x_wconf 71' lang='lat' dir='ltr'><strong>ganzlich</strong></span> <span class='ocrx_word' id='word_1_255' title='bbox 532 1714 735 1758; x_wconf 83' lang='lat' dir='ltr'><strong>gesunken.</strong></span> <span class='ocrx_word' id='word_1_256' title='bbox 771 1733 816 1740; x_wconf 92' lang='lat'><strong>—</strong></span> <span class='ocrx_word' id='word_1_257' title='bbox 864 1717 985 1758; x_wconf 80' lang='lat' dir='ltr'><strong>offens.</strong></span> <span class='ocrx_word' id='word_1_258' title='bbox 1006 1726 1111 1759; x_wconf 61' lang='lat' dir='ltr'><strong>pop„</strong></span> <span class='ocrx_word' id='word_1_259' title='bbox 1143 1716 1234 1750; x_wconf 80' lang='lat' dir='ltr'><strong>weil</strong></span> <span class='ocrx_word' id='word_1_260' title='bbox 1259 1725 1302 1748; x_wconf 89' lang='lat' dir='ltr'><strong>er</strong></span> <span class='ocrx_word' id='word_1_261' title='bbox 1325 1714 1390 1747; x_wconf 86' lang='lat' dir='ltr'><strong>das</strong></span> <span class='ocrx_word' id='word_1_262' title='bbox 1413 1713 1521 1749; x_wconf 83' lang='lat' dir='ltr'><strong>Volk</strong></span> 
     </span>
     <span class='ocr_line' id='line_1_32' title="bbox 24 1758 1520 1805; baseline 0 -12"><span class='ocrx_word' id='word_1_263' title='bbox 24 1758 25 1800; x_wconf 62' lang='grc' dir='ltr'>ξ</span> <span class='ocrx_word' id='word_1_264' title='bbox 61 1758 179 1793; x_wconf 86' lang='lat' dir='ltr'><strong>durch</strong></span> <span class='ocrx_word' id='word_1_265' title='bbox 203 1759 282 1794; x_wconf 88' lang='lat' dir='ltr'><strong>sein</strong></span> <span class='ocrx_word' id='word_1_266' title='bbox 308 1760 610 1805; x_wconf 75' lang='lat' dir='ltr'><strong>gewaltthatiges</strong></span> <span class='ocrx_word' id='word_1_267' title='bbox 624 1761 838 1795; x_wconf 87' lang='lat' dir='ltr'><strong>Benehmen</strong></span> <span class='ocrx_word' id='word_1_268' title='bbox 865 1761 901 1795; x_wconf 89' lang='lat' dir='ltr'><strong>in</strong></span> <span class='ocrx_word' id='word_1_269' title='bbox 927 1762 994 1795; x_wconf 87' lang='lat' dir='ltr'><strong>der</strong></span> <span class='ocrx_word' id='word_1_270' title='bbox 1010 1761 1311 1796; x_wconf 87' lang='lat' dir='ltr'><strong>Schatzkammer</strong></span> <span class='ocrx_word' id='word_1_271' title='bbox 1335 1758 1520 1803; x_wconf 78' lang='lat' dir='ltr'><strong>beleidigt</strong></span> 
     </span>
     <span class='ocr_line' id='line_1_33' title="bbox 61 1805 1519 1851; baseline 0.001 -13"><span class='ocrx_word' id='word_1_272' title='bbox 61 1805 134 1840; x_wconf 83' lang='lat' dir='ltr'><strong>hat.</strong></span> <span class='ocrx_word' id='word_1_273' title='bbox 176 1805 212 1842; x_wconf 87' lang='lat' dir='ltr'><strong>S.</strong></span> <span class='ocrx_word' id='word_1_274' title='bbox 238 1817 297 1850; x_wconf 89' lang='lat' dir='ltr'><strong>ep.</strong></span> <span class='ocrx_word' id='word_1_275' title='bbox 317 1807 558 1849; x_wconf 81' lang='lat' dir='ltr'>CCCLXVI,</span> <span class='ocrx_word' id='word_1_276' title='bbox 583 1808 604 1841; x_wconf 82' lang='lat'>8</span> <span class='ocrx_word' id='word_1_277' title='bbox 629 1808 668 1841; x_wconf 88' lang='lat' dir='ltr'><strong>ff.</strong></span> <span class='ocrx_word' id='word_1_278' title='bbox 694 1826 739 1832; x_wconf 90' lang='lat'>—</span> <span class='ocrx_word' id='word_1_279' title='bbox 778 1808 931 1842; x_wconf 76' lang='lat' dir='ltr'><strong>Siciliae</strong></span> <span class='ocrx_word' id='word_1_280' title='bbox 954 1808 1142 1851; x_wconf 80' lang='lat' dir='ltr'><strong>diffidens,</strong></span> <span class='ocrx_word' id='word_1_281' title='bbox 1176 1808 1250 1842; x_wconf 90' lang='lat' dir='ltr'><strong>und</strong></span> <span class='ocrx_word' id='word_1_282' title='bbox 1275 1806 1340 1841; x_wconf 83' lang='lat' dir='ltr'><strong>auf</strong></span> <span class='ocrx_word' id='word_1_283' title='bbox 1360 1805 1519 1841; x_wconf 83' lang='lat' dir='ltr'><strong>Sicilien</strong></span> 
     </span>
     <span class='ocr_line' id='line_1_34' title="bbox 60 1849 1521 1899; baseline 0.001 -15"><span class='ocrx_word' id='word_1_284' title='bbox 60 1851 206 1886; x_wconf 87' lang='lat' dir='ltr'><strong>machte</strong></span> <span class='ocrx_word' id='word_1_285' title='bbox 231 1863 272 1886; x_wconf 91' lang='lat' dir='ltr'><strong>er</strong></span> <span class='ocrx_word' id='word_1_286' title='bbox 297 1852 375 1886; x_wconf 83' lang='lat' dir='ltr'><strong>sich</strong></span> <span class='ocrx_word' id='word_1_287' title='bbox 400 1852 526 1896; x_wconf 84' lang='lat' dir='ltr'><strong>wenig</strong></span> <span class='ocrx_word' id='word_1_288' title='bbox 550 1853 767 1898; x_wconf 86' lang='lat' dir='ltr'><strong>Rechnung.</strong></span> <span class='ocrx_word' id='word_1_289' title='bbox 815 1854 903 1898; x_wconf 81' lang='lat' dir='ltr'><strong>Vgl.</strong></span> <span class='ocrx_word' id='word_1_290' title='bbox 929 1865 988 1899; x_wconf 85' lang='lat' dir='ltr'><strong>ep.</strong></span> <span class='ocrx_word' id='word_1_291' title='bbox 1008 1854 1252 1897; x_wconf 90' lang='lat' dir='ltr'>CCCLXVI,</span> <span class='ocrx_word' id='word_1_292' title='bbox 1277 1855 1316 1888; x_wconf 86' lang='lat'><strong>9:</strong></span> <span class='ocrx_word' id='word_1_293' title='bbox 1343 1849 1521 1898; x_wconf 79' lang='lat' dir='ltr'><strong>Pompeii</strong></span> 
     </span>
     <span class='ocr_line' id='line_1_35' title="bbox 10 1898 1518 1943; baseline 0.002 -13"><span class='ocrx_word' id='word_1_294' title='bbox 10 1907 13 1913; x_wconf 51' lang='lat' dir='ltr'><strong><em>s</em></strong></span> <span class='ocrx_word' id='word_1_295' title='bbox 61 1898 216 1931; x_wconf 86' lang='lat' dir='ltr'><strong>classem</strong></span> <span class='ocrx_word' id='word_1_296' title='bbox 240 1898 393 1932; x_wconf 79' lang='lat' dir='ltr'><strong>timebat</strong></span> <span class='ocrx_word' id='word_1_297' title='bbox 417 1899 585 1942; x_wconf 82' lang='lat' dir='ltr'><strong>(Curio):</strong></span> <span class='ocrx_word' id='word_1_298' title='bbox 621 1910 714 1942; x_wconf 86' lang='lat' dir='ltr'><strong>quae</strong></span> <span class='ocrx_word' id='word_1_299' title='bbox 740 1901 773 1935; x_wconf 86' lang='lat' dir='ltr'><strong>si</strong></span> <span class='ocrx_word' id='word_1_300' title='bbox 797 1907 915 1943; x_wconf 84' lang='lat' dir='ltr'><strong>esset,</strong></span> <span class='ocrx_word' id='word_1_301' title='bbox 942 1912 993 1939; x_wconf 35' lang='lat' dir='ltr'><strong>sse</strong></span> <span class='ocrx_word' id='word_1_302' title='bbox 1018 1899 1065 1935; x_wconf 88' lang='lat' dir='ltr'><strong>de</strong></span> <span class='ocrx_word' id='word_1_303' title='bbox 1090 1900 1223 1936; x_wconf 85' lang='lat' dir='ltr'><strong>Sicilia</strong></span> <span class='ocrx_word' id='word_1_304' title='bbox 1245 1900 1440 1934; x_wconf 86' lang='lat' dir='ltr'><strong>abiturum.</strong></span> <span class='ocrx_word' id='word_1_305' title='bbox 1473 1916 1518 1924; x_wconf 79' lang='lat'><strong>‹—</strong></span> 
     </span>
     <span class='ocr_line' id='line_1_36' title="bbox 59 1943 1520 1991; baseline 0.001 -15"><span class='ocrx_word' id='word_1_306' title='bbox 59 1943 283 1978; x_wconf 72' lang='lat' dir='ltr'><strong>vehementer</strong></span> <span class='ocrx_word' id='word_1_307' title='bbox 307 1946 454 1989; x_wconf 83' lang='lat' dir='ltr'><strong>accepi,</strong></span> <span class='ocrx_word' id='word_1_308' title='bbox 490 1945 572 1978; x_wconf 81' lang='lat' dir='ltr'><strong>hab’</strong></span> <span class='ocrx_word' id='word_1_309' title='bbox 597 1944 657 1979; x_wconf 83' lang='lat' dir='ltr'><strong>ich</strong></span> <span class='ocrx_word' id='word_1_310' title='bbox 681 1946 799 1991; x_wconf 82' lang='lat' dir='ltr'><strong>heftig</strong></span> <span class='ocrx_word' id='word_1_311' title='bbox 823 1947 1068 1990; x_wconf 84' lang='lat' dir='ltr'><strong>angefahren,</strong></span> <span class='ocrx_word' id='word_1_312' title='bbox 1111 1947 1165 1981; x_wconf 85' lang='lat' dir='ltr'><strong>als</strong></span> <span class='ocrx_word' id='word_1_313' title='bbox 1191 1958 1233 1981; x_wconf 91' lang='lat' dir='ltr'><strong>er</strong></span> <span class='ocrx_word' id='word_1_314' title='bbox 1256 1946 1335 1981; x_wconf 86' lang='lat' dir='ltr'><strong>sich</strong></span> <span class='ocrx_word' id='word_1_315' title='bbox 1372 1944 1520 1979; x_wconf 84' lang='lat' dir='ltr'><strong>wieder</strong></span> 
     </span>
     <span class='ocr_line' id='line_1_37' title="bbox 60 1990 1520 2039; baseline 0 -15"><span class='ocrx_word' id='word_1_316' title='bbox 60 1990 174 2024; x_wconf 82' lang='lat' dir='ltr'><strong>seben</strong></span> <span class='ocrx_word' id='word_1_317' title='bbox 199 1990 303 2025; x_wconf 88' lang='lat' dir='ltr'><strong>liess.</strong></span> <span class='ocrx_word' id='word_1_318' title='bbox 351 1991 389 2026; x_wconf 92' lang='lat' dir='ltr'><strong>S.</strong></span> <span class='ocrx_word' id='word_1_319' title='bbox 416 2002 473 2036; x_wconf 88' lang='lat' dir='ltr'><strong>ep.</strong></span> <span class='ocrx_word' id='word_1_320' title='bbox 497 1992 757 2027; x_wconf 79' lang='lat' dir='ltr'>CCCLXVIII</span> <span class='ocrx_word' id='word_1_321' title='bbox 784 2004 817 2027; x_wconf 92' lang='lat' dir='ltr'><strong>u.</strong></span> <span class='ocrx_word' id='word_1_322' title='bbox 844 1993 1090 2036; x_wconf 89' lang='lat' dir='ltr'>CCCLXIX,</span> <span class='ocrx_word' id='word_1_323' title='bbox 1113 1994 1147 2027; x_wconf 82' lang='lat'><strong>2.</strong></span> <span class='ocrx_word' id='word_1_324' title='bbox 1176 2011 1223 2018; x_wconf 87' lang='lat'><strong>—</strong></span> <span class='ocrx_word' id='word_1_325' title='bbox 1268 2003 1366 2039; x_wconf 79' lang='lat' dir='ltr'><strong>spem</strong></span> <span class='ocrx_word' id='word_1_326' title='bbox 1389 1991 1520 2034; x_wconf 76' lang='lat' dir='ltr'><strong>magni</strong></span> 
     </span>
     <span class='ocr_line' id='line_1_38' title="bbox 59 2037 1516 2083; baseline 0.001 -13"><span class='ocrx_word' id='word_1_327' title='bbox 59 2037 250 2079; x_wconf 63' lang='lat' dir='ltr'><strong>congiaria·</strong></span> <span class='ocrx_word' id='word_1_328' title='bbox 283 2037 308 2071; x_wconf 92' lang='lat' dir='ltr'><strong>i.</strong></span> <span class='ocrx_word' id='word_1_329' title='bbox 341 2048 375 2071; x_wconf 87' lang='lat' dir='ltr'><strong>e.</strong></span> <span class='ocrx_word' id='word_1_330' title='bbox 408 2037 563 2082; x_wconf 86' lang='lat' dir='ltr'><strong>praemii</strong></span> <span class='ocrx_word' id='word_1_331' title='bbox 593 2048 614 2072; x_wconf 86' lang='lat' dir='ltr'><strong>a</strong></span> <span class='ocrx_word' id='word_1_332' title='bbox 639 2038 796 2073; x_wconf 88' lang='lat' dir='ltr'><strong>Caesare</strong></span> <span class='ocrx_word' id='word_1_333' title='bbox 829 2039 1250 2083; x_wconf 51' lang='lat' dir='ltr'><strong>consequendi‘causam</strong></span> <span class='ocrx_word' id='word_1_334' title='bbox 1274 2038 1408 2081; x_wconf 73' lang='lat' dir='ltr'><strong>fuisse,</strong></span> <span class='ocrx_word' id='word_1_335' title='bbox 1447 2047 1516 2071; x_wconf 84' lang='lat' dir='ltr'><strong>cur</strong></span> 
     </span>
     <span class='ocr_line' id='line_1_39' title="bbox 61 2083 1515 2129; baseline 0.001 -13"><span class='ocrx_word' id='word_1_336' title='bbox 61 2083 106 2116; x_wconf 88' lang='lat' dir='ltr'><strong>ad</strong></span> <span class='ocrx_word' id='word_1_337' title='bbox 131 2094 213 2117; x_wconf 87' lang='lat' dir='ltr'><strong>eum</strong></span> <span class='ocrx_word' id='word_1_338' title='bbox 245 2083 435 2127; x_wconf 82' lang='lat' dir='ltr'><strong>profectus</strong></span> <span class='ocrx_word' id='word_1_339' title='bbox 459 2084 518 2118; x_wconf 86' lang='lat' dir='ltr'><strong>sit.</strong></span> <span class='ocrx_word' id='word_1_340' title='bbox 551 2102 596 2108; x_wconf 89' lang='lat'>—</span> <span class='ocrx_word' id='word_1_341' title='bbox 640 2085 772 2119; x_wconf 78' lang='lat' dir='ltr'><strong>vitium</strong></span> <span class='ocrx_word' id='word_1_342' title='bbox 806 2085 996 2120; x_wconf 87' lang='lat' dir='ltr'><strong>avaritiae.</strong></span> <span class='ocrx_word' id='word_1_343' title='bbox 1028 2105 1071 2111; x_wconf 95' lang='lat'><strong>—</strong></span> <span class='ocrx_word' id='word_1_344' title='bbox 1118 2095 1222 2129; x_wconf 84' lang='lat' dir='ltr'><strong>quem</strong></span> <span class='ocrx_word' id='word_1_345' title='bbox 1247 2111 1255 2120; x_wconf 90' lang='lat'>.</span> <span class='ocrx_word' id='word_1_346' title='bbox 1274 2110 1281 2119; x_wconf 81' lang='grc'><strong>.</strong></span> <span class='ocrx_word' id='word_1_347' title='bbox 1302 2111 1311 2120; x_wconf 93' lang='grc'><em>.</em></span> <span class='ocrx_word' id='word_1_348' title='bbox 1334 2084 1515 2127; x_wconf 71' lang='lat' dir='ltr'><strong>regimus,</strong></span> 
     </span>
     <span class='ocr_line' id='line_1_40' title="bbox 29 2129 1513 2177; baseline 0.001 -14"><span class='ocrx_word' id='word_1_349' title='bbox 29 2138 30 2143; x_wconf 60' lang='lat'>¹</span> <span class='ocrx_word' id='word_1_350' title='bbox 60 2129 133 2163; x_wconf 84' lang='lat' dir='ltr'><strong>wir</strong></span> <span class='ocrx_word' id='word_1_351' title='bbox 157 2130 281 2165; x_wconf 88' lang='lat' dir='ltr'><strong>halten</strong></span> <span class='ocrx_word' id='word_1_352' title='bbox 305 2129 369 2164; x_wconf 89' lang='lat' dir='ltr'><strong>ihn</strong></span> <span class='ocrx_word' id='word_1_353' title='bbox 395 2130 529 2164; x_wconf 85' lang='lat' dir='ltr'><strong>iedoch</strong></span> <span class='ocrx_word' id='word_1_354' title='bbox 555 2130 593 2164; x_wconf 91' lang='lat' dir='ltr'><strong>in</strong></span> <span class='ocrx_word' id='word_1_355' title='bbox 608 2136 718 2174; x_wconf 87' lang='lat' dir='ltr'><strong>guter</strong></span> <span class='ocrx_word' id='word_1_356' title='bbox 732 2132 862 2166; x_wconf 86' lang='lat' dir='ltr'><strong>Zucht.</strong></span> <span class='ocrx_word' id='word_1_357' title='bbox 895 2144 999 2177; x_wconf 82' lang='lat' dir='ltr'><strong>quam</strong></span> <span class='ocrx_word' id='word_1_358' title='bbox 1026 2158 1034 2166; x_wconf 93' lang='lat'><strong>.</strong></span> <span class='ocrx_word' id='word_1_359' title='bbox 1052 2159 1060 2166; x_wconf 90' lang='lat'>.</span> <span class='ocrx_word' id='word_1_360' title='bbox 1075 2157 1083 2165; x_wconf 94' lang='lat'>.</span> <span class='ocrx_word' id='word_1_361' title='bbox 1111 2142 1280 2174; x_wconf 76' lang='lat' dir='ltr'><strong>regemus</strong></span> <span class='ocrx_word' id='word_1_362' title='bbox 1301 2131 1393 2166; x_wconf 90' lang='lat' dir='ltr'><strong>Ern.</strong></span> <span class='ocrx_word' id='word_1_363' title='bbox 1408 2141 1513 2175; x_wconf 71' lang='lat' dir='ltr'><strong>susp.</strong></span> 
     </span>
     <span class='ocr_line' id='line_1_41' title="bbox 60 2175 1512 2239; baseline 0.002 -31"><span class='ocrx_word' id='word_1_364' title='bbox 60 2187 212 2220; x_wconf 81' lang='lat' dir='ltr'><strong>quam..</strong></span> <span class='ocrx_word' id='word_1_365' title='bbox 231 2187 346 2239; x_wconf 59' lang='lat' dir='ltr'><strong>&#39;&#39;ecePg</strong></span> <span class='ocrx_word' id='word_1_366' title='bbox 372 2175 458 2211; x_wconf 88' lang='lat' dir='ltr'>Sch.</span> <span class='ocrx_word' id='word_1_367' title='bbox 483 2177 576 2211; x_wconf 81' lang='lat' dir='ltr'><strong>Liin.</strong></span> <span class='ocrx_word' id='word_1_368' title='bbox 604 2178 698 2221; x_wconf 80' lang='lat' dir='ltr'><strong>quod</strong></span> <span class='ocrx_word' id='word_1_369' title='bbox 721 2182 840 2212; x_wconf 81' lang='lat' dir='ltr'><strong>tamen</strong></span> <span class='ocrx_word' id='word_1_370' title='bbox 863 2180 948 2213; x_wconf 88' lang='lat' dir='ltr'><strong>Asc.</strong></span> <span class='ocrx_word' id='word_1_371' title='bbox 973 2190 1031 2224; x_wconf 87' lang='lat' dir='ltr'><strong>pr.</strong></span> <span class='ocrx_word' id='word_1_372' title='bbox 1059 2178 1132 2213; x_wconf 76' lang='grc' dir='ltr'><strong>ΟΒ.</strong></span> <span class='ocrx_word' id='word_1_373' title='bbox 1156 2198 1201 2205; x_wconf 86' lang='lat'><em>-</em></span> <span class='ocrx_word' id='word_1_374' title='bbox 1234 2177 1371 2222; x_wconf 73' lang='lat' dir='ltr'><strong>Oppiis.</strong></span> <span class='ocrx_word' id='word_1_375' title='bbox 1398 2176 1438 2212; x_wconf 92' lang='lat' dir='ltr'><strong>S.</strong></span> <span class='ocrx_word' id='word_1_376' title='bbox 1464 2186 1512 2211; x_wconf 85' lang='lat' dir='ltr'><strong>zu</strong></span> 
     </span>
     <span class='ocr_line' id='line_1_42' title="bbox 59 2222 1512 2320; baseline 0.001 -19"><span class='ocrx_word' id='word_1_377' title='bbox 59 2222 484 2320; x_wconf 57' lang='lat' dir='ltr'><strong>fi}·e⁰ffl;?3,¹³ssss?;0</strong></span> <span class='ocrx_word' id='word_1_378' title='bbox 497 2224 1134 2315; x_wconf 46' lang='grc' dir='ltr'><strong>ῖηὲέῗὲῗἚιῖῑὺέἒίΐέζῖέξζῐζῑ</strong></span> <span class='ocrx_word' id='word_1_379' title='bbox 1158 2225 1360 2318; x_wconf 57' lang='grc' dir='ltr'><strong>ρῗῖἒῖῗζ,</strong></span> <span class='ocrx_word' id='word_1_380' title='bbox 1392 2223 1512 2305; x_wconf 66' lang='grc' dir='ltr'><strong>ἔῗ’ῗ3</strong></span> 
     </span>
     <span class='ocr_line' id='line_1_43' title="bbox 32 2314 888 2362; baseline 0.006 -14"><span class='ocrx_word' id='word_1_381' title='bbox 32 2328 33 2344; x_wconf 73' lang='lat'>1</span> <span class='ocrx_word' id='word_1_382' title='bbox 58 2314 286 2359; x_wconf 82' lang='lat' dir='ltr'><strong>diverteret,</strong></span> <span class='ocrx_word' id='word_1_383' title='bbox 316 2327 426 2360; x_wconf 89' lang='lat' dir='ltr'><strong>quum</strong></span> <span class='ocrx_word' id='word_1_384' title='bbox 448 2317 625 2362; x_wconf 82' lang='lat' dir='ltr'><strong>placeret.</strong></span> <span class='ocrx_word' id='word_1_385' title='bbox 655 2317 888 2353; x_wconf 85' lang='lat' dir='ltr'><strong><em>ERNESTI.</em></strong></span> 
     </span>
    </p>
   </div>
   <div class='ocr_carea' id='block_1_5' title="bbox 657 2483 928 2492">
    <p class='ocr_par' dir='ltr' id='par_1_9' title="bbox 657 2483 928 2492">
     <span class='ocr_line' id='line_1_44' title="bbox 657 2483 928 2492; baseline 0.007 -2"><span class='ocrx_word' id='word_1_386' title='bbox 657 2483 928 2492; x_wconf 58' lang='lat' dir='ltr'><strong>m</strong></span> 
     </span>
    </p>
   </div>
  </div>
 </body>
</html>
