1795 3043
519 59 834 109 EPISTOLA
877 58 1192 106 CCLXXXII.
1485 66 1585 113 281

131 176 426 229 relinquerem.
493 170 649 223 Τούμόν
689 169 846 221 ὄνειρον
884 172 986 220 ἐμοί.
1055 172 1215 213 Eadem
1255 172 1420 221 omnia,
1467 172 1587 225 quasi

130 234 333 276 collocuti
362 245 554 284 essemus,
583 231 776 272 vidimus.
834 228 940 269 Non.
958 229 1038 269 fuit
1067 230 1305 271 faciendum
1335 231 1470 282 aliter,
1504 242 1590 271 me-

131 303 213 343 que
244 290 452 339 ὲπιχρονία
480 286 604 337 ἐποχή
633 290 706 329 tua
734 285 997 328 dubitatione
1025 286 1242 329 liberavit·
1299 287 1380 329 Sed
1409 289 1512 340 puto
1543 290 1587 328 te

132 349 347 400 accepisse
389 347 441 387 de
479 347 559 387 hac
599 357 646 385 re
684 345 904 397 epistolam
942 343 1138 395 scriptam
1181 347 1434 386 accuratius.
1495 346 1586 398 Ego
1609 349 1637 388 4

132 404 376 446 tabellarios
414 405 580 457 postero
616 402 683 442 die
722 401 774 442 ad
810 413 884 441 vos
923 412 1037 440 eram
1073 401 1292 451 missurus,
1342 415 1444 455 quos
1483 404 1587 454 puto

133 463 232 503 aute
261 463 458 503 venturos
486 471 613 511 quam
641 460 827 499 nostrum
858 458 1086 498 Saufeium.
1136 459 1217 498 Sed
1248 472 1343 499 eum
1373 460 1461 500 sine
1483 459 1588 500 meis

133 519 273 559 literis
303 518 354 558 ad
383 519 423 557 te
452 517 598 558 venire
626 517 697 557 vix
725 516 887 555 rectum
918 516 1019 555 erat.
1079 515 1143 555 Tu
1171 516 1296 568 mihi,
1333 519 1381 557 ut
1416 517 1588 568 pollice·
1610 519 1641 563 5

135 576 215 623 ris,
258 575 308 615 de
338 574 523 615 Tulliola
551 586 664 621 mea,
702 572 746 612 id
777 574 858 625 est,
889 571 940 612 de
970 571 1212 622 Dolabella,
1242 574 1503 625 perscribas3
1537 574 1590 614 de

135 644 182 672 re
223 632 414 684 publica,
454 643 576 683 quam
613 629 840 682 praevideo
880 629 926 669 in
956 629 1123 669 summis
1152 631 1374 681 periculis3
1414 631 1464 671 de
1494 643 1591 671 cen·

135 689 312 738 soribus,
341 689 601 739 maximeque
622 687 674 727 de
698 687 839 738 signis,
870 685 1040 733 tabulis,
1074 686 1173 737 quid
1193 686 1279 734 fiat,
1309 689 1588 728 referaturne.

134 745 278 786 Idibus
307 745 478 786 Octobr.
509 746 584 784 has
615 743 710 784 dedi
739 744 903 784 literas:
935 755 1018 794 quo
1048 743 1129 795 die,
1159 746 1205 784 ut
1233 745 1405 796 scribis,
1436 745 1592 785 Caesar

135 802 394 842 Placentiam
422 802 610 854 legiones
639 802 854 852 quattuor.
914 801 1090 848 Quaeso,
1123 801 1224 851 quid
1252 801 1375 842 nobis
1404 803 1591 843 futurum

134 859 224 898 est?
281 859 330 900 In
361 870 459 898 arce
487 858 664 900 Athenis
693 857 817 898 statio
846 870 940 898 mea
967 869 1080 898 nunc
1108 859 1265 909 placet.

136 1001 364 1038 assensionis
389 1002 569 1043 retentio,
595 1003 847 1037 dubitatio.—-
880 1002 1131 1047 relinquerem.
1166 1004 1203 1039 S.
1226 1016 1284 1049 ep.
1300 1003 1592 1044 CCLXXV1,4.

137 1067 182 1076 --
211 1062 257 1084 το
269 1048 377 1093 ὐμὸν
410 1051 589 1097 ὄνειρον
623 1051 736 1094 ἐμοί.
768 1049 1017 1083 Proverbium
1043 1050 1088 1083 de
1112 1050 1180 1093 iis,
1205 1050 1269 1094 qui
1294 1051 1401 1084 alteri
1427 1057 1593 1094 narrant,

137 1105 232 1139 quae
256 1095 288 1129 is
311 1106 430 1138 aeque
454 1096 550 1128 bene
574 1102 635 1128 aut
666 1095 800 1129 melius
832 1095 920 1138 scit,
954 1106 1060 1138 quam
1092 1096 1176 1140 ipsi.
1213 1097 1346 1131 Cicero
1382 1096 1499 1140 igitur
1531 1097 1596 1141 ait,

137 1140 323 1184 Atticum,
351 1141 458 1184 quasi
482 1140 554 1176 sibi
579 1151 682 1174 suum
707 1139 888 1175 somnium
913 1142 1138 1186 narraverit,
1175 1142 1228 1177 sic
1254 1143 1301 1177 de
1331 1143 1414 1177 filio
1444 1154 1486 1177 ea
1510 1153 1596 1178 sua·

138 1187 252 1229 sisse,
279 1198 374 1230 quae
399 1187 481 1232 ipse
507 1187 728 1221 decreverit.
755 1187 863 1222 SGH.
883 1207 929 1213 —
962 1189 1108 1235 ἐπιχρ.
1135 1189 1299 1233 ἐποχή,
1329 1189 1504 1224 diuturna
1527 1190 1597 1223 du-

137 1232 291 1277 bitatio,
316 1233 418 1268 Dein
443 1234 571 1278 tanges
597 1233 883 1268 anfiekhalten.
898 1252 942 1259 —
976 1235 1176 1278 epistolam,
1201 1246 1334 1281 nempe
1346 1236 1594 1273 CCLXXVI.

229 1291 266 1325 4.
305 1300 406 1323 eram
440 1289 618 1323 missurus
648 1300 695 1325 z:
725 1300 804 1324 sum
841 1290 1032 1325 missurus.
1060 1311 1102 1317 —
1158 1292 1368 1337 Saufeium,
1406 1294 1465 1328 cui
1502 1295 1599 1328 hanc

139 1336 258 1381 ipsam
296 1335 494 1379 epistolam
530 1335 789 1379 perferendam
826 1336 989 1371 dederat.
1033 1337 1125 1371 Eius
1161 1339 1298 1372 mentio
1330 1340 1373 1373 fit
1398 1341 1483 1374 libr.
1502 1340 1597 1380 Vll,

140 1393 201 1427 ep.
220 1384 254 1415 1.
281 1381 605 1425 (CCLXXXIV.)
637 1381 762 1415 Ueber
785 1382 828 1416 L.
847 1381 1018 1417 Saufeius
1044 1395 1071 1417 s.
1091 1395 1148 1428 ep.
1162 1385 1272 1421 VIII.
1290 1386 1476 1424 XXXIV.
1497 1386 1599 1421 CIX.

139 1427 292 1462 DCCII.
317 1427 489 1462 DCCXI.
516 1426 701 1463 DCCLV.
744 1427 798 1461 Er
821 1439 901 1462 war
925 1429 985 1462 ein
1008 1430 1157 1463 Freund
1187 1431 1251 1465 des
1275 1432 1449 1476 Attikus,
1482 1433 1599 1466 sehon

141 1475 196 1508 als
221 1473 423 1518 Epikurer.
444 1493 483 1498 —
519 1478 656 1507 rectum
679 1477 756 1506 erat
778 1485 824 1507 =
848 1474 990 1509 fuisset.
1024 1474 1063 1509 S.
1090 1476 1240 1511 Ramsh.
1267 1478 1296 1519 ἕ.
1314 1480 1393 1520 166,
1409 1479 1443 1521 2,
1467 1490 1498 1521 e,
1509 1479 1555 1514 N.
1614 1495 1616 1498 ·

232 1521 266 1554 5.
294 1520 333 1553 id
357 1523 426 1559 est,
452 1520 494 1553 de
518 1519 668 1562 Dolab„
694 1518 753 1552 ich
778 1519 917 1562 meine,
942 1521 1017 1554 wie
1043 1532 1082 1555 es
1107 1522 1173 1555 mit
1198 1522 1259 1556 ihr
1282 1524 1358 1557 und
1382 1525 1599 1567 Dolabella,

143 1565 264 1599 ihrem
303 1562 535 1609 Bra‘utigam,
574 1565 675 1609 geht.
695 1583 738 1589 —
778 1566 821 1600 de
851 1567 1076 1610 censoribus,
1112 1568 1238 1613 Appio
1263 1570 1429 1604 Pulchro
1456 1577 1492 1604 et
1516 1571 1602 1605 Cal-

144 1612 279 1656 purnio
304 1611 464 1654 Pisone,
498 1610 564 1645 mit
587 1611 757 1645 welchen
783 1610 887 1645 diese
912 1613 1056 1646 Wijrde
1080 1615 1312 1649 aufhfirte!
1334 1635 1377 1641 —
1415 1617 1457 1650 de
1480 1616 1603 1659 signis

145 1662 179 1692 et
203 1658 356 1699 tabulis,
391 1668 462 1690 von
497 1657 565 1690 der
591 1664 766 1700 strengen
790 1658 1048 1703 Verordnung
1076 1660 1141 1694 des
1167 1661 1327 1697 Censors
1352 1664 1499 1708 Appius
1523 1674 1604 1697 we-

143 1714 216 1749 gen
242 1704 308 1737 der
331 1703 550 1737 Bildsaulen
576 1714 611 1737 u.
640 1703 855 1738 Gem'ahlde.
897 1704 934 1739 S.
962 1716 1019 1749 ep.
1039 1706 1307 1750 CCLXXX,4.
1334 1727 1378 1734 —
1416 1710 1502 1753 quid
1524 1711 1602 1753 fiat,

146 1749 220 1783 wie
245 1750 300 1784 sie
326 1750 605 1793 ausgenommen
629 1749 794 1784 wird.—
823 1752 1062 1794 referaturne,
1089 1763 1132 1785 an
1160 1753 1205 1787 de
1232 1765 1274 1788 ea
1299 1766 1340 1788 re
1364 1755 1409 1788 ad
1435 1761 1604 1790 senatum

146 1796 352 1838 referatur,
385 1802 425 1829 ut
448 1796 803 1830 senatusconsultum
837 1796 902 1830 fiat
927 1798 973 1831 de
998 1806 1145 1843 sumptu
1170 1799 1360 1844 signorum
1393 1807 1429 1835 et
1459 1802 1605 1836 tabula-

147 1853 226 1877 rum
252 1841 471 1875 coercendo.
498 1841 706 1877 MANUT.
747 1842 822 1885 „ob
856 1843 910 1876 sie
942 1844 1002 1877 bei
1037 1844 1118 1878 dem
1144 1845 1280 1881 Senate
1305 1857 1387 1881 zum
1413 1848 1605 1891 Vortrage

147 1888 319 1923 kommen
342 1887 507 1921 werde.’'
525 1907 569 1912 —-
604 1889 662 1923 Id.
690 1887 782 1931 Oct„
812 1900 868 1922 am
895 1890 948 1924 15.
966 1891 1141 1925 October.
1164 1912 1208 1917 —
1247 1894 1410 1934 legiones
1435 1897 1604 1938 quattuor

149 1934 229 1969 scil.
257 1933 482 1967 adducturus
508 1939 598 1968 erat.
639 1933 777 1969 Dieses
803 1936 989 1980 Gerucht,
1025 1936 1107 1971 dass
1133 1939 1247 1972 Casar
1269 1939 1455 1974 Piacenza
1479 1941 1605 1975 beset-

149 1991 217 2014 zen
243 1979 385 2022 werde,
412 1980 474 2013 hat
498 1979 578 2013 sich
602 1980 718 2013 falsch
743 1981 939 2016 besunden.
987 1983 1098 2016 Denn
1133 1995 1174 2018 er
1206 1986 1307 2019 hatte
1339 1986 1502 2020 damahls
1534 1997 1606 2021 nur

150 2025 234 2060 eine
260 2025 407 2069 einzige
431 2026 574 2070 Legion
607 2025 644 2059 in
676 2026 759 2059 dem
786 2027 1084 2073 Cisalpinischen
1110 2031 1246 2066 Theile
1278 2031 1401 2066 seiner
1424 2033 1605 2077 Provinz,

150 2082 260 2106 wozu
285 2072 479 2106 Placentia
510 2072 679 2115 gehorte.
699 2091 742 2098 -
779 2074 825 2107 In
855 2085 957 2114 arce,
990 2082 1098 2110 unter
1131 2077 1256 2111 diesen
1281 2078 1508 2113 Umstiinden
1540 2091 1606 2123 ge-

150 2119 233 2152 sallt
265 2117 335 2152 mir
367 2118 464 2151 mein
497 2118 673 2152 Standort
706 2118 770 2152 auf
799 2120 865 2154 der
897 2121 1000 2165 Burg
1033 2132 1080 2155 zu
1104 2123 1227 2158 Athen
1258 2124 1359 2158 nicht
1393 2125 1490 2160 iibel.
1537 2126 1608 2160 Est

152 2164 268 2198 iocus.
309 2163 437 2198 Malim
463 2163 523 2197 hic
547 2175 715 2208 manere,
743 2176 848 2208 quam
873 2166 1027 2202 Romam
1061 2168 1210 2213 venire,
1243 2170 1307 2205 ubi
1334 2170 1429 2205 nihil
1453 2172 1525 2205 iam
1549 2182 1607 2205 se-

153 2221 279 2261 curum
305 2216 371 2244 est.
397 2209 629 2245 ERNESTI.
669 2212 787 2245 statio.
827 2212 1015 2248 Castrensi
1040 2215 1158 2250 verbo
1191 2228 1278 2253 usus
1304 2222 1380 2263 est,
1413 2219 1501 2263 quia
1526 2228 1605 2254 cum

155 2256 333 2293 militibus
359 2263 448 2292 erat.
475 2255 683 2293 MANUT.
