1795 3043
204 155 294 196 sive
321 155 578 209 negligentia
606 155 695 197 sive
724 153 879 198 inertia
920 158 984 198 est
1023 156 1112 199 sive
1148 156 1247 206 ille,
1290 167 1417 207 quem
1453 154 1673 209 proposui,

207 215 364 261 metus,
406 214 512 254 latet
539 212 617 253 sub
646 214 729 253 hac
758 214 1065 267 temperantiae
1095 214 1407 255 existimatione
1436 214 1551 254 nolle
1579 226 1676 266 pro-

208 270 407 312 vinciam.
450 270 489 311 A
517 271 560 310 te
588 269 740 311 literae
758 284 841 312 non
865 273 1094 313 venerunt:
1124 272 1179 322 et,
1208 271 1292 312 nisi
1315 270 1507 311 Deiotari
1534 271 1677 311 subse-

212 330 336 368 cutae
365 328 526 380 essent,
555 326 600 367 in
631 340 725 368 eam
755 329 998 381 opinionem
1021 329 1190 369 Cassius
1218 329 1408 375 venerat,
1438 340 1549 379 quae
1578 327 1677 368 diri-

211 384 373 438 puisset
401 384 506 436 ipse,
538 386 586 425 ut
615 385 862 427 viderentur
891 385 944 427 ab
973 387 1094 427 hoste
1121 387 1297 439 vastata,
1326 384 1499 425 finxisse
1516 385 1679 425 bellum

213 442 258 482 et
285 440 449 481 Arabas
477 441 521 481 in
552 444 818 494 provinciam
846 444 1067 484 immisisse
1105 455 1259 495 eosque
1287 443 1470 484 Parthos
1499 454 1590 482 esse
1619 453 1682 482 se-

213 498 336 539 natui
363 500 641 539 renuntiasse.
710 500 851 548 Quare
878 500 959 541 tibi
998 500 1177 549 suadeo,
1217 500 1461 552 quicunque
1491 501 1556 540 est
1584 499 1683 539 istic

214 557 347 596 status
375 568 532 604 rerum,
565 556 793 610 diligenter
822 559 864 598 et
891 560 1016 598 caute
1044 557 1299 610 perscribas,
1328 569 1383 597 ne
1403 557 1476 597 aut
1497 555 1685 597 velifica-

216 614 285 652 tus
314 612 445 653 alicui
475 613 631 654 dicaris
658 616 732 654 aut
758 615 933 665 aliquid,
964 614 1076 667 quod
1095 616 1276 655 referret
1294 614 1418 666 scire,
1447 613 1683 656 reticuisse.

166 672 194 711 3
218 669 341 710 Nunc
371 670 509 710 exitus
538 673 603 710 est
632 670 755 711 anni:
792 684 890 712 nam
918 684 996 725 ego
1036 673 1112 713 has
1147 672 1293 713 literas
1331 686 1370 714 a.
1396 671 1437 712 d.
1464 684 1553 713 xlv.
1582 671 1683 713 Kal.
1756 684 1761 704 ⁵

217 727 420 768 Decemb.
457 727 622 780 scripsi.
672 728 807 769 Plane
845 729 956 770 nihil
993 729 1116 770 video
1157 730 1382 770 anteKal.
1412 728 1582 770 Ianuar.
1614 728 1683 781 agi

217 795 354 836 posse.
394 783 516 824 Nosti
535 785 807 834 Marcellum,
840 797 968 838 quam
996 786 1142 827 tardus
1173 787 1214 826 et
1244 798 1394 839 parum
1421 784 1575 826 efficax
1604 786 1683 826 sit:

217 841 406 892 itemque
423 841 599 883 Servius
627 854 754 895 quam
783 845 1020 885 cunctator.
1067 842 1310 883 Cuiusmodi
1332 844 1456 895 putas
1473 843 1550 883 hos
1579 855 1686 894 esse,

219 899 294 938 aut
323 910 449 949 quam
479 898 538 946 id,
569 899 682 951 quod
712 900 866 949 nolint,
898 900 1109 942 conficere
1137 912 1275 953 posse,
1308 900 1394 951 qui,
1427 911 1538 951 quae
1567 900 1686 952 cupi-

219 955 310 1003 unt,
342 955 482 995 tamen
512 957 574 997 ita
601 957 753 1010 frigide
782 960 927 1010 agunt,
958 960 1006 998 ut
1036 959 1152 998 nolle
1181 957 1508 999 existimentur?
1556 956 1687 998 Novis

220 1012 537 1065 magistratibus
568 1015 722 1064 autem,
752 1015 788 1054 si
818 1015 1066 1056 Parthicum
1096 1015 1255 1055 bellum
1285 1014 1391 1062 erit,
1421 1014 1531 1054 haec
1559 1026 1689 1055 causa

218 1069 378 1121 primos
407 1082 569 1110 menses
598 1071 838 1125 occupabit.
880 1073 954 1113 Sin
983 1074 1124 1113 autem
1153 1074 1227 1112 aut
1255 1084 1338 1111 non
1369 1071 1452 1110 erit
1482 1070 1579 1111 istic
1600 1071 1688 1111 bel-

219 1127 400 1172 lum‚aut
429 1128 592 1167 tantum
621 1129 724 1177 erit,
764 1130 812 1169 ut
847 1141 922 1171 vos
960 1130 1034 1169 aut
1069 1141 1332 1170 successores
1362 1128 1505 1180 parvis
1534 1128 1688 1169 additis

220 1183 357 1235 copiis
385 1184 593 1225 sustinere
621 1186 806 1239 possint:
841 1186 1065 1226 Curionem
1094 1186 1216 1226 video
1239 1199 1284 1227 se
1306 1185 1536 1237 dupliciter
1555 1185 1686 1226 iacta-

219 1240 384 1289 turum3
415 1241 610 1292 primum,
643 1244 690 1283 ut
719 1242 881 1294 aliquid
904 1244 1073 1283 Caesari
1104 1243 1285 1291 adimat,
1316 1242 1415 1282 inde
1444 1244 1492 1282 ut
1522 1242 1687 1294 aliquid

218 1296 425 1349 Pompeio
466 1298 649 1351 tribuat,
704 1299 885 1351 quodvis
925 1299 1163 1351 quamlibet
1203 1302 1331 1339 tenue
1375 1302 1687 1342 munusculum.

220 1352 397 1394 Paullus
437 1367 566 1407 porro
605 1368 690 1396 non
736 1358 919 1398 humane
958 1357 1010 1397 de
1046 1357 1273 1409 provincia
1306 1357 1521 1408 loquitur:
1562 1358 1691 1399 huius

201 48 302 97 118
471 44 537 91 Μ.
572 43 629 90 Τ.
667 43 1006 91 CICERONIS
1040 43 1414 91 EPISTOLAE.

1770 1029 1779 1111 ἒ

1772 1131 1777 1185 Ι

221 1465 329 1499 dient
362 1467 476 1500 ihnen
511 1466 608 1500 doch
637 1477 683 1501 zu
715 1467 839 1502 einem
863 1467 1138 1509 Deckmantel‚
1173 1466 1242 1500 der
1270 1465 1499 1509 wenigstens
1525 1466 1587 1500 die
1611 1467 1691 1500 An-

222 1512 456 1556 standigkeit
486 1512 638 1547 sichert.
671 1514 784 1547 latent
818 1526 868 1548 ex
900 1514 970 1548 Ed.
1004 1514 1112 1547 Rom.
1140 1513 1229 1547 Ern.
1256 1512 1341 1547 Sch.
1366 1513 1459 1546 Lun.
1490 1513 1690 1547 ORELLI.

221 1557 419 1593 Benedict.
447 1559 556 1593 theilt
581 1559 645 1592 ab:
672 1564 710 1593 ut
736 1586 744 1593 .
763 1586 771 1594 .
790 1586 798 1593 .
825 1560 1034 1603 videantur,
1059 1559 1123 1592 sed
1146 1558 1347 1592 ltoneste—
1371 1559 1447 1591 sive
1472 1585 1480 1593 .
1500 1585 1508 1593 .
1525 1584 1534 1593 .
1561 1560 1690 1593 existi-

221 1605 551 1638 matione—nolle
571 1606 815 1649 provinciam.
856 1606 1027 1640 Gronov:
1054 1616 1159 1639 suum
1186 1605 1317 1639 vitium
1344 1605 1468 1639 velant
1493 1611 1691 1649 praetextu

222 1650 495 1685 moderationis
521 1651 559 1685 in
577 1652 789 1696 appetenda
813 1652 1022 1696 provincia,
1049 1662 1144 1695 quae
1171 1651 1268 1684 inter
1293 1657 1365 1685 tam
1390 1651 1549 1695 cupidos
1574 1652 1690 1696 vulgo

223 1697 305 1731 lans
332 1697 547 1731 habebatur.
563 1716 608 1721 —
633 1699 766 1732 literae
791 1698 836 1732 ad
863 1704 1044 1732 senatum.
1063 1717 1106 1721 —
1131 1698 1313 1731 Deiotari.
1341 1708 1370 1732 s.
1389 1708 1448 1741 ep.
1468 1698 1644 1742 CCXIV,
1657 1700 1690 1734 2.

224 1744 407 1787 CCXIX,
424 1744 458 1777 2.
493 1744 673 1787 CCXXI,
689 1749 723 1781 6.
743 1763 787 1769 —-
818 1749 966 1778 venerat
990 1750 1034 1778 st.
1055 1745 1211 1777 venisset
1242 1744 1406 1787 (Ramsh.
1434 1744 1462 1786 ξ.
1483 1745 1568 1787 166,
1585 1744 1628 1788 2,
1655 1757 1690 1790 c,

224 1789 352 1833 Not.),
384 1801 426 1824 so
452 1790 582 1825 wiirde
606 1791 757 1826 Cassius
783 1791 880 1824 ohne
905 1791 1062 1824 Zweisel
1089 1791 1125 1823 in
1151 1791 1223 1824 den
1249 1790 1444 1826 ‘Verdacht
1469 1790 1692 1833 gekommen

224 1836 377 1872 sein.—
402 1837 612 1881 immisisse,
639 1848 681 1871 er
704 1838 799 1871 habe
824 1838 880 1871 sie
906 1837 1035 1870 herein
1061 1837 1247 1880 gelassen,
1274 1836 1495 1869 absichtlieh
1515 1837 1692 1872 einfallen

224 1882 362 1916 lassen.
390 1883 466 1916 Zur
479 1882 601 1917 Sache
625 1883 699 1926 vgl.
713 1895 773 1928 ep.
787 1884 979 1925 CCXXII,
994 1885 1048 1917 10.
1066 1902 1107 1907 —
1133 1883 1233 1925 velif.
1254 1883 1388 1925 alicui,
1406 1882 1553 1926 Cassio,
1579 1883 1693 1918 damit

225 1939 268 1962 es
284 1927 387 1961 nicht
402 1929 636 1973 scheine,als
654 1930 855 1963 habestDu
875 1929 993 1963 durch
1004 1929 1152 1963 Deiuen
1167 1929 1318 1962 Bericht
1333 1928 1545 1962 Iemandem
1557 1929 1692 1963 durch-

226 1974 352 2008 helsen
377 1976 585 2010 wollen.—
609 1977 704 2020 quod
728 1978 882 2019 referret
905 1976 1014 2018 scire,
1041 1987 1117 2009 was
1143 1975 1212 2008 der
1234 1975 1347 2010 Senat
1373 1974 1512 2009 wissen
1537 1976 1690 2010 sollte.

317 2022 352 2055 3.
380 2031 416 2054 (ι.
434 2022 468 2055 (Ζ.
486 2035 569 2057 XIV.
596 2023 687 2056 Kal.
703 2023 813 2066 Dec„
847 2034 904 2057 am
931 2023 985 2056 15.
1002 2021 1226 2055 November.
1253 2040 1295 2045 —
1338 2021 1448 2054 Nosti
1467 2021 1694 2056 Marcellum

227 2071 273 2101 st.
300 2066 424 2110 Nosti,
451 2080 561 2112 quam
587 2069 714 2103 tardus
740 2069 788 2103 sit
813 2069 1028 2104 Marcellus.
1067 2069 1192 2101 Ueber
1217 2067 1348 2101 diesen
1375 2067 1629 2101 Hellenismus
1657 2080 1693 2104 u.

227 2113 437 2146 Attraction
470 2126 499 2148 s.
533 2115 686 2149 Ramsh.
718 2116 745 2158 §.
767 2116 848 2157 206,
882 2115 929 2158 A,
956 2116 990 2149 5.
1024 2114 1166 2149 Grotef.
1194 2114 1317 2153 §.44st
1344 2113 1513 2147 Servium
1538 2114 1638 2149 Vict.
1657 2115 1691 2149 2.

227 2158 354 2193 Lamb.
382 2159 518 2194 Graev.
552 2168 681 2195 eontra
705 2162 782 2195 Md.
813 2162 886 2196 ΟΒ.
936 2162 989 2195 Es
1019 2171 1145 2195 waren
1180 2159 1243 2193 die
1274 2159 1409 2193 beiden
1435 2160 1601 2194 Consuln
1627 2161 1694 2195 des
1761 2162 1763 2167 “

227 2205 334 2239 Iahrs
353 2207 430 2240 703.
450 2225 494 2230 -—
527 2212 589 2240 aut
614 2219 719 2251 qnam
746 2213 815 2243 cet.
849 2208 944 2242 oder
974 2207 1047 2241 wie
1079 2207 1199 2240 sollen
1232 2206 1287 2239 sie
1314 2216 1358 2239 zu
1385 2205 1503 2249 Dem,
1534 2217 1611 2240 was
1637 2207 1694 2241 sie
1759 2169 1764 2288 Ι

227 2251 332 2286 nicht
354 2253 513 2294 wolton,
541 2254 637 2287 Rath
663 2255 840 2288 schaffeu.
889 2254 954 2288 Sic
977 2253 1055 2287 Md.
1076 2252 1180 2289 Vict.
1198 2253 1231 2286 2.
1256 2252 1398 2285 Bened.
1426 2256 1489 2285 aut
1513 2252 1576 2296 qu?
1600 2253 1696 2288 Cett.

230 2298 306 2331 ΟΠ.
328 2317 372 2323 -—
412 2298 531 2332 Nouis
554 2301 852 2344 magistratibus,
889 2299 1106 2334 consulibus
1139 2299 1359 2343 praesertim
1395 2297 1483 2332 anni
1516 2298 1692 2343 proximi.

227 2344 395 2378 SCH.—
410 2346 614 2389 occupabit,
635 2347 708 2380 und
724 2347 879 2390 solglich
904 2346 1001 2380 wird
1025 2346 1062 2379 in
1089 2345 1157 2378 der
1173 2344 1694 2379 CiisarisehcnSuccessions-

228 2391 341 2424 sache
371 2390 439 2424 der
471 2391 688 2427 Gallischen
720 2394 933 2427 Proxinzen
968 2392 1061 2425 auch
1090 2392 1221 2425 Nichts
1251 2392 1477 2433 geschehen.
1516 2391 1608 2434 vgt.
1634 2402 1691 2435 ep.

228 2437 451 2481 CCXXIII,
469 2439 562 2472 4.—
595 2443 659 2472 aut
688 2443 827 2472 tantum
858 2439 949 2481 erit,
986 2438 1080 2471 oder
1113 2449 1222 2472 wenn
1250 2449 1290 2470 er
1316 2448 1385 2470 nur
1409 2448 1451 2471 so
1477 2448 1585 2480 gross
1611 2437 1693 2471 sein

227 2483 325 2516 wird
348 2502 393 2508 -
424 2494 507 2526 vos,
539 2490 578 2518 tu
604 2492 641 2519 et
663 2486 821 2519 Bibulus
847 2486 884 2519 in
910 2484 1034 2530 Syria.
1072 2483 1111 2518 S.
1139 2495 1198 2527 ep.
1219 2484 1389 2525 CCXXI,
1411 2485 1442 2517 1.
1481 2483 1607 2516 Ueber
1631 2483 1694 2516 die

229 2530 374 2564 Person
396 2531 539 2573 possint
563 2542 592 2565 s.
620 2531 769 2565 Ramsh.
798 2533 827 2576 §.
844 2532 902 2574 96,
928 2533 962 2565 3.
981 2549 1025 2555 —
1052 2530 1165 2564 Curio
1191 2530 1245 2564 als
1270 2530 1414 2564 'sribun
1440 2529 1498 2563 fiir
1523 2529 1588 2562 das
1606 2529 1694 2562 Iahr

227 2578 308 2610 701.
336 2587 374 2610 se
407 2577 517 2620 iaci„
559 2576 645 2611 dass
677 2589 719 2611 er
750 2578 829 2611 sich
860 2577 959 2611 breit
991 2577 1143 2610 macheu
1175 2575 1285 2611 wird.
1330 2576 1368 2610 S.
1398 2586 1456 2620 ep.
1478 2575 1692 2617 CCXXIII,

229 2624 283 2656 10.
316 2623 430 2665 CCX,
451 2626 485 2659 3.
519 2623 652 2665 CCXI,
670 2626 702 2658 l.
736 2624 870 2667 CCVI,
897 2624 930 2657 2.
949 2642 993 2648 -—
1025 2624 1187 2666 quodvis
1223 2622 1287 2656 Sic
1316 2622 1410 2656 Crat.
1437 2621 1538 2657 Vict.
1561 2621 1690 2654 Lamb.

227 2669 372 2712 quidni-s
398 2670 492 2704 Cett.
516 2681 599 2704 cum
626 2671 703 2704 Md.
720 2689 763 2695 —-
798 2671 970 2713 Paullus,
995 2671 1125 2703 consul
1152 2669 1383 2711 designatus.
1416 2667 1454 2702 S.
1480 2678 1539 2712 ep.
1557 2667 1692 2708 CCVI,

227 2716 261 2749 4.
296 2715 468 2758 hwncme,
504 2716 721 2760 gemassigt.
747 2736 789 2741 —
823 2718 866 2750 de
888 2716 1083 2762 provincia
1109 2715 1304 2758 Caesaris,
1337 2725 1447 2758 quam
1481 2713 1632 2747 omnino
1658 2713 1694 2746 ei
1751 2749 1752 2752 ,

1770 2323 1774 2331 .
1770 2270 1774 2287 ι
1771 2216 1775 2239 .-
1768 1324 1779 2196 -4ᾳἫὟὴΜΜ<Ἥ-.Π,
1773 1203 1777 1311 .,,,,ὴ,-
