1795 3043
567 61 881 113 EPISTOLA
917 63 1157 113 CCCLIV.
1494 69 1599 125 471

129 178 252 221 modo
272 179 421 232 statui,
460 178 532 220 sed
560 191 616 220 ne
645 178 826 232 cogitari
855 177 1039 230 quidem.
1100 179 1363 232 Quamquam
1392 179 1474 220 hae
1491 183 1597 223 mihi

127 237 280 277 literae
309 235 560 278 Dolabellae
596 236 744 277 iubent
782 235 836 277 ad
873 236 1076 288 pristinas
1106 237 1382 290 cogitationes
1421 239 1594 281 reverti.

127 294 230 336 Fuit
269 294 382 334 enim
415 293 556 347 pridie
584 294 869 346 Quinquatrus
899 294 1069 346 egregia
1098 295 1346 346 tempestas,
1393 306 1477 346 qua
1516 307 1592 347 ego

126 351 250 392 illum
289 364 408 392 usum
447 352 563 404 puto.
623 348 852 400 Συναγωγή
887 351 1165 392 consiliorum
1206 354 1374 392 tuorum
1411 364 1496 392 non
1527 354 1591 392 est
1619 359 1647 399 3

128 422 153 449 a
181 420 249 448 me
283 409 467 450 collecta
505 408 557 449 ad
594 410 838 460 querelam,
889 407 962 448 sed
1000 409 1134 461 magis
1173 409 1226 450 ad
1256 408 1590 450 consolationem

125 477 274 507 meam.
347 465 436 506 Nec
482 466 592 505 enim
638 478 704 506 me
748 468 835 506 tam
873 465 982 506 haec
1030 466 1143 506 mala
1180 466 1410 519 angebant,
1461 479 1589 518 quam

125 523 314 575 suspicio
345 524 499 575 culpae
528 535 577 562 ac
598 522 845 563 temeritatis
864 534 1005 564 meae:
1047 535 1140 563 eam
1168 524 1330 564 nullam
1360 524 1461 575 puto
1485 535 1589 577 esse,

125 581 323 631 quoniam
352 592 448 620 cum
476 580 665 621 consiliis
692 580 779 620 tuis
809 592 903 620 mea
934 582 976 621 et
994 580 1107 621 sacta
1138 585 1180 621 et
1209 581 1388 622 consilia
1416 593 1589 621 consen-

123 638 247 678 tiunt.
311 637 432 685 Quod
466 650 557 677 mea
591 637 911 688 praedicatione
948 638 1109 680 factum
1147 650 1236 678 esse
1275 638 1427 678 scribis
1455 639 1589 691 magis

122 706 248 745 quam
286 694 406 735 illius
446 693 620 745 merito,
664 697 710 735 ut
741 697 903 735 tantum
932 695 971 734 ei
1000 695 1156 736 debere.
1184 695 1378 745 viderer,
1418 697 1482 735 est
1512 696 1587 735 ita.

121 751 211 804 Ego
241 751 319 792 illa
347 750 480 791 extuli
509 762 697 804 semper,
738 754 780 792 et
809 764 860 792 eo
890 751 1058 804 quidem
1088 753 1244 805 magis,
1294 766 1348 793 ne
1377 752 1477 804 quid
1508 752 1587 792 ille

119 809 388 860 superiorum
415 809 654 848 meminisse
690 822 756 849 me
785 811 978 862 putaret:
1025 822 1134 861 quae
1169 811 1206 850 si
1235 811 1416 851 maxime
1446 809 1586 849 memi-

117 865 285 914 nissem,
313 866 454 906 tamen
469 866 584 905 illius
595 867 795 919 temporis
813 866 1132 907 similitudinem
1150 867 1234 908 iam
1243 867 1586 919 sequideberem.

116 921 236 964 Nihil
264 934 331 962 me
361 922 538 975 adiuvit,
569 936 696 974 quum
717 926 878 976 posset:
911 926 954 964 et
982 926 1129 976 postea
1154 925 1237 964 suit
1254 925 1429 976 amicus,
1459 924 1586 965 etiam

115 979 262 1021 valde:
294 992 470 1031 ecquam
498 980 552 1020 ob
584 993 768 1033 causam,
798 983 926 1034 plane
949 981 1108 1022 nescio.
1166 982 1281 1034 Ergo
1312 993 1388 1034 ego
1418 992 1585 1032 quoquo

115 1036 198 1080 illi.
245 1036 355 1084 Quin
387 1037 515 1077 etiam
543 1038 652 1078 illud
680 1051 759 1089 par
787 1038 833 1078 in
861 1040 1041 1088 utroque
1059 1041 1272 1089 nostrum,
1302 1037 1413 1088 quod
1437 1037 1489 1077 ab
1508 1037 1584 1076 eis-

115 1093 210 1134 dem
228 1094 367 1135 illecti
387 1107 542 1135 sumus.
586 1094 669 1135 Sed
685 1095 845 1136 utinam
863 1096 1028 1134 tantum
1049 1106 1126 1148 ego
1149 1094 1190 1135 ei
1209 1094 1408 1147 prodesse
1428 1094 1585 1146 potuis·

115 1235 154 1271 Q.
181 1236 306 1270 Fratr.
333 1236 373 1275 1,
398 1235 498 1278 §.44.
529 1235 577 1269 ad
600 1234 687 1271 Div.
713 1237 758 1271 13
807 1236 853 1272 64
899 1236 932 1270 2.
968 1235 1044 1271 ΟΕ.
1082 1255 1124 1262 -
1174 1234 1240 1269 hae
1264 1234 1357 1269 mihi
1379 1234 1435 1270 lie.
1482 1234 1583 1269 Illud

113 1281 206 1315 mihi
229 1292 302 1315 non
328 1261 804 1333 adUz'uberztnreferendun'i,
831 1260 910 1317 se'd.
933 1282 1109 1333 enclitice
1127 1282 1401 1326 accipiendum.
1448 1281 1583 1317 Quam-

114 1339 223 1371 quam
249 1337 415 1372 suspicio
441 1333 498 1362 est
527 1327 565 1360 1d
590 1338 612 1360 a
636 1328 914 1371 germanizante
940 1328 1098 1362 librario
1132 1328 1298 1362 additum
1331 1338 1425 1361 esse.
1463 1326 1581 1361 ERN.
1637 1358 1641 1362 i

112 1385 169 1407 me
204 1374 360 1408 Corrad.
393 1383 497 1418 susp.
550 1374 774 1418 Quamquam
808 1385 853 1408 =
884 1373 1026 1409 indess.
1063 1393 1108 1400 —-
1158 1375 1415 1419 Quinquatrus.
1463 1372 1503 1408 S.
1536 1383 1582 1408 zu

115 1431 174 1466 ep.
202 1418 395 1463 occul,
431 1420 466 1454 2.

203 1479 237 1513 3.
269 1474 523 1523 Συναγωγή
538 1487 584 1510 =
600 1476 836 1512 coacervatio
863 1489 961 1513 cons.
980 1482 1095 1521 tuor„
1122 1476 1183 1512 die
1197 1477 1583 1521 Zusammenstellung

114 1523 260 1558 Deiner
289 1523 561 1566 Rathschl'age3
600 1524 761 1558 namlich
793 1524 855 1559 die
889 1536 930 1558 er
966 1524 1012 1558 im
1044 1525 1124 1559 351.
1150 1523 1279 1557 Briefe
1311 1523 1396 1557 dem
1428 1523 1581 1557 Attikus

113 1570 311 1614 vorgelegt
337 1570 410 1603 hat.
458 1569 600 1602 Dieser
623 1570 724 1604 hatte
750 1570 826 1604 ihm
852 1571 1015 1604 dariiber
1039 1569 1203 1604 nachher
1227 1569 1357 1603 Etwas
1387 1569 1581 1613 geschrie-

114 1617 204 1659 ben;
233 1615 421 1649 wesshalb
445 1626 487 1648 er
510 1614 592 1649 sich
615 1616 701 1650 hier
727 1617 976 1661 rechtfertigt.
1004 1635 1044 1641 -
1087 1615 1175 1650 Ilaec
1190 1616 1307 1659 mala,
1333 1615 1395 1650 die
1415 1615 1580 1659 ietzigeu

113 1661 404 1707 ungliicklichen
428 1660 660 1704 Ereignisse.
695 1681 740 1687 --
786 1673 882 1707 susp.
908 1675 938 1697 c.
966 1673 1011 1697 ac
1035 1666 1116 1696 tem.
1142 1674 1213 1705 m.,
1250 1662 1312 1696 die
1335 1662 1580 1705 BesorgnisS,

113 1709 174 1743 ich
208 1708 354 1743 mochte
378 1707 475 1741 mich
500 1707 771 1752 pllichtwidrig
794 1710 869 1743 und
894 1710 1136 1743 unbesonnen
1161 1709 1343 1752 betragen
1368 1708 1500 1743 haben.
1535 1726 1581 1732 -—

111 1755 273 1797 nullam,
305 1753 461 1797 nichtig.
503 1753 542 1788 S.
568 1754 719 1788 Ramsh.
745 1756 772 1798 §.
791 1756 884 1796 203,
910 1756 966 1798 ΙΙ,
994 1767 1024 1788 0.
1051 1774 1096 1779 -
1140 1764 1220 1788 mea
1240 1755 1428 1798 praedic„
1462 1754 1582 1788 durch

113 1801 178 1836 das
203 1810 336 1845 grosse
361 1799 583 1844 Aufheben,
621 1811 697 1834 was
721 1800 784 1835 ich
807 1802 928 1836 davon
953 1801 1111 1836 machte.
1142 1819 1186 1825 -
1233 1801 1359 1844 illius,
1391 1799 1582 1845 Pompeii,

113 1850 257 1881 merito.
283 1865 329 1872 -
369 1856 439 1888 ego
464 1846 558 1887 illa,
595 1857 690 1889 quae
715 1846 754 1880 in
778 1859 838 1882 me
862 1848 1022 1882 contulit
1046 1846 1250 1890 beneficia,
1276 1858 1388 1892 quum
1404 1852 1582 1890 ageretur

114 1894 162 1928 de
194 1904 251 1927 me
281 1893 327 1926 ab
365 1891 504 1926 exsilio
536 1893 758 1928 revocando.
794 1895 903 1930 SCH.
937 1913 984 1920 -
1028 1893 1260 1938 superiorum
1291 1894 1376 1937 (der
1400 1893 1581 1927 sriiheren

115 1940 181 1974 od.
216 1940 315 1974 alten
347 1938 635 1981 Geschichteu),
676 1950 808 1985 quum,
848 1945 1044 1985 antequam
1068 1940 1107 1974 in
1132 1939 1311 1974 exsilium
1336 1939 1449 1982 irem,
1488 1938 1580 1973 mihi

115 1986 267 2025 invidit,
309 1995 367 2019 me
402 1983 580 2018 deseruit.
615 1985 723 2020 SCH.
760 2005 804 2012 --
857 1998 948 2032 quae
978 1989 1013 2021 si
1043 2013 1051 2022 .
1074 2013 1082 2021 .
1104 2011 1115 2023 .
1144 1986 1249 2030 sequi
1276 1986 1461 2028 deberem,
1506 1984 1581 2029 und

116 2043 225 2067 wenn
249 2031 310 2066 ich
342 2030 441 2065 mich
477 2030 580 2064 ihrer
611 2032 705 2065 auch
729 2033 826 2067 noch
850 2045 891 2068 so
915 2032 1095 2076 lebendig
1120 2032 1328 2075 erinnerte‚
1373 2043 1416 2066 so
1441 2032 1588 2065 miisste'

115 2079 176 2114 ich
206 2078 303 2112 doch
334 2078 396 2112 die
426 2077 694 2112 Aehnlichkeit
725 2079 914 2114 zwischen
944 2079 1087 2114 meiner
1121 2078 1334 2122 damaligen
1368 2078 1472 2122 Lage
1504 2076 1580 2111 und

115 2125 242 2161 seiner
266 2124 432 2168 ietzigen
463 2123 538 2157 und
569 2123 649 2158 sein
674 2124 864 2169 Betragen
895 2127 933 2161 in
958 2126 1063 2160 iener
1086 2136 1207 2169 gegen
1233 2125 1332 2158 mich
1357 2135 1425 2159 zur
1450 2123 1582 2158 Richt-

115 2172 253 2206 schnur
282 2170 422 2205 meines
445 2170 655 2214 Betragens
688 2171 725 2204 in
755 2171 881 2207 dieser
914 2184 1037 2218 gegen
1062 2171 1126 2205 ihn
1150 2171 1354 2208 erwiihlen.
1403 2171 1492 2214 Vgl.
1519 2181 1579 2214 ep.

117 2218 264 2261 CCCL,
298 2219 330 2251 1.
380 2216 486 2250 illius
509 2220 614 2260 temp.
641 2218 775 2261 simil.,
814 2230 929 2262 quum
961 2230 1019 2252 me
1043 2224 1129 2251 ante
1156 2217 1347 2252 desertum
1371 2216 1516 2262 adiuvit
1540 2216 1581 2250 in

118 2264 241 2298 reditu
273 2263 313 2298 in
344 2262 500 2308 patriam
533 2263 778 2299 conficiendo.
808 2265 925 2301 ERN.
957 2284 1002 2290 —-
1055 2275 1192 2308 quoque
1221 2264 1284 2299 illi
1314 2263 1455 2298 amicus
1486 2273 1578 2296 sum.

117 2310 299 2345 Versteht
323 2310 422 2344 sich:
459 2310 568 2343 auch
599 2310 717 2345 ohne
749 2313 867 2346 recht
897 2321 956 2345 zu
990 2310 1189 2354 wissen,
1222 2310 1421 2345 warum?
1467 2309 1580 2342 Denn

119 2356 253 2392 Cicero
277 2355 360 2400 gibt
382 2355 465 2389 dem
490 2355 643 2391 Attikus
667 2366 733 2400 zu,
768 2357 852 2392 dass
877 2369 918 2392 er
942 2357 1004 2391 die
1028 2357 1261 2394 Verdienste
1286 2357 1351 2390 des
1376 2354 1581 2399 Pompeius

118 2413 179 2437 um
206 2401 269 2436 ihn
293 2402 354 2436 ein
377 2401 505 2445 wenig
536 2412 581 2436 zu
614 2403 703 2437 sehr
734 2405 899 2439 erhoben
926 2405 1033 2438 habe.
1082 2403 1256 2438 Anderer
1280 2402 1380 2437 Seits
1405 2400 1489 2435 sind
1515 2400 1582 2434 das

118 2449 182 2483 die
208 2448 773 2493 uninteressirtestenFreunde,
798 2451 860 2486 die
884 2450 988 2484 nicht
1003 2450 1152 2493 wissen,
1176 2460 1319 2484 warum
1338 2447 1392 2481 sie
1406 2446 1582 2482 Freunde

119 2505 192 2529 von
217 2494 397 2529 einander
421 2494 516 2528 sind.
554 2494 591 2529 S.
618 2496 695 2531 Cic.
724 2496 770 2530 dc
795 2498 913 2533 Amic.
941 2516 983 2522 —
1026 2497 1119 2530 illud
1139 2508 1229 2541 par,
1255 2495 1320 2528 das
1345 2493 1517 2528 Gleiche.
1537 2511 1582 2517 -

121 2542 257 2584 illecti,
298 2541 366 2575 in’s
391 2540 493 2574 Garn
526 2542 682 2585 gelockt
714 2543 819 2587 sind;
861 2542 1027 2586 inducti,
1063 2542 1211 2586 decepti
1238 2551 1371 2585 nempe
1396 2551 1417 2573 a
1441 2539 1584 2574 Catone

121 2594 162 2622 et
183 2587 373 2630 Domitio,
398 2592 438 2620 ut
460 2587 628 2621 Corrado
654 2588 815 2625 videtur.
851 2590 948 2625 Mihi
974 2596 1093 2624 tamen
1120 2590 1189 2623 hoc
1208 2587 1326 2631 magis
1351 2586 1397 2621 ad
1412 2584 1585 2636 Clodium

122 2633 315 2679 pertinere
339 2633 508 2674 videtur,
542 2634 691 2676 quicum
716 2635 826 2672 initio
851 2643 924 2671 tam
950 2636 1126 2671 Ciceroni
1152 2645 1259 2677 quam
1285 2631 1470 2677 Pompeio
1494 2641 1587 2666 ami-

110 2680 212 2717 stitia
238 2678 474 2722 intercessit3
515 2680 663 2723 utrique
688 2680 826 2717 deinde
849 2683 1144 2718 inimicissimum
1169 2686 1206 2714 et
1232 2679 1391 2714 maxime
1417 2688 1586 2713 exosum.

124 2726 231 2762 SCH.
280 2725 456 2762 Wieland
483 2725 632 2760 bezielat
659 2737 698 2762 es
725 2729 859 2764 iedoch
884 2730 1095 2774 gleichlalls
1128 2729 1191 2761 aut
1213 2726 1273 2760 die
1302 2725 1513 2770 Optimaten
1541 2723 1589 2757 im
