1795 3043
524 61 838 111 EPISTOLA
874 60 1161 111 CCXLVIL
1470 68 1570 119 173

111 177 220 219 viter
248 175 349 218 tulit
378 175 715 227 existimavitque
743 175 917 216 fratrem
947 188 1083 225 suum,
1112 175 1324 218 hominem
1352 187 1436 217 non
1459 175 1570 229 sapi-

109 235 454 287 entem,impulsu
474 233 742 273 inimicorum
759 244 928 272 suorum
946 245 994 272 eo
1013 246 1278 286 progressum
1298 246 1400 275 esse.
1429 232 1569 285 Nunc,

109 292 145 332 si
174 304 240 332 me
269 305 398 343 amas,
427 291 484 330 mi
500 291 644 337 Paete,
669 290 882 342 negotium
909 290 1042 329 totum
1060 291 1246 343 suscipe:
1277 291 1469 331 molestia
1488 290 1569 330 Fa-

107 349 227 388 bium
266 348 415 389 libera.
470 346 735 387 Auctoritate
771 348 844 386 tua
872 345 996 385 nobis
1024 359 1128 399 opus
1157 349 1219 387 est
1248 349 1290 387 et
1319 347 1496 388 consilio
1525 347 1569 385 et

108 406 235 446 etiam
265 406 409 459 gratia.
467 404 565 445 Noli
593 404 682 455 pati
710 404 878 455 litigare
906 404 1059 443 fratres
1091 405 1132 443 et
1161 404 1342 452 ‚iudiciis
1371 402 1568 456 turpibus

108 463 360 503 conflictari.
418 461 631 502 Matonem
674 462 715 500 et
744 460 982 500 Pollionem
1011 459 1206 500 inimicos
1236 461 1365 501 habet
1394 460 1568 501 Fabius.

107 520 218 567 Quid
235 517 397 560 multa?
434 530 518 558 non
548 518 790 557 mehercule
821 519 905 557 tam
933 517 1200 569 perscribere
1228 530 1411 569 possum,
1441 528 1569 568 quam

105 577 211 616 mihi
239 578 399 630 gratum
427 574 600 626 feceris,
630 574 665 614 si
695 573 872 614 otiosum
901 572 1081 614 Fabium
1110 573 1357 617 reddideris.
1414 574 1463 615 Id
1490 573 1568 615 illo

104 634 148 674 in
179 636 222 674 te
250 634 432 687 positum
461 644 549 672 esse
576 632 697 684 putat
723 631 913 682 mihique
942 631 1184 683 persuadet.

235 780 546 829 EPISTOLA
583 780 853 827 CCXLVII.
900 779 982 839 (ad
1015 781 1119 826 Div.
1156 779 1289 827 XIII.
1324 783 1429 842 59.)

249 868 330 905 Ser.
354 867 574 903 Laodiceae
591 877 719 902 mense
742 868 854 902 Febr.
879 867 925 902 A.
954 866 996 901 U.
1025 869 1064 903 C.
1091 869 1168 904 704.
1197 871 1244 912 (a.
1271 868 1312 904 C.
1338 868 1412 911 50.)

578 937 637 972 Μ.
663 937 818 971 Fabium
842 936 1077 972 commendat.

192 1007 245 1042 M.
272 1006 457 1041 CICERO
483 1005 524 1040 C.
549 1005 741 1040 CURTIO
766 1006 1114 1041 PEDUCAEANO
1140 1005 1407 1041 PRAETORI
1431 1003 1470 1041 S.

214 1077 273 1119 M.
293 1077 474 1117 Fabium
510 1076 636 1116 unice
673 1077 804 1129 diligo
843 1089 1085 1128 summaque
1114 1077 1219 1117 mihi
1256 1088 1352 1117 cum
1383 1088 1432 1115 eo
1463 1086 1562 1115 con-

102 1135 277 1176 suetudo
307 1134 349 1173 et
378 1133 642 1173 familiaritas
671 1135 735 1174 est
764 1135 976 1185 pervetus.
1046 1134 1096 1174 In
1136 1134 1224 1173 eius
1262 1132 1564 1173 controversiis

103 1193 204 1243 quid
233 1192 457 1238 decernas,
498 1204 523 1230 a
551 1192 593 1230 te
622 1203 706 1230 non
733 1192 830 1243 peto
861 1212 915 1219 —
946 1191 1156 1238 servabis,
1200 1191 1248 1230 ut
1284 1192 1358 1230 tua
1386 1189 1489 1229 fides
1517 1190 1562 1229 et

101 1249 282 1302 dignitas
302 1249 501 1299 postulat,
528 1247 713 1287 edictum
735 1249 777 1286 et
796 1247 1031 1287 institutum
1053 1249 1172 1287 tuum
1189 1268 1247 1275 —
1266 1247 1337 1287 sed
1366 1248 1414 1286 ut
1434 1258 1560 1298 quam

102 1306 325 1346 facillimos
356 1304 407 1343 ad
436 1306 478 1343 te
508 1304 644 1343 aditus
673 1304 843 1344 habeat:
874 1317 981 1355 quae
1006 1306 1129 1343 erunt
1151 1317 1296 1355 aequa,
1323 1303 1496 1343 lubente
1516 1305 1561 1343 te

102 1364 318 1415 impetrett
352 1362 400 1400 ut
428 1373 561 1400 meam
590 1361 817 1415 amicitiam
847 1360 951 1408 sibi,
993 1362 1120 1400 etiam
1150 1373 1276 1411 quum
1306 1361 1457 1412 procul
1486 1359 1560 1400 ab-

102 1420 201 1466 sim,
242 1417 442 1471 prodesse
477 1417 653 1464 sentiat,
693 1418 941 1469 praesertim
978 1417 1091 1470 apud
1128 1419 1182 1459 te.
1240 1417 1334 1458 Hoc
1365 1418 1406 1456 te
1435 1417 1560 1458 vehe-

104 1478 265 1517 menter
294 1475 420 1514 etiam
449 1476 576 1524 atque
606 1473 731 1513 etiam
759 1486 873 1526 rogo.

103 1600 192 1633 Liin.
220 1598 265 1630 de
290 1597 379 1632 Ern.
406 1607 505 1641 susp.
531 1599 591 1629 est.
630 1595 721 1629 Nam
747 1602 832 1630 sunt
856 1597 971 1630 verba
996 1596 1203 1631 Ciceronis.
1228 1617 1270 1623 —
1303 1608 1343 1630 eo
1363 1607 1556 1641 progress.

102 1656 194 1687 esse,
221 1644 299 1676 sich
324 1654 365 1677 so
389 1642 477 1694 weit
502 1653 965 1694 vergaugen,-vei·gessen
990 1643 1096 1678 habe.
1112 1662 1155 1669 —-
1189 1647 1223 1676 et
1247 1644 1367 1677 etiam.
1404 1645 1462 1678 Ad
1487 1645 1562 1677 hoc

100 1696 322 1771 fflfssss¹¹22
343 1689 878 1769 Ξῖ.’.ῗ.ἱῖαὲιῖι,ῗ.ἱῖῐ.·ἶ1ῧῗῖἕῗῗί.
892 1690 1064 1779 Ψίἷξῗρ.
1075 1690 1183 1778 ,⁰21⁷ss
1199 1689 1311 1769 35²3.
1327 1692 1451 1770 {2512}
1455 1690 1561 1769 5121?ss

101 1783 264 1816 macheu.
282 1800 325 1805 —
355 1782 544 1815 ,Μαίοηεηι
567 1792 614 1813 =
637 1781 850 1814 Mathonem
874 1782 969 1815 Crat.
996 1783 1060 1814 cfr.
1081 1782 1249 1815 Oratorz's
1274 1783 1303 1825 §.
1322 1784 1399 1817 160.
1429 1783 1559 1816 Orelli.

100 1828 330 1872 Pomponiae
355 1828 476 1870 gentis
502 1837 718 1869 cognomen.
778 1827 852 1861 Sed
880 1828 989 1861 etiam
1017 1827 1053 1860 in
1080 1827 1233 1861 Naeviis
1259 1835 1343 1862 sunt
1368 1829 1560 1870 Matones;

101 1882 140 1909 ut
165 1885 223 1918 ap.
250 1874 332 1908 Liv.
351 1874 538 1915 XXXIX,
554 1874 609 1907 33.
627 1874 684 1907 38.
700 1892 745 1898 —
775 1873 943 1906 Asinium
961 1873 1178 1917 Pollionem,
1206 1874 1362 1908 Antonii
1388 1875 1559 1918 amicum,

100 1923 146 1954 de
172 1931 245 1963 quo
271 1921 318 1953 ad
335 1921 466 1954 Famil.
484 1921 515 1962 Ι,
530 1921 561 1953 6.
588 1919 658 1962 XI,
675 1920 707 1953 9.
734 1919 784 1961 Χ,
799 1920 924 1954 31.32.
937 1922 993 1955 33.
1018 1920 1112 1954 Eius
1139 1919 1322 1964 epistolae
1347 1927 1431 1955 sunt
1449 1920 1559 1954 Libr.

101 1969 149 2001 Χ.
167 1967 362 2001 31.32.33.
397 1966 485 2002 Vid.
511 1966 650 1999 Manut.
684 1965 729 1998 ad
755 1966 804 2007 X,
822 1967 876 2002 31.
916 1966 1132 2010 Interprett.
1157 1967 1287 2001 Horat.
1314 1967 1430 2001 Carm.
1448 1969 1504 2009 11,
1522 1969 1557 2001 1.

102 2014 204 2057 Lips.
232 2013 277 2046 ad
294 2012 412 2046 Tacit.
438 2012 571 2046 Annal.
597 2012 674 2051 ΙΙΙ,
700 2013 754 2046 75.
792 2012 889 2057 Ryk.
923 2012 969 2045 ad
1000 2012 1119 2045 Tacit.
1158 2023 1195 2056 p.
1217 2013 1294 2046 122.
1320 2031 1365 2037 —
1402 2014 1561 2046 otiosum

99 2060 263 2102 reddid„
300 2059 470 2093 molestia
493 2058 687 2100 liberaris,
722 2068 830 2091 wenn
854 2058 917 2091 Du
950 2058 1023 2092 ihm
1047 2058 1156 2092 Ruhe
1186 2059 1417 2093 verschaffst.
1435 2078 1477 2085 -
1516 2059 1560 2092 in

101 2110 132 2138 te
153 2116 230 2149 pos,
257 2116 349 2148 esse,
385 2105 468 2139 dass
494 2104 593 2138 diess
618 2104 656 2137 in
680 2104 824 2137 Deiner
848 2105 973 2139 Macht
997 2105 1115 2139 stehe.
1131 2123 1176 2131 -
1210 2104 1337 2149 milziq.
1357 2116 1456 2150 per-5⁸.
1483 2104 1559 2140 und

100 2152 220 2186 macht
245 2163 284 2185 es
309 2151 378 2185 mir
402 2152 518 2186 selbst
542 2150 746 2194 glaublich.

193 2207 382 2241 CURTIO
410 2208 522 2242 PED.
570 2206 644 2240 Ein
669 2208 880 2250 geborener
904 2207 1143 2250 Peducaeus,
1168 2207 1258 2242 aber
1281 2207 1319 2242 in
1344 2207 1407 2243 die
1432 2207 1559 2244 Curti·

101 2254 188 2289 sche
213 2254 368 2287 Fainilie
392 2254 569 2299 adoptirt.
618 2253 672 2286 Er
695 2264 772 2287 war
797 2254 863 2287 704
883 2254 1018 2287 Prator
1043 2254 1080 2287 in
1106 2254 1212 2287 Rom.

192 2301 225 2332 1.
263 2300 321 2333 Μ.
348 2300 437 2335 Fab.
486 2299 523 2334 S.
549 2299 610 2333 die
637 2299 771 2332 beiden
796 2299 917 2344 vorig.
944 2300 1073 2333 Briese
1095 2311 1130 2333 u.
1156 2300 1245 2343 XV,
1267 2300 1327 2343 14,
1354 2300 1557 2343 (CCXLI.)

100 2356 159 2379 wo
186 2356 227 2378 er
251 2345 332 2378 dem
350 2346 499 2379 Cassius
524 2346 735 2390 empfohlen
761 2346 869 2379 wird.
888 2365 930 2370 —
957 2350 1137 2386 controv.‚
1164 2346 1466 2381 Rechtshandeln
1489 2346 1558 2379 mit

99 2391 239 2425 scinem
270 2391 417 2425 Bruder
448 2392 616 2427 Quintus.
640 2411 680 2416 —
719 2392 823 2436 quid,
860 2392 989 2426 Lamb.
1022 2396 1060 2424 ut
1093 2392 1179 2436 aliq.
1211 2393 1287 2426 dec.
1321 2393 1429 2436 prob.
1466 2391 1554 2426 Sch.

101 2437 295 2472 Sententia
321 2444 395 2471 est:
424 2444 490 2479 „ut
513 2438 711 2472 secundum
737 2449 816 2471 eum
843 2438 1043 2482 decernas,
1070 2449 1142 2471 non
1168 2445 1268 2483 peto.
1299 2438 1496 2472 ORELLI.
1513 2455 1558 2464 —

100 2485 255 2517 edictum
280 2484 483 2527 praetoris,
508 2485 629 2518 worin
655 2495 696 2517 er
721 2484 883 2518 bekannt
907 2484 1047 2528 macht‚
1075 2485 1149 2519 wie
1174 2495 1216 2518 er
1241 2484 1306 2518 das
1331 2484 1389 2517 ius
1413 2494 1558 2517 verwe-

101 2541 165 2564 sen
191 2529 281 2563 will.
298 2548 340 2553 —
381 2530 601 2573 institutum,
628 2530 797 2563 ordinem
824 2536 861 2563 et
886 2541 1023 2564 morem
1049 2530 1086 2564 in
1112 2530 1193 2564 iure
1218 2530 1388 2564 dicendo.
1404 2548 1449 2554 —
1473 2529 1557 2563 adi-

102 2580 171 2618 tus,
199 2576 347 2609 Zutritt.
364 2594 407 2600 —
440 2575 579 2608 lubente
604 2579 648 2618 te,
675 2576 740 2610 mit
758 2576 920 2610 Deinem
946 2583 1059 2620 guten
1082 2576 1238 2611 Willen.
1273 2576 1427 2619 iubente,
1453 2576 1556 2610 Crat.

99 2622 227 2656 Lamb.
246 2641 290 2646 —
327 2622 444 2654 absim
469 2621 504 2654 in
531 2621 673 2656 Cilicia.
691 2641 735 2646 —
777 2623 856 2656 Hoc
880 2626 925 2656 te.
954 2623 1058 2656 omis.
1087 2628 1120 2655 te
1144 2623 1262 2667 Neap.
1287 2622 1420 2658 Asc-l.
1459 2621 1559 2658 Hinc

101 2668 247 2704 Lamb.:
280 2669 360 2702 Hoc
383 2679 416 2701 υ.
443 2678 474 2702 e.
501 2678 534 2702 a.
560 2678 589 2701 e.
616 2672 648 2702 te
671 2678 778 2711 rogo,
817 2668 919 2702 Vale.
961 2669 1158 2703 ORELLI.
