1795 3043
229 100 330 148 368
489 96 553 142 M.
590 96 645 140 Τ.
686 94 1025 142 CICERONIS
1060 94 1430 144 EPISTOLAE.

229 220 306 260 ego
334 220 409 260 spe
441 206 641 248 audiendi
679 207 841 259 aliquid
879 209 922 249 et
958 209 1238 261 cognoscendi
1277 209 1411 250 nostri
1448 212 1690 262 apparatus,

228 265 408 305 maximo
437 264 561 305 imbri
594 265 779 317 Capuam
806 267 903 307 veni
932 266 1070 318 pridie
1099 265 1268 315 Nonas,
1310 269 1358 306 ut
1394 279 1510 308 eram
1537 266 1691 308 iussus.

230 323 303 362 Illi
342 322 482 362 autem
520 322 705 362 nondum
747 325 974 374 venerant,
1020 322 1091 362 sed
1132 325 1254 364 erant
1291 324 1484 373 venturi,
1531 323 1693 377 inanes,

229 379 443 430 imparati.
513 379 675 420 Gnaeus
712 384 852 420 autem
888 380 1095 420 Luceriae
1125 379 1346 421 dicebatur
1385 392 1475 421 esse
1504 383 1547 422 et
1577 381 1693 422 adire

229 436 425 476 cohortes
452 436 664 490 legionum
703 437 994 488 Attianarum,
1028 449 1113 477 non
1154 436 1498 479 firmissimarum.
1554 436 1612 478 At
1640 438 1692 478 il-

227 494 318 532 lum
347 505 472 534 ruere
501 494 697 534 nuntiant
727 496 769 534 ct
798 495 882 534 iam
911 494 1079 546 iamque
1108 493 1272 546 adesse,
1312 507 1396 535 non
1435 496 1483 535 ut
1524 507 1696 536 manum

229 552 452 599 conserat,
488 573 545 579 —
582 552 753 603 quicum
789 550 925 592 enim?
955 574 1012 580 —
1053 551 1125 591 sed
1159 553 1207 591 ut
1242 553 1384 605 fugam
1419 551 1695 594 intercludat.

232 607 322 659 Ego
351 609 491 648 autem
520 609 566 648 in
596 608 722 648 Italia
751 608 821 646 καὶ
855 611 1171 648 συναποθανεῖν.
1238 609 1327 650 Nec
1359 610 1402 648 te
1429 608 1472 649 id
1503 609 1692 649 consulo.

230 664 307 704 Sin
337 666 478 718 extra,
514 665 616 716 quid
649 665 758 716 ago?
814 663 881 704 Ad
910 666 1163 706 manendum
1191 667 1343 714 hiems,
1378 665 1579 714 lictores,
1619 666 1696 705 im-

228 721 397 773 providi
425 724 469 762 et
507 721 766 774 negligentes
797 721 947 771 duces,
995 722 1048 762 ad
1087 723 1231 775 fugam
1270 724 1469 764 hortatur
1506 722 1697 764 amicitia

230 778 376 826 Gnaei,
409 792 537 820 causa
565 778 786 827 bonorum,
815 778 1035 830 turpitudo
1052 780 1337 833 coniungendi
1366 792 1461 820 cum
1491 781 1696 834 tyrannot

228 835 303 886 qui
342 836 533 887 quidem,
575 837 787 876 incertum
829 838 916 884 est,
958 836 1230 876 Phalarimne
1260 850 1312 877 an
1343 837 1612 877 Pisistratum
1641 836 1697 877 sit

228 892 480 934 imitaturus.
538 893 656 934 Haec
685 893 814 934 velim
844 893 1032 945 explices
1062 895 1103 933 et
1131 906 1198 933 me
1227 893 1350 934 iuves
1377 894 1581 942 consilio,
1614 894 1698 935 etsi

231 951 273 989 tc
302 950 439 1003 ipsum
466 950 565 991 istic
595 951 679 990 iam
710 951 851 990 calere
880 952 997 1002 puto.
1069 950 1152 991 Sed
1182 952 1321 990 tamen
1351 951 1553 1001 quantum
1580 951 1698 1002 pote-

230 1006 301 1047 ris.
359 1008 449 1061 Ego
480 1007 517 1047 si
548 1007 651 1058 quid
682 1006 753 1047 hic
784 1007 909 1047 hodie
932 1007 1032 1048 novi
1058 1019 1258 1060 cognoro,
1286 1008 1409 1048 scies.
1467 1009 1557 1048 Iam
1586 1007 1700 1049 enim

231 1064 411 1104 aderunt
442 1066 637 1105 consules
668 1064 720 1105 ad
749 1078 844 1104 suas
873 1064 1029 1105 Nonas.
1090 1066 1202 1106 Tuas
1233 1064 1421 1117 quotidie
1450 1064 1598 1107 literas
1629 1077 1698 1105 ex·

227 1121 446 1173 spectabo.
504 1122 569 1162 Ad
598 1122 672 1161 has
703 1123 866 1168 autem,
898 1134 1028 1173 quum
1058 1122 1231 1175 poteris,
1267 1121 1490 1162 rescribes.
1545 1121 1699 1163 Mulie-

231 1191 299 1219 res
321 1180 363 1219 et
386 1179 609 1219 Cicerones
638 1178 682 1218 in
712 1179 940 1219 Formiano
971 1178 1140 1230 reliqui.

232 1278 359 1312 curari
390 1279 436 1312 ab
466 1277 524 1311 his
559 1279 788 1313 consulibus.
813 1278 1048 1313 ERNESTI.
1084 1289 1160 1320 „es
1185 1279 1282 1321 gebe
1307 1277 1440 1320 irgend
1455 1278 1582 1313 Etwas
1601 1278 1700 1312 klei-

233 1335 344 1358 neres
369 1325 424 1358 als
449 1324 554 1359 diese
579 1325 784 1359 Consuln.''
828 1325 979 1358 WIEL.
1017 1324 1150 1367 Vergl.
1180 1334 1238 1368 ep.
1265 1324 1511 1366 CCCXVIII,
1537 1326 1574 1358 l:
1600 1324 1699 1358 nihil

232 1370 271 1404 in
298 1370 535 1411 consulibus,
562 1371 644 1405 dass
669 1382 714 1404 an
741 1371 810 1404 den
837 1371 1003 1405 Consuln
1023 1369 1155 1404 Nichts
1177 1369 1243 1403 sei.
1270 1389 1314 1395 —
1345 1369 1521 1404 audiendi
1543 1370 1698 1414 aliquid.

234 1416 300 1452 Sic
324 1417 402 1452 Md.
430 1418 553 1451 oxon.
578 1418 612 1452 2.
640 1417 747 1461 (Cdd.
773 1416 901 1459 Bosii,
928 1422 967 1450 ut
990 1416 1153 1458 videtur)
1179 1416 1277 1450 lens.
1303 1417 1392 1450 Asc.
1418 1418 1451 1451 1.
1478 1417 1576 1451 Crat.
1596 1416 1699 1453 Vict.

232 1465 268 1497 1.
293 1464 326 1497 2.
359 1464 449 1497 Bos.
477 1474 548 1498 om.
582 1464 725 1508 aliquid
758 1463 845 1498 Cld.
872 1463 1030 1508 Malasp.
1058 1463 1183 1497 Oxon.
1208 1464 1240 1496 1.
1268 1462 1378 1497 Rom.
1403 1462 1533 1497 Lamb.
1560 1463 1697 1498 Graev.

232 1511 324 1545 Ern.
353 1509 439 1544 Sch.
466 1509 560 1544 Liin.
587 1510 676 1544 Scil.
706 1509 769 1553 qui
797 1510 1037 1552 deleverunt,
1062 1520 1136 1542 non
1162 1509 1444 1552 concoquebant
1469 1515 1580 1543 totam
1605 1509 1702 1543 hanc

235 1556 551 1590 constructionem
568 1555 590 1589 i.
608 1567 654 1599 e.,
680 1556 865 1590 relatione
881 1555 1034 1596 omissa,
1068 1565 1172 1598 „spe
1198 1554 1375 1589 audiendi
1402 1566 1451 1588 ex
1476 1555 1522 1589 iis
1555 1554 1701 1599 aliquid

234 1609 274 1636 et
299 1603 415 1637 cett.'’
450 1603 624 1637 Nostram
649 1602 849 1636 lectionem
875 1602 996 1635 firmat
1021 1602 1086 1635 Cd.
1104 1602 1283 1635 Tornaes.
1313 1601 1509 1635 ORELLI.
1529 1620 1571 1626 --
1594 1602 1696 1645 prid.

234 1648 381 1691 Nonas,
406 1659 463 1682 am
487 1650 519 1683 4.
545 1649 722 1682 Februar.
750 1667 794 1672 -—
821 1648 985 1689 Gnaeus,
1011 1647 1225 1691 Pompeius.
1273 1647 1453 1690 Luceria,
1478 1648 1563 1681 eine
1587 1648 1696 1682 Rom.

234 1695 401 1729 Kolonie
426 1695 464 1729 in
489 1695 674 1740 Apulien.
701 1694 824 1727 hinter
848 1694 1024 1727 Teanum.
1064 1692 1100 1727 S.
1124 1704 1183 1737 ep.
1210 1693 1359 1736 CCCV‚
1385 1693 1416 1727 2.
1442 1712 1487 1719 —-
1522 1695 1699 1728 Attiana-

234 1753 330 1776 rum.
368 1741 408 1776 S.
441 1752 498 1786 ep.
526 1741 688 1781 CCCIX,
710 1743 743 1776 3.
769 1759 814 1765 —
846 1750 918 1773 mm
941 1739 1107 1782 fii-miss,
1141 1739 1202 1773 die
1235 1740 1336 1773 nicht
1362 1739 1424 1772 die
1449 1740 1700 1784 zuverlassig-

233 1794 315 1821 sten
341 1787 420 1821 sein
446 1788 582 1822 sollen.
616 1787 654 1822 S.
683 1799 742 1832 ep.
770 1785 1060 1822 CCCXXXVI.
1088 1786 1129 1819 A.
1156 1785 1177 1818 2
1201 1796 1231 1818 u.
1260 1787 1294 1820 3.
1319 1803 1362 1810 —
1389 1786 1441 1819 Ae
1458 1786 1579 1829 illum,
1605 1787 1700 1821 Cae-

233 1845 375 1874 sarem,
401 1845 526 1877 ruere,
551 1835 641 1868 aber
664 1834 776 1868 Iener
800 1835 940 1867 stiirme
966 1832 1101 1872 heran,
1128 1842 1242 1875 Sagen
1266 1831 1340 1873 sie;
1366 1831 1400 1865 d.
1418 1831 1442 1865 i.
1469 1832 1603 1875 dringe
1629 1832 1700 1865 eil-

231 1880 383 1923 fertigst
413 1891 496 1914 vor.
523 1901 565 1906 —
603 1880 679 1914 iam
703 1881 800 1921 iam,
834 1880 952 1922 flugs,
984 1877 1181 1912 stiindlich.
1207 1896 1251 1902 -
1281 1877 1425 1921 qutcum
1449 1878 1570 1912 enim?
1601 1878 1697 1912 denn

233 1927 329 1960 VVer
360 1927 449 1969 geht
466 1927 556 1963 ,ihm
591 1927 799 1971 entgegenZ
826 1945 868 1950 —
900 1928 939 1959 ut
963 1925 1092 1966 fugam
1117 1924 1276 1967 intercl„
1301 1935 1359 1957 um
1385 1934 1452 1958 uns
1479 1924 1542 1958 die
1564 1925 1699 1958 Flucht

233 1973 548 2007 abzuschneiden.

325 2019 358 2052 2.
386 2024 459 2054 καὶ
492 2022 724 2055 murano&
758 2017 838 2052 scil.
866 2022 1019 2062 paratus
1052 2027 1150 2060 sum,
1197 2014 1325 2059 cogito
1365 2015 1477 2049 etiam
1520 2015 1698 2050 commori

232 2075 315 2097 cum
348 2066 546 2110 Pompeio.
584 2065 672 2108 vgl.
707 2076 763 2109 ep.
791 2065 981 2106 CCCXX,
1007 2063 1041 2096 2.
1068 2082 1113 2087 —
1156 2066 1189 2095 te
1213 2063 1253 2095 id
1277 2062 1437 2095 consulo.
1479 2060 1517 2096 S.
1545 2062 1695 2096 Ramsh.

232 2112 264 2154 ᾗ.
290 2112 368 2145 131.
395 2131 440 2137 -
481 2116 585 2145 extra
611 2111 755 2145 Italiam
782 2109 1069 2155 depugnandum
1096 2114 1164 2142 est.
1191 2127 1235 2132 —
1277 2108 1339 2141 Ad
1369 2108 1585 2141 manendum
1610 2108 1699 2142 hor-

234 2164 377 2200 tantur,
409 2169 487 2191 was
520 2169 586 2192 aus
617 2157 786 2191 hortatur
818 2156 952 2190 herauf
982 2167 1028 2189 zu
1061 2156 1216 2188 nehmen
1242 2152 1302 2188 ist.
1328 2172 1373 2178 ——-
1407 2153 1574 2193 lictores,
1602 2165 1698 2197 quos

233 2211 352 2236 tamen
388 2203 577 2238 dimittere
609 2205 732 2238 statim
767 2204 973 2247 potuisset,
1018 2200 1090 2236 nisi
1124 2200 1322 2234 etiamnum
1353 2210 1483 2233 vanum
1517 2200 1697 2245 triumphi

231 2250 413 2283 honorem
439 2257 636 2294 sperasset.
669 2250 776 2284 SCH.
825 2249 900 2284 So'.l
934 2249 1023 2291 Vgl.
1052 2259 1106 2292 ep.
1134 2246 1279 2288 CCCV‚
1304 2246 1344 2279 4:
1378 2246 1474 2297 Me..
1504 2271 1514 2280 .
1541 2270 1551 2281 .
1587 2246 1697 2280 licto-

232 2306 295 2329 res
320 2295 538 2340 impediunt.
566 2297 732 2336 CCCIII,
760 2297 791 2329 1.
820 2292 1280 2334 lam-ecctc'3.'CCCXXVI‚
1306 2293 1339 2325 5.
1366 2310 1412 2316 —-
1438 2292 1640 2335 zmprovidi
1662 2296 1698 2325 et

233 2342 460 2384 negligentes
486 2348 529 2377 st.
555 2342 806 2387 imprudentia
831 2348 868 2376 et
893 2339 1124 2385 negligentia
1149 2339 1292 2372 ducum.
1331 2336 1370 2372 S.
1395 2337 1544 2371 Ranish.
1571 2339 1695 2382 §.203.

232 2389 284 2431 Π,
312 2389 348 2422 b.
367 2407 411 2413 --
437 2389 683 2430 coniungendi
706 2399 762 2421 we
786 2389 847 2422 vel
872 2398 920 2421 se.
940 2406 985 2412 —
1008 2385 1257 2420 Phalarimne.
1295 2383 1333 2418 S.
1351 2393 1397 2417 zu
1415 2395 1474 2428 ep.
1491 2384 1640 2428 CCCV‚
1661 2385 1697 2418 2.

230 2434 476 2483 φαλαρισμόν.
503 2455 547 2461 -
571 2434 828 2473 Pisistratum,
851 2433 918 2467 der
941 2434 1009 2468 561
1034 2443 1103 2466 vor
1128 2431 1216 2465 Chr.
1243 2441 1326 2464 zum
1353 2435 1491 2473 ersten,
1518 2431 1588 2465 552
1611 2440 1696 2464 zum

231 2488 393 2514 zwelten
421 2481 547 2515 Mahle
571 2491 642 2513 von
667 2481 792 2514 Athen
816 2479 1031 2513 vertrieben
1056 2477 1206 2516 wurde‚
1241 2476 1316 2510 und
1342 2475 1440 2510 doch
1462 2476 1540 2510 sich
1566 2476 1696 2510 immet
1760 2494 1761 2497 κ
1794 2485 1795 2488 ’

235 2526 379 2560 wieder
403 2537 486 2560 zum
510 2527 685 2573 τύραννος
712 2526 848 2568 erhob3
876 2526 968 2558 aber
992 2524 1166 2558 16blich
1196 2523 1352 2567 regirte.
1373 2541 1417 2547 -
1442 2523 1586 2566 explic„
1609 2522 1696 2556 klar

231 2573 403 2615 macheu,
437 2574 678 2607 entrathseln.
712 2591 758 2597 -—
790 2576 822 2604 te
852 2571 972 2615 ipsum
999 2597 1007 2604 .
1029 2597 1036 2605 .
1057 2597 1064 2605 .
1092 2570 1231 2612 calere,
1268 2569 1353 2602 dass
1385 2568 1460 2602 Dir
1485 2569 1604 2603 selbst
1626 2568 1695 2602 der

230 2619 339 2663 Kopf
359 2619 521 2653 dariiber
546 2630 660 2652 warm
686 2629 810 2662 genug
836 2617 916 2651 sein
942 2627 1036 2660 mag.
1063 2635 1108 2641 —
1132 2617 1226 2658 iam,
1251 2613 1452 2649 stiindlich.
1470 2633 1512 2639 —
1539 2614 1587 2647 ad
1608 2624 1694 2647 suas

231 2664 379 2707 Nonas,
407 2665 454 2699 da
478 2666 533 2700 sie
558 2665 631 2698 den
657 2664 833 2708 heutigen
848 2664 930 2706 Tag
946 2664 1064 2696 selbst
1083 2663 1302 2696 anberaumt
1318 2661 1451 2695 haben.
1489 2660 1527 2694 S.
1542 2660 1693 2694 Ramsh.

231 2712 350 2754 §.1553,
367 2712 401 2755 4,
415 2712 451 2746 b.
477 2731 520 2737 —
545 2711 723 2745 rescribes
741 2709 949 2755 imperativi
969 2710 1066 2743 loco.
1080 2728 1120 2734 —
1150 2709 1345 2743 Cicerones
1358 2717 1512 2753 pueros,
1527 2706 1578 2741 M.
1593 2712 1630 2741 et
1645 2706 1691 2743 Q.
