1795 3043
214 61 314 139 358
477 87 544 134 M.
579 86 634 133 T.
671 86 1009 137 oicEROle
1043 89 1413 138 EPISTOLAE.

216 198 354 240 tinere
384 199 458 240 ille
496 211 581 240 non
621 201 782 254 possit,
816 203 1069 254 praesertim
1099 214 1230 254 quum
1260 216 1286 243 a
1315 202 1402 244 suis
1432 203 1680 247 conditioni-

216 257 296 297 bus
329 257 420 309 ipse
460 256 643 310 fugerit:
683 259 969 301 tantummodo
1009 263 1057 301 ut
1095 273 1193 301 eum
1231 260 1582 315 intercludamus,
1623 275 1679 304 ne

217 314 271 354 ad
313 314 461 353 urbem
500 315 632 366 possit
671 316 894 367 accedere,
947 318 1061 369 quod
1100 316 1374 370 sperabamus
1411 317 1506 360 fieri
1542 332 1679 372 posse.

216 371 418 411 Delectus
446 372 561 412 enim
590 385 761 426 magnos
781 373 1063 415 habebamus:
1094 375 1430 428 putabamusque
1451 376 1577 417 illum
1597 389 1682 418 me-

217 430 359 480 tuere,
408 429 444 468 si
484 429 537 469 ad
577 430 726 470 urbem
771 431 836 472 ire
876 433 1107 485 coepisset,
1148 445 1202 472 ne
1244 432 1405 473 Gallias
1447 435 1680 475 amitteret:

217 497 320 535 quas
351 484 494 526 ambas
523 486 652 528 habet
679 488 1014 542 inimicissimas,
1044 491 1216 542 praeter
1244 489 1587 541 Transpadanos:
1629 503 1683 532 ex

216 541 510 594 Hispaniaque
538 556 611 584 sex
638 546 827 598 legiones
856 548 898 586 et
927 560 1079 600 magna
1107 547 1289 598 auxilia,
1329 547 1506 588 Afranio
1536 552 1579 588 et
1605 548 1684 589 Pe-

217 599 327 638 treio
359 600 563 653 ducibus,
603 602 732 642 habet
761 617 786 644 a
815 605 947 656 tergo.
1004 604 1203 652 Videtur,
1246 604 1282 644 si
1309 604 1519 653 insaniet,
1559 616 1685 657 posse

218 657 430 710 opprimi,
478 658 601 698 modo
642 661 689 699 ut
727 659 834 700 urbe
871 662 1000 701 salva.
1076 661 1303 701 Maximam
1342 663 1482 702 autem
1519 662 1686 716 plagam

218 715 408 766 accepit,
452 715 564 766 quod
594 715 652 768 is,
693 718 766 767 qui
805 729 1010 757 summam
1050 719 1345 759 auctoritatem
1379 719 1424 759 in
1458 719 1579 759 illius
1617 730 1686 758 ex-

220 771 360 810 ercitu
397 770 604 824 habebat,
644 774 692 815 T.
722 773 956 827 Labienus,
1002 776 1141 815 socius
1178 776 1354 816 sceleris
1394 788 1484 816 esse
1523 775 1686 816 noluit:

219 827 397 878 reliquit
427 829 550 868 illum
581 832 623 870 et
651 829 871 872 nobiscum
900 839 984 872 est:
1024 832 1232 883 multique
1261 833 1372 873 idem
1411 833 1566 874 facturi
1597 843 1688 872 esse

171 881 198 923 5
222 884 434 925 dicuntur.
499 886 590 940 Ego
633 888 773 929 adhuc
803 901 904 929 orae
932 889 1169 929 maritimae
1209 901 1406 941 praesum
1435 904 1460 930 a
1487 889 1686 931 Formiis.

220 940 398 982 Nullum
426 944 562 984 maius
589 946 805 999 negotium
835 947 1053 998 suscipere
1081 945 1220 997 volui,
1259 959 1341 997 quo
1371 948 1468 998 plus
1497 947 1609 998 apud
1637 946 1690 987 il-

222 999 310 1038 lum
338 1011 457 1039 meae
486 1001 639 1042 literae
669 1003 1067 1055 cohortationesque
1097 1003 1150 1044 ad
1179 1015 1328 1056 pacem
1351 1005 1555 1044 valerent.
1613 1004 1690 1044 Sin

223 1059 365 1096 autem
406 1058 488 1097 erit
526 1057 711 1109 bellum,
751 1060 874 1101 video
913 1073 980 1100 me
1017 1061 1166 1101 castris
1205 1063 1248 1100 et
1286 1061 1415 1102 certis
1452 1060 1690 1114 legionibus

224 1115 530 1209 praefuturum.
597 1117 748 1157 Habeo
795 1119 923 1157 etiam
962 1118 1079 1157 illam
1118 1118 1376 1169 molestiam,
1415 1118 1527 1168 quod
1563 1118 1692 1158 Dola-

256 1171 339 1210 ella
368 1173 510 1212 noster
539 1174 650 1226 apud
681 1174 903 1215 Caesarem
933 1176 1009 1215 est.
1069 1175 1188 1215 Haec
1217 1175 1296 1214 tibi
1315 1176 1415 1214 nota
1431 1187 1520 1214 esse
1550 1174 1691 1215 volui:

225 1239 335 1278 quae
365 1241 467 1269 cave
497 1242 551 1269 ne
580 1231 624 1270 te
651 1232 905 1283 perturbent
925 1233 967 1270 et
987 1231 1223 1283 impediant
1250 1231 1533 1272 valetudinem
1561 1233 1692 1273 tuam.

176 1286 204 1326 6
227 1284 319 1336 Ego
348 1285 395 1325 A.
428 1286 630 1338 Varroni,
675 1300 801 1338 quem
838 1296 968 1339 quum
1006 1288 1335 1329 amantissimum
1374 1289 1458 1328 mei
1497 1289 1689 1340 cognovi,

224 1342 315 1380 tum
346 1342 472 1382 etiam
501 1343 624 1384 valde
652 1345 717 1384 tui
748 1345 1003 1396 studiosum,
1047 1345 1367 1398 diligentissime
1406 1347 1449 1385 te
1487 1356 1693 1385 commen·

225 1398 343 1446 davi,
384 1401 431 1439 ut
461 1405 504 1440 et
532 1401 786 1442 valetudinis
816 1404 914 1442 tuae
943 1403 1152 1442 rationem
1187 1401 1365 1442 haberet
1395 1404 1436 1442 et
1463 1402 1694 1455 navigatio-

225 1455 293 1495 nis
325 1458 367 1496 et
394 1458 528 1497 totum
554 1460 598 1498 te
628 1460 865 1512 susciperet
894 1472 943 1500 ac
972 1462 1185 1499 tueretur:
1225 1472 1349 1510 quem
1390 1459 1531 1499 omnia
1559 1461 1693 1500 factu-

225 1523 321 1552 rum
350 1513 539 1555 confido:
570 1517 736 1568 recepit
767 1517 877 1557 enim
899 1519 941 1556 et
962 1529 1129 1557 mecum
1149 1518 1315 1557 locutus
1346 1518 1410 1557 est
1438 1516 1694 1557 suavissime.

226 1570 316 1619 Tu,
361 1572 561 1622 quoniam
600 1585 650 1613 eo
688 1576 878 1626 tempore
915 1586 1080 1613 mecum
1117 1586 1208 1613 esse
1246 1586 1330 1614 non
1374 1574 1573 1627 potuisti,
1610 1585 1695 1626 quo

228 1638 305 1679 ego
344 1629 526 1669 maxime
567 1642 738 1682 operam
779 1632 821 1671 et
861 1630 1111 1671 fidelitatem
1140 1631 1374 1671 desideravi
1414 1632 1552 1683 tuam,
1591 1642 1695 1672 cave

225 1684 401 1724 festines
428 1688 503 1726 aut
533 1688 794 1737 committas,
843 1689 889 1728 ut
930 1690 1003 1727 aut
1043 1700 1168 1741 aeger
1209 1689 1283 1728 aut
1322 1688 1462 1728 hieme
1508 1689 1694 1741 naviges.

229 1756 1694 1769 m

229 1775 314 1818 ben.
340 1803 385 1809 —
432 1797 540 1829 quum
565 1798 587 1820 a
610 1789 688 1821 suis
712 1789 816 1822 cond.
840 1789 1000 1832 fugerit,
1034 1788 1080 1822 da
1105 1799 1146 1822 er
1170 1799 1243 1822 von
1269 1788 1398 1822 Seinen
1422 1788 1697 1832 Bedingungen

229 1830 375 1864 wieder
404 1832 691 1877 abgesprungen
723 1837 824 1869 ware
861 1835 936 1869 und
969 1835 1126 1879 solglich
1160 1834 1222 1869 die
1257 1835 1398 1869 Schuld
1432 1835 1498 1869 des
1533 1834 1697 1878 Krieges

228 1887 323 1919 ganz
360 1877 474 1911 allein
510 1880 575 1913 auf
605 1881 681 1914 ihm
715 1881 841 1926 liegen
876 1882 950 1915 und
989 1881 1064 1914 iiim
1101 1881 1350 1925 allgemeinen
1381 1882 1477 1916 Hass
1514 1880 1697 1915 zuziehen

229 1922 372 1957 wilrde.
399 1942 442 1948 -
468 1927 715 1961 tantummodo
740 1933 799 1971 ut,
825 1939 933 1962 wenn
961 1939 1042 1961 nur.
1076 1928 1225 1962 Ramsh.
1253 1929 1280 1972 §.
1304 1929 1382 1962 190.
1410 1929 1518 1962 Anm.
1537 1928 1571 1962 8.
1599 1927 1697 1961 Gro-

231 1969 294 2003 tes.
321 1970 349 2012 §.
369 1970 450 2005 422.
476 1990 519 1996 -—-
567 1971 806 2017 habebamus,
843 1985 903 2008 um
934 1974 991 2009 sie
1024 1974 1156 2009 Ciisars
1190 1975 1403 2010 Veteranen
1439 1980 1626 2018 entgegen
1651 1983 1698 2006 zu

229 2015 375 2051 stellen.
423 2017 575 2063 Imperf.
614 2020 679 2054 des
710 2020 910 2054 Briefstils.
942 2040 987 2045 —
1030 2025 1180 2064 praeter
1214 2021 1518 2064 Transpadanos,
1562 2019 1698 2063 quibus

230 2062 369 2096 Caesar
398 2069 435 2097 et
469 2065 603 2099 aedilis
636 2072 673 2100 et
709 2068 837 2101 consul
864 2066 1051 2101 civitatem
1076 2067 1165 2100 dare
1199 2066 1397 2110 cogitavit,
1435 2066 1534 2109 quod
1567 2071 1699 2110 postea

230 2107 390 2142 dictator
422 2111 559 2145 effecit·
618 2112 709 2149 Vid.
752 2126 809 2158 ep.
836 2114 1010 2148 CCLXX
1044 2119 1082 2147 et
1117 2113 1351 2149 CLXXXV.
1407 2111 1629 2163 MANUT3
1653 2130 1698 2163 7-

231 2155 393 2195 Afranio
420 2160 453 2188 et
476 2157 640 2202 Petreio,
679 2161 815 2203 legatis
848 2160 1040 2205 Pompeii,
1080 2170 1174 2202 quos
1210 2166 1341 2204 postea
1376 2159 1513 2193 Caesar
1546 2158 1698 2192 dev1c1t.

230 2201 439 2236 MANUT.
478 2203 516 2240 S.
545 2214 590 2238 zu
617 2217 676 2250 ep.
697 2207 828 2249 CCCI,
855 2209 889 2241 3.
916 2224 961 2231 —--
1009 2207 1115 2240 modo
1149 2210 1188 2238 ut
1212 2206 1299 2238 urbe
1323 2205 1428 2239 salva
1453 2204 1698 2249 opprimatur,

229 2257 339 2280 wenn
365 2258 435 2281 nur
462 2246 524 2282 Hie
551 2250 658 2285 Stadt
684 2253 810 2295 (Rom)
838 2253 946 2286 dabci
973 2252 1174 2286 verschont
1198 2251 1336 2285 bleibt!
1363 2271 1406 2276 —
1454 2252 1551 2286 Μαπ
1569 2250 1700 2294 ..pla-

229 2304 345 2335 gam,>
364 2293 435 2328 den
462 2297 784 2340 empfindiichstcn
810 2299 972 2334 Streich.
1025 2298 1063 2333 S.
1092 2309 1150 2342 ep.
1166 2298 1357 2341 CCCVII,
1385 2300 1416 2333 7.
1445 2309 1480 2332 n.
1499 2298 1576 2331 das.
1602 2298 1634 2330 1.
1655 2314 1699 2321 -

230 2339 418 2374 uobiscum
441 2346 493 2375 est
518 2354 538 2376 e
563 2343 698 2389 Suppl.
731 2346 828 2379 Edd.
858 2357 928 2379 om.
956 2349 1006 2378 est
1031 2345 1109 2380 Md.
1139 2345 1212 2378 OR.
1644 2387 1652 2394 ·

321 2387 355 2421 5.
383 2398 405 2420 a
439 2389 612 2424 Formiis.
670 2392 939 2426 praefecturae
975 2402 1078 2424 meae
1122 2391 1280 2434 primum
1319 2390 1496 2435 oppidum
1532 2390 1699 2423 Formiae

231 2438 328 2466 sunt.
376 2434 584 2471 MANUT.
624 2436 662 2471 S.
698 2448 742 2472 zu
777 2450 836 2483 ep.
859 2438 1074 2479 CCCVIII,
1110 2437 1141 2471 2.
1176 2455 1219 2462 —
1266 2437 1420 2471 Nullum
1462 2437 1584 2470 maius
1614 2445 1696 2476 neg.

229 2485 301 2512 cet.
358 2479 455 2514 Eine
497 2482 891 2527 beherzigenswerthe
934 2483 1075 2518 stelle!
1111 2502 1152 2507 -——
1208 2495 1275 2527 quo
1306 2495 1352 2516 =
1383 2489 1422 2516 ut
1457 2494 1501 2516 eo
1532 2483 1628 2526 plus.
1660 2480 1698 2515 S.

234 2525 383 2560 RamSh.
410 2527 439 2569 ᾗ.
458 2528 542 2571 193,
570 2531 603 2563 l.
630 2530 775 2564 Grates.
803 2532 829 2573 §.
849 2531 928 2565 403.
945 2549 987 2554 -—
1013 2529 1217 2563 Dolabella.
1255 2531 1344 2574 vgl.
1373 2542 1430 2574 ep.
1446 2527 1699 2579 CCCVliIss.

326 2573 358 2607 6.
394 2591 438 2596 —-
470 2575 520 2607 A.
547 2575 726 2610 Terentio
765 2576 930 2611 Varroni
959 2577 1157 2617 Murenae,
1196 2575 1390 2611 Ciceronis
1434 2574 1698 2609 amantissimo.

236 2618 325 2653 vid.
353 2619 398 2652 ad
424 2620 554 2654 famil.
584 2623 700 2661 XIII,
725 2623 782 2656 22.
838 2623 930 2656 Eius
966 2622 1082 2655 tilium
1117 2628 1221 2666 putat
1259 2623 1450 2657 Manutius
1483 2631 1564 2655 esse
1601 2630 1699 2671 cum,

236 2665 299 2707 qui
326 2666 454 2699 consui
481 2668 550 2701 suit
576 2680 657 2702 cnm
683 2671 854 2713 Augus-10
881 2670 958 2703 731.
987 2687 1029 2693 —
1078 2670 1222 2712 recepit,
1248 2668 1434 2714 promisit,
1461 2673 1638 2716 suscepit.
1657 2684 1701 2689 --

234 2712 410 2754 suaviss,
448 2715 518 2747 und
548 2715 608 2748 liat
634 2715 712 2749 sich
739 2716 775 2749 in
801 2715 871 2749 den
911 2714 1228 2749 verbindiiclisten
1264 2714 1509 2749 Ausdri'zcken
1541 2712 1702 2764 danihel·

236 2767 355 2800 gcgen
382 2758 479 2792 inicii
505 2762 654 2796 erlil'ait.
683 2781 726 2787 ——
775 2762 957 2806 quoniam.
1009 2762 1046 2796 S.
1074 2773 1132 2807 cp.
1156 2762 1308 2804 CCCH,
1334 2764 1367 2798 5.
1401 2780 1445 2787 --
1499 2769 1583 2794 cane
1620 2761 1698 2800 test.
