1795 3043
195 96 296 144 346
465 91 530 138 Μ.
567 92 622 137 Τ.
661 91 997 138 CICERONIS
1032 92 1399 139 EPISTOLAE.

195 203 297 256 quid
328 202 450 244 nobis
486 202 694 256 agendum
733 205 869 256 putes,
933 203 1002 246 Μ’.
1037 205 1206 256 quidem
1246 205 1429 258 Lepidus
1464 227 1522 234 ——
1558 218 1653 246 nam

192 262 348 302 fuimus
386 273 470 300 una
498 282 556 289 —-
584 272 680 301 eum
718 259 843 302 finem
884 263 1052 313 statuit,
1098 262 1143 302 L.
1186 264 1423 313 Torquatus
1463 263 1651 303 eundem.

192 319 266 359 Me
293 330 423 370 quum
451 318 605 371 multa,
642 319 731 358 tum
760 319 885 360 etiam
925 321 1099 360 lictores
1127 319 1382 372 impediunt:
1421 319 1528 360 nihil
1564 319 1654 360 vidi

192 387 401 427 unquam,
441 374 553 427 quod
580 374 716 416 minus
746 377 951 429 explicari
990 378 1145 429 posset.
1212 378 1362 428 Itaque
1400 391 1426 417 a
1463 378 1506 417 te
1543 376 1654 417 nihil

194 431 292 472 dum
322 432 430 472 certi
457 433 647 483 exquiro,
678 433 750 474 sed
779 433 881 485 quid
909 434 1115 478 videatur.
1173 434 1365 486 Denique
1394 434 1529 487 ipsam
1557 431 1653 472 ἀπο-

140 481 171 523 5
193 490 287 537 ρίαν
316 490 431 530 tuam
461 490 588 543 cupio
619 503 886 543 cognoscere.
955 491 1187 533 Labienum
1228 492 1280 532 ab
1308 493 1385 532 illo
1416 492 1654 532 discessisse

190 546 492 599 propemodum
522 549 697 588 constat.
756 548 802 589 Si
837 549 899 589 ita
929 550 1082 591 factum
1125 550 1252 597 esset,
1300 551 1347 588 ut
1376 548 1452 589 ille
1480 548 1653 589 Romam

188 604 363 644 veniens
392 604 683 660 magistratum
719 606 761 646 et
801 607 991 647 senatum
1020 607 1174 647 Romae
1214 604 1467 653 offenderet,
1504 618 1653 658 magno

189 661 285 700 usui
315 674 468 702 causae
496 663 664 703 nostrae
693 662 852 702 fuisset.
921 663 1148 704 Damnasse
1178 663 1289 704 enim
1320 662 1494 704 sceleris
1522 662 1654 703 homi-

186 729 286 758 nem
313 719 496 759 amicum
525 720 590 760 rei
618 719 817 771 publicae
847 732 974 760 causa
1003 720 1238 761 videretur:
1284 719 1396 771 quod
1419 732 1532 760 nunc
1552 731 1653 772 quo-

188 787 272 826 que
300 775 491 827 videtur3
521 775 594 816 sed
622 776 759 816 minus
787 776 980 828 prodest3
1020 789 1103 817 non
1134 778 1243 818 enim
1271 777 1419 825 habet,
1458 777 1528 817 cui
1558 788 1654 829 pro-

189 832 268 872 sit:
300 844 479 884 eumque
510 832 694 874 arbitror
723 833 965 885 poenitere;
1006 834 1089 874 nisi
1118 835 1226 874 forte
1255 834 1298 874 id
1327 835 1464 886 ipsum
1486 835 1550 874 est
1577 833 1654 874 fal-

188 901 300 941 sum,
332 889 574 931 discessisse
601 892 739 932 illum.
806 890 893 931 Nos
933 890 1102 943 quidem
1130 903 1208 944 pro
1238 892 1353 931 certo
1384 890 1651 932 habebamus.

136 949 165 989 6
187 945 244 986 Et
272 946 421 999 velim,
449 969 507 978 --
535 959 808 999 quamquam,
853 949 901 987 ut
930 947 1106 999 scribis,
1149 947 1390 988 domesticis
1425 950 1468 987 te
1497 947 1652 987 finibus

186 1004 306 1043 tenes
333 1027 392 1033 ——
417 1005 594 1045 formam
621 1005 727 1045 mihi
765 1004 884 1045 urbis
925 1017 1132 1058 exponas,
1171 1004 1334 1055 ecquod
1363 1005 1554 1055 Pompeii
1583 1003 1653 1043 de-

185 1059 410 1108 siderium,
441 1073 575 1113 ecqua
605 1061 794 1102 Caesaris
823 1061 984 1102 invidia
1014 1063 1239 1114 appareat:
1270 1062 1393 1101 etiam
1425 1060 1527 1113 quid
1557 1073 1652 1101 cen-

185 1129 278 1157 seas
309 1117 360 1157 de
386 1118 585 1158 Terentia
614 1120 655 1159 et
685 1118 847 1170 Tullia,
878 1118 1034 1158 Romae
1065 1131 1134 1158 eas
1164 1130 1278 1165 esse,
1310 1131 1361 1158 an
1393 1130 1569 1169 mecum,
1598 1130 1653 1158 an

184 1174 331 1225 aliquo
361 1176 452 1216 tuto
494 1176 606 1216 loco.
673 1176 730 1215 Et
765 1175 870 1216 haec
909 1177 952 1215 et
982 1176 1017 1216 si
1047 1174 1147 1227 quid
1176 1174 1291 1215 aliud
1315 1174 1368 1215 ad
1397 1187 1464 1215 me
1493 1174 1653 1215 scribas

186 1232 316 1272 velim
344 1233 413 1274 vel
442 1233 583 1285 potius
612 1232 842 1285 scriptites.

185 1351 250 1396 ist,
276 1364 335 1387 um
361 1351 441 1386 sich
465 1353 580 1388 selbst
604 1353 735 1386 rathen
752 1362 798 1386 zu
814 1351 976 1386 konnen.
1002 1370 1046 1377 —-
1093 1351 1155 1386 Μ’.
1174 1351 1354 1386 Aemilius
1366 1352 1538 1397 Lepidus,
1564 1363 1653 1387 con-

185 1400 246 1434 sul
270 1410 304 1434 3.
330 1400 410 1434 688.
435 1398 474 1434 S.
502 1399 548 1433 ad
580 1398 693 1433 Attio.
718 1398 836 1441 VIII,
862 1400 894 1433 6.
920 1397 1027 1433 Catil.
1047 1399 1081 1441 1,
1107 1399 1138 1433 6.
1166 1398 1208 1432 L.
1236 1398 1399 1432 Manlius
1435 1399 1652 1442 Torquatus,

185 1445 436 1528 ffiffisffiffi‘
468 1446 652 1526 mh?
657 1446 759 1528 4³3⁹·
769 1445 846 1526 '13³
848 1443 1651 1535 ⁰1¹¹J¹c¹'‘²{3³¹¹‡1¹{’Ffflimssusfinfisssfffsessssi'

268 1518 276 1526 ο
389 1519 396 1526 ο
435 1517 443 1526 0
644 1518 651 1526 ο
744 1517 754 1535 ,
827 1517 834 1526 1
924 1517 934 1534 ,
985 1517 992 1525 ι
1229 1517 1236 1525 ο
1286 1518 1293 1525 ι
1417 1518 1425 1525 ο
1493 1517 1500 1525 n
1636 1512 1653 1519 -

186 1543 248 1572 tur
272 1549 354 1571 cum
379 1538 495 1572 fratre
518 1537 741 1583 Pompeium
766 1544 874 1572 extra
896 1537 1056 1572 Italiam.
1082 1556 1126 1562 --
1172 1537 1308 1580 fuimus
1324 1548 1408 1582 una,
1434 1537 1506 1572 wir
1530 1539 1652 1572 haben

184 1594 254 1620 uns
277 1584 523 1629 gesprochcn.
549 1603 594 1609 —-
639 1585 746 1626 finem
767 1584 897 1617 stat-uit
919 1582 1138 1627 Pompeium
1164 1583 1357 1625 sequendi.
1411 1585 1554 1629 Nempe
1587 1595 1652 1619 ne-

184 1631 323 1677 gabant
347 1641 387 1664 se
413 1630 632 1674 Pompeium
657 1635 865 1671 secuturos,
891 1630 922 1663 si
948 1629 1058 1663 Italia
1082 1629 1243 1663 cederet.
1269 1629 1387 1663 Beide
1412 1641 1540 1664 waren
1586 1641 1652 1666 aus

184 1677 258 1711 den
283 1682 407 1711 ersten
430 1676 616 1712 Familien
640 1675 678 1710 in
703 1676 817 1719 Rom⁷
844 1675 917 1710 und
942 1676 1124 1719 gehorten
1151 1675 1266 1709 daher
1289 1686 1335 1709 zu
1360 1676 1431 1710 den
1456 1677 1651 1721 Hauptern

184 1723 255 1757 der
298 1722 570 1768 Senatspartei.
604 1740 649 1748 --
706 1722 865 1756 lictores.
927 1721 965 1756 S.
1005 1731 1051 1755 zu
1090 1732 1148 1765 ep.
1177 1721 1352 1765 CCCIII,
1386 1723 1416 1756 1.
1461 1723 1652 1758 laureatis.

185 1769 433 1812 CCCXXIV,
457 1771 490 1804 3.
516 1788 561 1794 --
608 1768 806 1812 explicari,
831 1768 940 1802 einen
964 1767 1133 1809 motem,
1166 1767 1233 1800 der
1258 1768 1449 1802 schwerer
1473 1779 1521 1802 zu
1543 1770 1650 1804 lesen

182 1816 298 1850 ware.
325 1834 370 1841 —-
417 1815 509 1850 certi
532 1814 855 1850 entscheidendes.
880 1832 925 1840 -
972 1814 1035 1847 sed
1059 1814 1146 1857 quz'd
1161 1814 1341 1856 videatur,
1364 1814 1525 1849 sondern
1550 1816 1649 1850 Dein

181 1862 330 1896 blosses
365 1861 587 1896 Gutachten.
622 1879 666 1887 ·-
721 1861 940 1908 ἀπορίαν,
990 1859 1285 1903 dubitationem,
1328 1859 1439 1894 deine
1474 1861 1650 1896 Bedeuk-

180 1907 401 1943 lichkeiten.

273 1965 307 2000 5.
335 1965 550 1999 Labienum.
592 1963 632 1999 S.
659 1975 719 2009 ep.
743 1963 917 2006 CCCIV,
944 1964 976 1997 1.
1001 1981 1045 1988 -
1093 1963 1307 2005 offenderet,
1340 1968 1379 1996 ut
1411 1961 1490 1996 illic
1515 1973 1649 1998 consu-

181 2011 239 2046 les
263 2018 300 2046 et
325 2018 490 2046 senatum
515 2009 662 2045 videret
687 2010 854 2054 (antraf),
881 2009 945 2053 qui
971 2020 1066 2043 nunc
1092 2009 1221 2043 urbem
1245 2008 1490 2052 reliquerunt.
1539 2010 1646 2045 SCH.

182 2076 228 2085 ·-
252 2058 341 2100 fact.
374 2069 440 2093 ess.
473 2061 524 2091 ut.
557 2067 586 2091 s.
613 2057 764 2092 Ramsh.
801 2057 936 2100 §.w-1,
962 2057 994 2090 5.
1036 2055 1129 2089 iiber
1162 2055 1265 2089 diese
1297 2055 1456 2088 formula
1489 2056 1649 2101 amplifi-

182 2103 354 2138 cationis.
386 2123 430 2130 —·
492 2104 682 2138 damnasse
718 2103 877 2137 sceleris.
940 2101 1030 2137 Sein
1070 2101 1193 2136 Abfall
1225 2111 1298 2135 von
1334 2101 1466 2143 Casan
1507 2102 1648 2137 seinem

181 2150 377 2190 Freunde‚
416 2150 546 2185 wiirde
577 2150 637 2184 fiir
667 2150 739 2183 den
772 2149 956 2183 starksten
988 2147 1137 2182 Beweis
1172 2147 1348 2191 gegolten
1373 2146 1518 2191 haben,
1562 2149 1647 2184 dass

182 2196 289 2234 iener
304 2196 370 2230 mit
394 2196 514 2230 einen]
528 2196 774 2232 Verbrechen
799 2206 920 2239 gegen
945 2195 1016 2229 den
1040 2194 1225 2229 Freistaat
1251 2192 1419 2236 umgehe‚
1446 2192 1580 2227 dessen
1605 2206 1648 2229 er

181 2243 263 2278 sich
287 2242 391 2276 nicht
416 2243 511 2276 habe
536 2242 777 2286 mitschuldig
795 2242 946 2276 machen
964 2241 1113 2275 wollen.
1140 2259 1184 2265 —
1232 2250 1302 2272 non
1327 2239 1422 2272 enim
1446 2239 1562 2283 habet,
1587 2242 1648 2276 cui

209 2289 313 2333 rosit,
339 2288 436 2322 denn
462 2299 502 2322 es
528 2288 575 2322 ist
599 2288 743 2324 Keiner
767 2288 827 2333 da,
853 2288 935 2323 dem
962 2298 1003 2322 er
1027 2288 1162 2322 niitzen
1187 2286 1338 2320 konnte.
1363 2303 1407 2309 —-
1444 2296 1514 2330 pro
1532 2291 1643 2322 certo.

223 2346 263 2371 as
287 2345 366 2370 war
391 2345 430 2369 es
460 2335 571 2368 auch!

274 2392 308 2427 6.
336 2402 551 2436 quamquam
569 2418 596 2425 ..
612 2417 620 2426 .
639 2392 785 2426 domest.
811 2395 845 2425 te
876 2392 937 2434 fin.
971 2393 1085 2430 tenes,
1118 2388 1293 2433 obgleich
1324 2388 1388 2422 Du
1414 2388 1513 2423 Dich
1580 2416 1588 2424 .
1606 2391 1644 2425 in

183 2437 334 2473 Deinen
359 2437 442 2472 vier
464 2439 620 2472 Mauern
645 2437 933 2482 eingeschrankt
956 2436 1080 2470 haltst.
1106 2453 1150 2460 —-
1199 2435 1369 2469 caesaris
1388 2435 1544 2479 invidia,
1568 2437 1645 2471 Un-

183 2483 315 2518 willen
340 2485 405 2518 auf
427 2484 551 2519 Casar.
580 2503 622 2509 -
670 2485 713 2518 de
733 2485 814 2518 Ter.
832 2487 865 2517 et
887 2482 1025 2524 Tullia,
1050 2481 1187 2514 Romae
1211 2492 1271 2515 eas
1295 2492 1369 2515 esse
1392 2488 1497 2516 statt:
1524 2487 1644 2516 utrum

184 2529 384 2564 Terentiae
418 2536 456 2564 et
491 2531 639 2565 Tulliae
670 2531 812 2564 Romae
843 2528 1063 2562 manendum
1094 2527 1155 2561 sit.
1205 2527 1243 2562 S.
1277 2527 1348 2562 den
1389 2528 1536 2572 Ansang
1578 2528 1644 2563 des

182 2576 384 2620 folgenden
410 2577 475 2611 ΒΥ.
523 2577 648 2611 Ueber
673 2577 743 2611 den
767 2575 1018 2610 Hellenismus
1044 2574 1119 2618 vgl.
1146 2574 1295 2608 Ramsh.
1321 2575 1350 2618 §-
1365 2574 1452 2617 206,
1478 2575 1523 2608 A.
1547 2574 1580 2608 5.
1599 2594 1641 2600 —-

184 2622 219 2656 si
243 2623 329 2666 quid
352 2623 455 2657 aliud
479 2623 606 2666 habes,
632 2623 731 2666 quod
757 2622 802 2656 ad
829 2632 887 2655 me
910 2620 1102 2666 pertinere
1117 2619 1302 2664 videatur,
1328 2621 1418 2656 Was
1436 2620 1529 2655 mich
1541 2627 1641 2655 &onst

186 2669 282 2704 noch
306 2669 548 2706 interessiren
574 2670 682 2705 kann.
