1795 3043
565 0 876 38 ffl’ls'ruhA
913 0 1137 39 cumn.
1498 4 1563 50 99

104 102 292 158 perditas
321 102 512 144 civitates
542 105 584 143 et
612 103 798 156 perditas
828 104 1007 144 maxime
1037 118 1115 157 per
1151 106 1418 159 magistratus
1446 101 1558 160 suos,

104 174 190 201 non
219 161 341 214 potui
368 161 412 200 in
442 161 517 201 illo
548 163 715 213 sumptu
734 173 820 200 non
839 164 1077 202 necessario
1095 164 1312 216 negligens
1336 176 1440 206 esse.
1473 166 1552 215 Tu,

105 219 143 258 si
181 218 418 258 istiusmodi
455 231 666 257 sermones
705 218 756 257 ad
795 220 837 257 te
874 218 1005 259 delati
1036 220 1086 258 de
1116 233 1182 260 me
1213 225 1331 273 sunt,
1360 233 1453 261 vnou
1485 222 1554 262 de-

101 273 236 315 buisti
271 275 468 316 credere:
504 274 540 328 si
580 277 719 315 autem
757 275 838 315 hoc
879 287 1032 326 genere
1062 277 1308 330 delectaris,
1348 280 1413 330 ut,
1443 292 1552 329 qnae

102 331 183 372 tibi
214 332 257 371 in
287 334 470 371 mentem
499 333 683 380 veniant,
716 333 813 372 aliis
844 332 1071 383 attribuas,
1101 346 1230 385 genus
1259 336 1460 375 sermonis
1490 337 1552 376 in-

103 389 224 429 ducis
253 389 298 428 in
327 389 552 429 amicitiam
581 389 750 430 minime
779 388 972 430 liberale.
1032 389 1149 442 Ego,
1190 391 1226 430 si
1258 393 1301 431 in
1331 393 1552 444 provincia

101 445 153 486 de
183 448 256 486 tua
283 446 396 486 sama
424 446 646 486 detrahere
676 458 862 496 unquam
892 447 1163 499 cogitassem,
1192 460 1276 487 non
1306 450 1332 497 †
1350 462 1550 501 generum

99 504 218 543 tuum
246 502 445 543 libertum
473 503 688 542 Brundisii
716 515 853 554 neque
884 503 935 542 ad
967 505 1230 555 praefectum
1258 504 1420 545 fabi-am
1451 507 1549 547 Cor-

101 572 241 612 cyrae,
272 572 394 611 quem
422 560 467 599 in
497 561 636 600 locum
665 572 730 599 me
760 560 905 600 venire
936 562 1079 612 velles,
1109 562 1361 602 retulissem.
1406 563 1547 610 Quare

98 618 240 668 potes,
287 616 537 656 doctissimis
575 616 815 656 hominibus
854 617 1117 669 auctoribus,
1154 631 1331 669 quorum
1369 622 1465 660 sunt
1494 621 1546 660 de

98 673 289 714 amicitia
318 674 499 726 gerenda
528 673 866 724 praeclarissime
885 675 1035 726 scripti
1064 675 1182 722 libri,
1214 689 1343 728 genus
1373 677 1455 717 hoc
1486 680 1547 717 to-

97 732 185 770 tum
213 731 414 770 orationis
443 732 615 770 tollere:
647 731 973 783 „disputabant3
1007 743 1082 784 ego
1101 734 1249 772 contra
1265 733 1543 773 disserebam:

96 786 314 836 dicebant;
348 799 423 839 ego
455 787 699 840 negabanl.“
756 787 822 826 An
852 788 957 827 mihi
987 789 1037 828 de
1057 791 1098 828 te
1127 790 1235 829 niln'l
1266 802 1354 829 esse
1385 790 1544 830 dictum
1568 804 1596 845 6

93 857 278 895 unquam
307 844 459 896 putas?
490 858 545 884 ne
575 845 657 884 hoc
688 845 867 896 quidem,
899 845 1023 896 quod,
1053 858 1181 896 quum
1212 859 1278 886 me
1293 846 1545 888 Laodiceam

93 902 238 942 venire
268 902 484 949 voluisses,
517 903 702 942 Taurum
730 903 821 954 ipse
846 903 1063 942 transisti?
1097 903 1207 953 qnod
1229 903 1376 942 iisdem
1397 904 1544 945 diebus

91 971 208 998 meus
238 960 468 999 conventus
498 961 588 999 erat
619 958 850 1011 Apameae,
884 959 1113 1012 Synnadis,
1146 960 1414 1013 Philomelii,
1445 964 1544 1002 tuus

87 1083 286 1126 anlassung
311 1084 454 1127 wiirde,
480 1085 615 1127 gabef‘
662 1084 807 1129 Appius
833 1085 980 1117 mochte
1005 1083 1084 1117 sich
1110 1084 1169 1117 fiir
1194 1084 1264 1117 den
1290 1084 1414 1118 feinen
1441 1086 1546 1122 Vor-

87 1130 188 1163 wurf
209 1130 421 1164 bedanken!
471 1131 523 1163 Er
550 1137 684 1165 nannte
708 1131 886 1164 wirklich
912 1130 948 1163 in
975 1131 1100 1164 seiner
1120 1132 1294 1164 Antwort
1315 1131 1442 1165 diesen
1467 1131 1541 1166 und

88 1175 160 1209 den
200 1176 280 1210 244,
311 1176 422 1210 Brief
458 1177 587 1211 literas
628 1177 960 1219 stomachosiores,
1000 1188 1077 1210 was
1116 1177 1206 1211 aher
1239 1177 1372 1211 Cicero
1410 1177 1446 1211 in
1481 1189 1540 1223 ep.

89 1221 272 1257 CCLXV.
301 1223 362 1264 (ad
387 1223 558 1265 Dis-,HL
584 1225 655 1264 ll.)
682 1235 753 1256 von
781 1224 860 1256 sich
886 1223 1049 1256 ablehnt.
1079 1242 1121 1246 —
1146 1228 1179 1256 et
1205 1224 1352 1266 quidem
1374 1225 1542 1267 perdilas

87 1268 245 1300 maxime
266 1279 334 1311 per
358 1279 457 1310 vulg.
481 1279 577 1302 suos.
613 1270 746 1303 Cicero
774 1270 954 1302 iiberlfasst
982 1280 1021 1302 es
1046 1269 1128 1301 dem
1155 1270 1351 1303 Gewissen
1379 1270 1444 1303 des
1462 1271 1541 1314 Ap-

88 1313 194 1357 pius,
227 1314 291 1346 ihn
317 1324 363 1347 zu
391 1315 586 1356 erinnern,
619 1315 693 1348 wie
718 1315 807 1350 Viel
833 1326 874 1348 er
899 1316 1015 1348 selbst
1042 1315 1135 1347 dazu
1162 1315 1405 1359 beigetragen
1432 1317 1539 1350 habe.

88 1360 131 1392 In
158 1359 388 1393 denBriefen
415 1371 458 1392 an
474 1361 623 1394 Attikus
649 1362 738 1394 liisst
764 1361 868 1394 iener
893 1361 971 1393 sicli
996 1361 1093 1393 ohne
1110 1362 1415 1405 Zuriickhaltung
1440 1362 1541 1395 hier-

88 1406 181 1438 iiber
206 1417 281 1439 aus.
333 1406 371 1439 S.
399 1407 577 1448 CCVIII,
602 1408 634 1440 2.
663 1407 802 1448 CCIX,
830 1409 863 1441 6.
890 1407 1052 1441 CCLVI.
1081 1426 1123 1431 ——
1149 1408 1183 1440 si
1209 1409 1426 1442 istiusmodi.
1477 1408 1541 1443 Sic

88 1451 279 1495 supplevi:
312 1452 503 1485 dubitabat
537 1452 617 1486 scil.
647 1453 755 1485 etiam
788 1459 874 1485 tunc
900 1453 1071 1495 Tullius,
1108 1459 1229 1486 utrum
1261 1454 1324 1487 isti
1350 1465 1541 1488 sermones

88 1508 220 1542 reapse
244 1498 287 1530 ad
304 1498 466 1542 Appium
486 1498 598 1531 delati
619 1504 752 1541 essent,
778 1509 823 1531 an
850 1505 928 1531 tota
953 1510 1012 1531 res
1038 1499 1164 1542 potius
1190 1500 1234 1532 ab
1261 1500 1343 1543 ipso
1370 1500 1540 1544 conficta,

86 1555 160 1586 quo
186 1544 293 1586 queri
319 1544 365 1577 de
390 1544 562 1577 Ciceroni
594 1550 733 1588 posset.
785 1548 822 1576 tu
853 1545 1061 1577 istiusmodi
1084 1545 1162 1578 Md.
1200 1546 1393 1579 Facillime
1418 1553 1538 1579 autem

85 1590 120 1622 si
144 1590 289 1623 excidit
320 1596 477 1634 propter
503 1591 631 1624 literas
664 1601 768 1633 seqq.
794 1591 838 1623 is.
867 1610 884 1615 -
920 1591 973 1623 Tu
1006 1602 1111 1634 quum
1149 1592 1358 1625 istiusmodi
1383 1594 1478 1626 Cett.
1505 1592 1541 1626 si

85 1642 206 1669 autem
243 1636 446 1678 requiritur
479 1647 500 1668 a
530 1647 607 1679 seq.
633 1637 668 1669 si
692 1641 823 1677 autem,
852 1642 888 1669 et
912 1647 1027 1680 prava
1051 1637 1199 1671 omnino
1227 1644 1282 1671 est
1308 1639 1537 1672 constructio

85 1682 269 1725 vulgatae.
299 1682 491 1716 ORELLI.
524 1684 678 1715 WVarum
702 1684 737 1715 si
761 1687 891 1725 autem,
919 1682 1021 1716 nicht
1045 1684 1129 1716 sin?
1162 1684 1200 1717 S.
1227 1685 1374 1717 Ramsh.
1403 1686 1431 1727 ἕ.
1460 1686 1537 1720 190.

85 1728 192 1762 Anm.
218 1730 251 1762 3.
277 1748 322 1752 —
348 1729 414 1761 lzoc
436 1739 592 1771 genere,
627 1740 670 1761 an
706 1729 787 1762 dem
812 1729 1034 1764 Vert'ahren.
1061 1747 1106 1753 —-—
1138 1730 1278 1774 αἰῶ-ἰὰ,
1311 1731 1535 1764 aufbtirden.

84 1793 130 1800 ·—-
152 1784 267 1816 genus
289 1785 422 1808 serm...
450 1786 520 1807 uon
546 1775 709 1819 liberale,
737 1774 820 1808 eine
846 1776 917 1808 Art
941 1786 1013 1807 von
1033 1775 1319 1819 Umerhaltung,
1345 1776 1407 1809 die
1432 1777 1536 1810 eines

83 1820 364 1863 Freigebornen
399 1821 615 1864 umviirdig,
642 1821 677 1854 d.
704 1820 727 1854 i.
757 1821 891 1854 unedel
917 1821 975 1854 ist.
1024 1822 1110 1864 „Es
1142 1822 1292 1855 bezieht
1324 1822 1402 1856 sich
1436 1822 1536 1857 diess

83 1867 150 1899 auf
180 1867 250 1899 den
274 1866 395 1900 leider
421 1867 523 1900 nicht
553 1867 816 1900 vorliandenen
842 1867 952 1900 Bries
985 1866 1049 1901 des
1075 1868 1236 1912 Appius.
1262 1887 1307 1892 ——
1331 1868 1535 1911 detrahere,

84 1912 304 1946 schmalern.
330 1932 374 1937 —-
406 1913 614 1946 Brundisii.
666 1912 729 1947 Sic
768 1924 894 1946 mance
925 1913 1002 1947 Md.
1048 1913 1144 1947 Hinc
1177 1914 1303 1947 variae
1334 1915 1535 1959 supplendi

81 1958 246 1992 rationes
271 1958 383 1992 initae
409 1967 504 1992 sunt.
535 1959 729 1992 ORELLI.
756 1960 931 1992 Fortasse
957 1959 1029 1993 ista
1052 1960 1168 1993 verba
1193 1971 1263 1993 non
1289 1961 1336 1994 ad
1359 1972 1535 2002 generum

83 2008 182 2037 tuum
210 2005 340 2048 spuria
370 2012 465 2038 sunt.
526 2006 618 2039 Nam
651 2016 709 2049 ep.
746 2005 855 2040 CCV.
890 2011 1028 2038 tantum
1063 2006 1108 2039 de
1141 2007 1286 2040 Phania
1322 2007 1462 2040 liberto
1497 2013 1536 2040 et

83 2050 217 2084 Clodio
242 2051 432 2094 praesecto
458 2051 600 2084 fabrum
626 2057 810 2094 narratur,
834 2051 1053 2085 Ciceronem
1080 2062 1143 2086 eos
1169 2052 1436 2096 interrogasse,
1459 2063 1533 2096 quo

82 2096 165 2129 loeo
191 2097 337 2140 Appius
363 2108 402 2130 se
428 2097 627 2131 convenire
654 2098 778 2131 vellet.
807 2097 915 2131 SCII.
947 2098 1062 2132 Forte
1088 2099 1161 2142 leg.
1189 2110 1261 2132 non
1284 2109 1460 2140 generose
1485 2099 1534 2132 ad

83 2146 183 2175 tuum
208 2149 299 2186 cet.‚
334 2154 375 2176 so
401 2144 520 2177 wiird’
545 2144 605 2177 ich
630 2144 734 2177 nicht
763 2144 827 2176 auf
850 2144 933 2177 eine
963 2153 1004 2177 so
1032 2144 1116 2177 edle
1140 2146 1235 2188 A'rt,
1269 2146 1352 2179 dass
1378 2145 1439 2178 ich
1463 2145 1534 2178 mir

81 2188 153 2221 fast
176 2188 304 2222 Etwas
329 2190 482 2233 vergab,
508 2201 549 2223 so
575 2190 889 2224 zuvorkommend
914 2190 1062 2223 Deinen
1088 2191 1440 2234 Freigelassenen...
1466 2202 1534 2234 ge-

83 2235 180 2276 fragt
212 2235 349 2270 haben..
373 2254 415 2259 —
456 2236 549 2269 doct.
583 2236 616 2270 h.
651 2239 760 2278 auct„
791 2236 856 2269 mit
888 2236 1145 2280 Zustimmung
1178 2238 1245 2270 der
1277 2238 1532 2281 gelehrtesten

82 2279 250 2313 Manner.
276 2299 320 2304 —
342 2291 457 2322 genus
481 2282 547 2315 hoc
572 2286 684 2315 totum
704 2282 885 2315 orationis
909 2282 1049 2325 tollere,
1075 2283 1227 2316 solchen
1256 2290 1364 2316 unter
1390 2284 1533 2316 Freun-

81 2325 153 2358 den
179 2325 280 2359 nicht
304 2327 604 2361 wohllautenden
629 2329 825 2371 Formeln,
851 2328 925 2362 wie
951 2328 1054 2363 diese
1080 2329 1118 2362 in
1144 2330 1303 2363 Deinem
1327 2329 1456 2363 Briefe
1483 2339 1532 2362 an

81 2371 199 2404 mich:
226 2373 524 2416 „disputabant...
553 2375 757 2417 negabam“
784 2374 855 2407 den
874 2375 1065 2409 Abschied
1085 2376 1217 2418 geben.
1243 2386 1398 2418 genus...
1424 2378 1533 2417 orat„

82 2428 156 2459 quo
184 2429 269 2451 usus
295 2419 414 2452 fuerat
439 2420 582 2464 Appius
608 2422 689 2465 ipse
716 2420 752 2454 in
779 2420 939 2465 epistola
963 2432 1039 2455 sua.
1075 2422 1211 2455 Cicero
1234 2421 1351 2454 innuit
1368 2421 1533 2465 Appium

80 2473 155 2496 non
196 2463 366 2497 decuisse
398 2464 578 2500 eiusmodi
615 2467 849 2501 sermonibus
884 2478 992 2501 aures
1027 2468 1229 2512 praebere,
1265 2468 1380 2500 multo
1412 2466 1533 2500 minus

80 2520 161 2543 cum
187 2510 510 2553 famigeratoribus
536 2513 736 2557 disputare.
763 2512 870 2546 SCH.
901 2513 1032 2558 ‚,dz'sp.,
1056 2515 1110 2548 sie
1138 2514 1385 2557 behaupteten
1413 2523 1534 2556 gegen

80 2556 195 2598 mich3
234 2556 292 2589 ich
328 2562 569 2602 entgegnete3
603 2559 658 2593 sie
684 2560 960 2603 versicherten5
997 2561 1058 2594 ich
1082 2559 1293 2594 verneinte:
1329 2559 1428 2592 diess
1453 2558 1536 2593 sind

80 2601 142 2635 die
167 2602 351 2636 Formeln.

169 2649 202 2684 6.
226 2647 421 2694 Synnadis.
449 2647 513 2684 Sic
532 2648 631 2684 Crat.
660 2652 763 2689 Vict.
783 2653 864 2689 1.2.
889 2652 1023 2688 Lamb.
1044 2656 1115 2686 etc.
1142 2655 1321 2696 utsupra.
1347 2649 1541 2697 Synnadae

1179 2710 1236 2752 7.
