1795 3043
259 45 361 94 144
530 41 594 88 Μ.
630 42 686 87 Τ.
724 39 1066 88 CICERONIS
1100 38 1475 89 EPISTOLAE.

257 154 434 207 tissime,
461 154 600 195 socios
629 154 877 208 Bithyniae:
908 156 1038 206 teque
1068 165 1200 205 quum
1230 165 1324 195 mea
1353 153 1732 204 commendatione,

258 215 350 254 tum
379 213 508 252 etiam
547 213 621 252 tua
657 214 807 264 sponte
844 213 1041 253 intellexi
1081 223 1238 263 cupere
1268 211 1308 252 ei
1338 212 1534 253 societati
1561 211 1734 264 quibus-

259 281 430 320 cunque
459 270 591 310 rebus
619 281 761 322 posses
791 270 1080 319 eommodare3
1111 270 1277 321 tamen,
1308 281 1438 320 quum
1466 269 1523 322 ii,
1554 281 1734 320 quorum

257 340 328 368 res
359 327 520 379 agitur,
549 327 691 379 magni
720 341 795 367 sua
822 329 1031 368 interesse
1060 325 1373 366 arbitrarentur
1401 339 1468 367 me
1497 327 1626 367 etiam
1654 338 1735 379 per

258 386 410 425 literas
439 384 657 425 declarare
686 383 793 433 tibi,
825 398 909 437 qua
939 397 1072 425 essem
1103 396 1203 437 erga
1232 384 1346 436 ipsos
1375 385 1614 432 voluntate,
1646 395 1734 424 non

206 448 237 488 2
259 441 452 483 dubitavi
481 442 589 482 haec
618 442 671 482 ad
700 444 743 482 te
771 443 975 484 scribere.
1022 442 1128 481 Volo
1158 441 1273 481 enim
1304 442 1345 481 te
1375 442 1618 482 existimare
1647 452 1732 489 me,

257 512 389 551 quum
418 500 617 539 universo
647 499 788 539 ordini
817 499 1146 552 publicanorum
1170 510 1339 551 semper
1358 498 1642 539 libentissime
1659 497 1735 538 tri-

257 556 448 604 buerim,
489 556 617 608 idque
646 556 809 609 magnis
840 558 930 597 eius
960 556 1121 597 ordinis
1151 569 1250 609 erga
1287 568 1356 595 me
1394 557 1559 596 meritis
1589 557 1735 596 facere

257 613 499 664 debuerim,
540 616 630 653 tum
659 614 704 653 in
734 614 882 665 primis
922 614 1105 654 amicum
1135 626 1225 654 esse
1254 613 1356 654 huic
1386 613 1640 667 Bithynicae
1669 625 1734 653 so-

256 672 426 712 cietati:
459 683 567 723 quae
596 671 778 711 societas
801 671 962 719 ordine,
994 672 1087 724 ipso
1110 672 1329 711 hominum
1353 683 1522 724 genere,
1547 683 1646 722 pars
1668 669 1733 709 est

255 730 438 770 maxima
468 729 675 777 civitatis3
716 729 881 768 constat
921 728 1034 768 enim
1074 740 1126 768 ex
1162 729 1318 768 ceteris
1357 728 1653 768 societatibus:
1688 727 1732 766 et

257 799 361 827 casu
390 785 592 837 permulti
621 786 718 825 sunt
746 786 791 825 in
822 799 873 826 ea
902 786 1106 826 societate
1135 786 1258 827 valde
1278 785 1384 826 mihi
1404 786 1650 832 familiares,
1682 783 1731 824 in

255 843 494 896 primisque
525 842 575 890 is,
608 843 729 883 cuius
759 843 1038 896 praecipuum
1057 841 1244 883 officium
1270 844 1410 896 agitur
1428 844 1510 883 hoc
1526 845 1731 894 tempore,
1794 857 1795 887 l

255 902 307 953 P.
331 901 543 953 Rupilius,
575 900 625 942 P.
644 901 694 941 F.
715 900 928 949 Menenia,
962 901 1035 952 qui
1065 902 1127 941 est
1151 901 1350 953 magister
1369 901 1413 940 in
1437 913 1488 940 ea
1510 899 1731 940 societate.

205 976 232 1015 3
259 960 376 1007 Quae
406 970 536 1010 quum
564 957 626 998 ita
656 958 754 1005 sint,
785 959 828 998 in
859 957 1061 999 maiorem
1091 958 1263 997 modum
1294 972 1317 998 a
1348 959 1391 997 te
1408 959 1522 1009 peto,
1556 957 1630 997 Cn.
1649 956 1732 996 Pu-

251 1017 384 1070 pium,
416 1015 490 1067 qui
522 1016 584 1054 est
613 1015 657 1054 in
690 1016 831 1066 operis
860 1015 951 1055 eius
985 1016 1220 1068 societatis,
1249 1015 1443 1056 omnibus
1461 1014 1546 1054 tuis
1572 1012 1731 1054 officiis

252 1076 381 1125 atque
401 1073 516 1112 omni
538 1072 794 1112 liberalitate
813 1075 958 1113 tueare
981 1085 1205 1124 curesque,
1234 1074 1283 1112 ut
1302 1073 1392 1112 eius
1415 1069 1584 1125 operae,
1615 1069 1730 1122 quod

250 1131 333 1172 tibi
364 1131 494 1171 facile
527 1131 643 1170 sactu
673 1131 758 1181 est,
799 1143 927 1182 quam
956 1131 1221 1183 gratissimae
1250 1130 1334 1170 sint
1364 1130 1489 1170 sociis
1500 1144 1512 1179 ;
1551 1139 1730 1180 remque
1781 1181 1783 1185 ι

253 1191 298 1229 et
336 1188 566 1228 utilitatem
603 1187 838 1240 sociorum,
878 1210 937 1217 —
966 1188 1090 1228 cuius
1130 1188 1195 1229 rei
1237 1188 1439 1239 quantam
1478 1187 1731 1240 potestatem
1779 1221 1781 1238 ἒ

251 1321 439 1365 Ephesus.
474 1319 511 1354 S.
539 1331 596 1364 ep.
616 1319 865 1363 CCXXXVI,
885 1320 916 1353 l.
931 1338 975 1344 —
1000 1319 1121 1354 socios
1144 1319 1169 1354 i.
1196 1331 1229 1354 e.
1255 1318 1472 1354 societatem
1487 1317 1728 1364 Bithynicam

251 1375 426 1410 tanquam
453 1366 615 1411 speciem
641 1367 784 1400 ordinis
808 1366 1095 1412 publicanorum
1128 1372 1400 1401 commemorat.
1417 1385 1462 1391 -
1497 1365 1728 1399 commodare

251 1425 283 1448 c.
312 1414 385 1447 dat.
411 1413 611 1447 1‹›manden
643 1414 801 1458 gesallig
831 1414 934 1457 sein,
969 1414 1264 1458 Gesalligkeiten
1300 1413 1498 1448 erweisen.
1518 1432 1562 1438 —
1593 1412 1624 1446 ii
1649 1410 1727 1446 Md.

251 1461 352 1497 Vict.
363 1460 395 1494 2.
422 1459 474 1494 hi.
489 1479 533 1484 ——
559 1471 709 1504 quoram
734 1472 793 1493 res
812 1462 954 1503 agitur,
980 1461 1095 1494 deren
1115 1460 1235 1495 Sache
1260 1460 1352 1494 ietzt
1377 1459 1599 1494 verhandelt
1617 1457 1726 1492 wird.

343 1507 376 1540 2.
401 1517 554 1550 semper.
589 1506 653 1541 Sic
670 1507 748 1541 Md.
764 1507 882 1551 Neap.
906 1512 974 1541 cet.
999 1508 1153 1540 multum
1175 1519 1316 1551 semper
1332 1508 1460 1541 Lamb.
1481 1507 1617 1541 Graev.
1632 1505 1727 1539 Ern-

250 1552 317 1596 qui
341 1553 496 1586 multum
521 1554 578 1597 [].
609 1554 737 1587 OR.—
762 1554 956 1586 tribuerim
973 1554 1053 1587 scil.
1073 1554 1354 1587 commendandi
1375 1553 1558 1596 officium,
1584 1558 1625 1586 ut
1640 1551 1725 1585 libr.

249 1600 361 1643 XIII,
389 1611 448 1644 ep.
467 1601 521 1634 70.
547 1599 759 1634 vielleicht:
787 1600 862 1643 „da
879 1600 945 1633 der
965 1607 1166 1643 gesammte
1185 1600 1302 1635 Stand
1327 1601 1394 1634 der
1409 1600 1638 1635 Publicaner
1663 1597 1726 1632 bei

248 1646 321 1679 mir
336 1652 427 1679 stets
442 1647 531 1679 sehr
549 1647 706 1690 gelitten
724 1658 816 1688 war,
833 1646 894 1679 ich
910 1646 983 1679 ihm
1000 1647 1129 1681 immer
1148 1658 1193 1680 zu
1209 1648 1350 1681 Willen
1370 1658 1546 1691 gewesen
1563 1646 1641 1689 bin,
1659 1655 1727 1688 ge·
1769 1644 1771 1648 '

249 1693 432 1727 willtahrt
451 1693 558 1726 habe.
588 1693 677 1736 Vgl.
696 1693 767 1726 den
786 1693 876 1736 folg.
895 1693 960 1727 ΒΓ.
982 1694 1110 1735 §.5.—
1133 1695 1293 1736 magnis,
1318 1694 1444 1727 Lamb.
1466 1705 1537 1738 pro
1562 1691 1723 1734 magnis.

248 1738 286 1773 S.
308 1749 391 1772 zum
417 1739 539 1783 vorig.
557 1739 668 1773 Briet'
688 1740 716 1783 §.
735 1740 755 1772 2
780 1739 829 1772 im
846 1739 930 1773 Ans.
953 1759 989 1763 —
1015 1750 1162 1781 genere.
1189 1740 1252 1774 Sic
1278 1739 1435 1773 distinxi
1462 1751 1543 1773 cum
1570 1739 1670 1775 Vict.
1689 1740 1723 1772 1.
1766 1760 1768 1769 1

246 1785 377 1819 Lamb.
393 1785 535 1820 Bened.
558 1797 647 1830 quae
666 1797 738 1819 soc.
760 1789 793 1818 et
809 1787 938 1819 ordine
952 1786 1044 1830 ipso,
1062 1791 1093 1819 et
1112 1786 1294 1820 hominum
1311 1797 1458 1828 genere,
1480 1787 1605 1830 prima
1623 1789 1675 1819 est
1691 1788 1726 1818 et

246 1843 346 1865 ntum.
373 1832 442 1865 civ.
472 1831 558 1867 Sch.
587 1832 683 1866 coni.
710 1833 806 1867 Lun.
834 1833 963 1865 ordine
989 1833 1060 1867 del.
1088 1839 1242 1866 censent
1266 1833 1357 1867 Ern.
1385 1840 1421 1867 et
1446 1833 1543 1866 Rost
1568 1832 1671 1876 Spec.
1688 1834 1722 1865 1.

245 1889 283 1923 p.
303 1879 357 1912 17.
385 1878 450 1911 sed
485 1879 551 1913 cfr.
583 1880 651 1923 Ep.
678 1890 747 1922 seq.
777 1880 911 1919 (XIII,
930 1881 992 1921 10,
1010 1880 1065 1921 2):
1092 1891 1203 1913 causa
1237 1880 1438 1913 communis
1462 1879 1606 1913 ordinis
1629 1877 1725 1912 mihi

247 1925 608 1959 commendatissimi.
644 1925 842 1959 ORELLI.
867 1926 1107 1970 Bithynicam
1133 1926 1348 1960 societatem
1375 1937 1457 1960 esse
1481 1926 1529 1959 de
1552 1925 1724 1970 publica-

244 1971 327 2013 nis,
361 1971 425 2014 qui
458 1971 658 2015 vectigalia
682 1973 885 2017 Bithynica
915 1973 1195 2017 conduxerant,
1232 1972 1270 2006 in
1306 1978 1483 2017 promptu
1516 1978 1583 2007 est.
1614 1971 1722 2006 SCH.

245 2018 377 2051 ordine
402 2019 591 2062 equestri,
624 2019 713 2053 weil
740 2019 795 2052 sie
822 2019 903 2052 dem
929 2019 1188 2053 Ritterstande
1213 2020 1440 2063 angehoren.
1458 2039 1504 2044 —-
1537 2019 1723 2052 hominum

243 2074 399 2106 genere,
427 2065 515 2108 quia
539 2070 624 2099 sunt
678 2065 841 2110 rincipes
866 2072 903 2099 et
934 2065 1153 2111 amplissimi
1187 2066 1260 2099 viri
1293 2065 1330 2099 in
1363 2066 1516 2100 civitate
1540 2065 1723 2100 Romana.

245 2111 324 2144 Cfr.
353 2122 411 2155 ep.
440 2112 613 2156 praeced.
669 2140 676 2146 .
695 2113 729 2145 2.
755 2113 835 2146 sub.
863 2112 924 2147 fin.
945 2131 989 2136 —
1024 2116 1165 2146 constat
1189 2113 1285 2146 enim
1316 2123 1360 2145 ex
1384 2116 1449 2146 cet.
1482 2112 1606 2145 societ.
1634 2112 1658 2146 i.
1687 2122 1720 2146 e.

244 2156 284 2190 in
318 2167 362 2189 ea
387 2164 473 2191 sunt
499 2169 547 2192 ex
572 2159 743 2192 omnibus
770 2159 855 2193 aliis
887 2158 1130 2193 societatibus
1155 2158 1439 2203 publicanorum
1464 2159 1618 2203 aliquot.
1646 2157 1721 2192 vid.

242 2203 290 2237 ad
320 2203 452 2238 Famil.
478 2205 599 2249 XIII,
626 2207 679 2239 10.
716 2206 826 2239 Aliae
858 2206 1141 2249 publicanorum
1173 2205 1374 2239 societates
1407 2205 1588 2248 maiores,
1623 2204 1724 2238 aliae

240 2250 407 2284 minores
433 2251 551 2285 fuere.
600 2251 690 2287 Vid.
719 2253 823 2286 Orat.
851 2264 921 2297 pro
947 2252 1105 2286 Plancio
1131 2263 1162 2286 c.
1179 2254 1235 2286 13.
1258 2271 1301 2276 —
1338 2252 1442 2285 cuius
1467 2278 1475 2286 .
1492 2278 1500 2286 .
1530 2252 1660 2294 agitur
1683 2250 1718 2285 h.
1752 2283 1756 2286 ,

242 2300 291 2340 t.‚
325 2308 384 2330 um
410 2296 544 2331 dessen
576 2308 671 2341 ganz
697 2299 933 2333 besonderen
957 2298 1096 2332 Dienst
1120 2309 1159 2332 es
1184 2298 1267 2332 sich
1292 2298 1482 2332 dermalen
1507 2298 1660 2332 handelt
1685 2297 1720 2332 d.

240 2342 266 2377 i.
302 2342 436 2377 dessen
461 2344 601 2378 Dienst
632 2355 726 2388 ganz
754 2345 960 2379 besonders
985 2345 1130 2380 Deiner
1154 2345 1453 2389 Unterstiitzung
1478 2345 1553 2379 und
1577 2344 1722 2378 meiner
1750 2368 1751 2371 η

239 2389 497 2434 Empfehlung
523 2390 723 2424 bedarf.-—
758 2392 799 2426 P.
825 2392 997 2436 Rupilius
1022 2402 1085 2425 aus
1112 2391 1180 2425 der
1205 2391 1326 2425 tribus
1350 2391 1528 2426 Menenia
1550 2402 1632 2425 war
1656 2390 1722 2424 da-
1793 2426 1795 2434 χ

238 2436 426 2480 mahliger
443 2438 759 2481 Obervorsteher,
788 2439 1025 2478 Oberfactor,
1050 2437 1233 2472 Director
1258 2438 1326 2473 der
1348 2438 1622 2484 Bithynischen
1646 2437 1722 2472 Ge·
1746 2457 1750 2465 .
1793 2458 1795 2479 χ

239 2483 454 2527 sellsehaft,
480 2484 672 2526 magister.

330 2531 365 2564 3.
400 2530 440 2563 in
471 2532 560 2564 mai.
591 2531 709 2573 mod.,
743 2530 1103 2575 angelegentlichst,
1138 2530 1214 2564 wie
1245 2542 1303 2576 ep.
1321 2529 1580 2571 CCXXXVI,
1608 2531 1627 2563 1
1661 2540 1720 2564 am
1744 2548 1753 2565 z.

239 2574 359 2611 Ende.
408 2577 517 2611 Auch
542 2576 625 2611 hier
650 2577 781 2610 maior.
807 2577 847 2610 in
871 2578 969 2611 mod.
994 2577 1111 2621 Neap.
1136 2578 1223 2611 Asc.
1249 2577 1377 2613 Lamb.
1396 2596 1442 2602 -—
1468 2576 1719 2620 CmPupimn,
1742 2606 1744 2608 ,
1794 2587 1795 2610 ι

237 2621 312 2654 den
339 2622 533 2667 Agenten,
558 2624 806 2666 Buchhalter,
840 2624 903 2667 qui
934 2627 987 2657 est
1018 2624 1056 2657 in
1092 2624 1225 2667 operis.
1244 2642 1291 2650 —
1321 2628 1361 2657 ut
1385 2624 1430 2657 ei.
1457 2634 1512 2667 op.
1542 2648 1551 2656 .
1573 2649 1581 2657 .
1612 2626 1716 2665 grat.

238 2668 314 2701 sint
346 2670 480 2713 socies,
514 2671 597 2704 dass
629 2670 733 2704 seine
767 2669 928 2705 Dienste
962 2680 1031 2703 zur
1062 2670 1312 2713 moglichsten
1339 2666 1623 2704 Zusriedenheit
1649 2668 1719 2702 der

238 2714 493 2752 Gesellschat't
516 2713 699 2753 a'usfallen
723 2720 871 2763 mogen.
891 2736 933 2744 -
964 2717 1070 2752 cuius
1093 2717 1151 2751 rei
1175 2742 1184 2752 .
1202 2742 1209 2753 .
1227 2742 1236 2752 .
1263 2716 1412 2758 habeat,
1444 2715 1519 2753 wie
1543 2715 1631 2751 sehr
1655 2714 1717 2750 ein
