1795 3043
541 18 854 66 EPISTOLA
899 18 1100 70 CCXIX.
1479 23 1548 73 85

91 130 403 183 Cappadociam
441 131 672 174 arbitratus
708 145 812 173 sum.
880 133 986 173 Erat
1016 131 1127 172 enim
1157 141 1307 185 magna
1337 129 1539 185 suspicio,

87 188 283 237 Parthos,
315 190 350 229 si
380 203 431 230 ex
461 190 582 242 Syria
612 190 754 243 egredi
781 191 909 241 atque
937 190 1173 240 irrumpere
1201 189 1245 228 in
1276 200 1411 228 meam
1439 202 1535 240 pro-

85 245 270 285 vinciam
310 250 587 295 conarentur,
627 249 710 288 iter
746 259 817 287 eos
852 260 931 300 per
969 245 1300 299 Cappadociam,
1340 245 1452 296 quod
1481 259 1533 287 ea

85 303 266 343 maxime
303 306 487 355 pateret,
526 316 616 344 esse
653 306 857 346 facturos.
916 305 1063 356 Itaque
1102 316 1199 343 cum
1229 303 1420 344 exercitu
1448 315 1528 354 per
1550 301 1581 340 2

85 359 378 411 Cappadociae
407 363 567 413 partem
596 374 708 412 eam,
748 374 858 412 quae
888 373 984 402 cum
1017 360 1168 400 Cilicia
1199 361 1418 401 continens
1449 362 1526 408 est,

82 415 164 455 iter
193 417 277 456 feci
308 419 526 469 castraque
555 418 608 458 ad
630 418 833 471 Cybistra,
865 419 976 470 quod
1006 417 1207 470 oppidum
1239 420 1302 457 est
1331 417 1383 457 ad
1412 429 1529 457 mon-

80 474 167 512 tem
198 474 394 524 Taurum,
423 475 585 515 locavit
616 478 663 515 ut·
690 476 936 522 Artuasdes,
968 489 1044 516 rex
1072 475 1310 522 Armenius,
1341 485 1525 525 quocun-

81 541 163 579 que
194 531 333 570 animo
364 533 494 579 esset,
527 533 679 580 sciret,
712 545 795 572 non
826 534 977 584 procul
1008 547 1031 575 a
1061 532 1149 571 suis
1178 530 1333 570 finibus
1362 532 1524 571 exerci-

79 588 168 626 tum
196 589 343 639 populi
371 588 547 628 Romani
577 602 688 639 esse,
720 591 761 629 et
784 590 1046 636 Deiotarum,
1077 588 1363 629 fidelissimum
1382 600 1524 640 regem

79 645 203 694 atque
243 645 541 685 amicissimum
578 647 642 686 rei
681 647 880 699 publicae
917 649 1106 693 nostrae,
1138 647 1319 686 maxime
1349 645 1523 685 coniun-

77 701 167 740 tum
196 701 418 754 haberem,
459 704 579 742 cuius
610 709 651 743 et
688 705 867 744 consilio
898 706 940 744 et
979 703 1130 757 opibus
1160 702 1350 744 adiuvari
1381 704 1522 753 posset

78 770 144 797 res
174 758 359 809 publica.
401 760 491 807 Quo
517 773 644 811 quum
672 761 716 800 in
747 762 842 801 loco
873 763 1011 802 castra
1041 761 1239 801 haberem
1270 760 1521 811 equitatum·
1543 757 1570 796 3

76 826 156 864 que
183 815 228 854 in
261 815 453 856 Ciliciam
482 818 698 869 misissem,
730 820 776 857 ut
806 821 847 858 et
875 831 993 858 meus
1023 818 1226 859 adventus
1256 818 1310 858 iis
1340 816 1521 857 civitati-

87 871 181 918 bus,
222 884 331 922 quae
361 873 407 913 in
438 886 487 914 ca
518 877 638 926 parte
670 878 833 928 essent,
871 877 1089 916 nuntiatus
1120 874 1328 915 firmiores
1357 873 1518 914 animos

74 929 258 969 omnium
286 931 447 970 faceret
477 933 518 970 et
535 944 609 983 ego
633 934 811 981 mature,
843 933 945 984 quid
970 933 1166 986 ageretur
1184 932 1227 972 in
1252 931 1386 984 Syria,
1406 930 1517 969 scire

71 998 258 1037 possem:
297 988 460 1037 tempus
500 989 591 1028 eius
627 990 781 1036 tridui,
813 989 925 1040 quod
953 991 996 1030 in
1028 991 1081 1031 iis
1120 989 1272 1030 castris
1300 984 1513 1034 morabar,
1613 1010 1657 1022 ..-

71 1043 114 1081 in
162 1055 311 1095 magno
363 1044 506 1084 officio
554 1047 596 1085 et
644 1047 883 1086 necessario
922 1047 1029 1087 mihi
1066 1045 1308 1099 ponendum
1351 1043 1510 1098 putavi.

71 1100 206 1147 Quum
245 1100 356 1140 euim
383 1103 522 1141 vestra
553 1104 781 1143 auctoritas
819 1104 1148 1152 intercessisset,
1189 1105 1236 1143 ut
1266 1115 1340 1155 ego
1370 1113 1513 1154 regem
1537 1090 1564 1128 4

67 1154 396 1198 Ariobarzanem
434 1158 631 1199 Euseben
670 1162 711 1200 et
749 1161 1121 1202 Philorhomaeum
1160 1161 1302 1200 tuerer
1338 1158 1515 1210 eiusque

22 1333 30 1341 ,
65 1302 111 1336 Η.
132 1303 176 1336 N.
195 1302 241 1342 V,
259 1302 314 1335 27.
331 1321 375 1326 —-
399 1313 495 1346 susp.
521 1303 617 1336 denn
643 1315 683 1337 es
708 1304 902 1338 herrschte
928 1304 1016 1338 sehr
1040 1303 1143 1338 stark
1167 1302 1511 1345 dieVermuthung.

61 1366 107 1373 ——·
130 1348 303 1390 Parthos,
335 1359 403 1392 pro
438 1360 511 1391 quo
544 1350 674 1383 Parthi
704 1350 738 1383 si
763 1351 808 1384 de
833 1351 923 1385 Ern.
958 1361 1058 1394 susp.
1086 1349 1171 1384 Sch.
1197 1349 1290 1382 Liin.
1338 1347 1414 1382 Sed
1444 1348 1511 1382 cfr.

63 1394 243 1437 Heusing.
269 1401 306 1428 et
337 1395 450 1428 Beier
475 1396 522 1428 acl
548 1396 649 1438 Osftc.
688 1398 721 1439 1,
755 1397 782 1439 §.
808 1397 863 1431 32.
891 1397 1003 1431 Iacob
1029 1396 1077 1430 ad
1102 1396 1260 1430 Luciam*
1283 1395 1389 1429 Alex.
1415 1405 1453 1438 p.
1478 1396 1513 1428 7.

65 1441 261 1474 ORELLI.
287 1440 375 1483 Vgl.
402 1441 549 1474 Ramsh.
577 1443 606 1483 §.
634 1443 710 1484 158,
737 1443 771 1484 2,
797 1454 833 1485 g.
859 1454 919 1476 eos
944 1442 992 1477 ist
1016 1443 1094 1477 also
1118 1442 1222 1475 nicht
1246 1450 1293 1475 zu
1308 1439 1510 1483 streichen‚

61 1487 156 1520 noch
181 1486 335 1520 Parthos
359 1486 398 1519 in
421 1486 554 1522 Parthi
577 1498 622 1522 zu
648 1489 901 1522 verwandeln.

151 1533 183 1566 2.
231 1534 415 1566 continens
446 1538 499 1566 est
521 1545 568 1567 z:
591 1534 745 1568 Ciliciae
779 1535 937 1568 finitima
970 1539 1009 1568 et
1040 1533 1222 1578 proxima.
1245 1551 1288 1557 —
1324 1531 1507 1577 Cybistra.

64 1577 102 1613 S.
129 1590 188 1623 ep.
215 1579 466 1622 CCXIV,l.2.
483 1599 527 1604 -
552 1582 757 1614 Artaasdes
782 1580 818 1615 S.
846 1591 893 1614 zu
919 1591 977 1624 ep.
1005 1580 1160 1623 CCXII,
1188 1583 1219 1615 l.
1255 1579 1509 1621 CCXXVIII,

62 1625 94 1659 2.
120 1644 163 1649 -—
189 1636 286 1668 quoc.
313 1636 370 1658 [ιη.
398 1636 485 1668 ess„
515 1626 590 1659 wie
615 1637 656 1660 er
680 1628 774 1661 auch
798 1627 947 1670 gesiunt
972 1627 1051 1660 sein
1076 1627 1236 1660 mbchte.
1262 1644 1307 1650 —
1337 1625 1504 1659 Deiotar.

62 1670 99 1705 S.
126 1681 171 1704 zu
197 1682 251 1714 ep.
278 1671 408 1714 CCIX,
433 1673 466 1706 3.
492 1690 536 1696 —
562 1683 658 1706 masc.
685 1674 779 1708 com'.
806 1674 903 1714 hab„
931 1673 1005 1706 und
1030 1684 1089 1706 um
1115 1673 1178 1706 mit
1203 1673 1285 1706 dem
1310 1672 1437 1705 Deion.
1465 1671 1504 1704 in

60 1717 258 1760 mbglichst
298 1718 414 1750 naher
445 1718 694 1763 Verbindung
734 1730 778 1753 zu
816 1720 977 1753 bleiben.
1027 1719 1098 1761 „In
1134 1719 1205 1752 den
1237 1717 1405 1761 Kriegen
1438 1717 1504 1751 mit

60 1763 297 1797 mithridates
323 1764 425 1797 hatte
451 1764 575 1798 dieser
600 1771 728 1798 sammt
761 1765 843 1799 dem
876 1766 941 1799 mit
973 1765 1048 1799 ihm
1073 1764 1326 1798 verbiindeten
1352 1763 1506 1807 Kdnige

59 1819 131 1842 von
165 1809 364 1844 Armenien
398 1810 459 1843 die
498 1811 685 1846 διώ-1151611
716 1811 891 1848 Beweise
922 1822 996 1846 von
1026 1809 1343 1856 Anhauglichkeit
1368 1821 1414 1844 an
1439 1810 1504 1844 das

55 1855 161 1889 Rom.
186 1855 289 1891 Volk
312 1855 496 1899 gegeben.

146 1903 179 1936 3.
227 1902 436 1936 adventus...
473 1904 658 1936 nuntiatus
681 1914 727 1936 ιτ
750 1903 813 1938 die
845 1902 1213 1948 Benaehrichtigung
1243 1903 1310 1937 der
1336 1902 1505 1938 Stadte...

58 1957 130 1980 von
154 1946 294 1981 meiner
318 1949 494 1982 Ankunl't.
523 1949 558 1984 S.
586 1950 732 1983 Ramsh.
759 1953 877 1994 §.17l,
904 1951 974 1993 III,
1000 1952 1033 1984 2.
1058 1952 1142 1986 Not.
1154 1953 1185 1985 3.
1213 1950 1357 1984 Grotef.
1385 1949 1501 1992 §.322

58 1993 117 2026 iis.
144 1993 242 2028 vict.
269 1996 300 2028 1.
327 2002 456 2028 contra
480 1996 556 2030 Md.
584 1995 650 2029 his.
679 2015 723 2020 -—
748 2002 922 2038 ageretur
942 1998 982 2030 z'n
1006 1997 1116 2042 Syria
1140 2009 1187 2030 Ξ
1209 1997 1249 2029 in
1279 1997 1390 2040 Syria
1415 2006 1504 2037 age-

59 2043 160 2072 retur
183 2040 282 2074 Yict.
310 2042 356 2082 1.;
392 2048 428 2075 et
453 2054 500 2075 ex
526 2053 605 2075 mea
631 2043 755 2076 collat.
780 2044 856 2077 Md.
889 2044 972 2079 Non
1001 2051 1119 2077 tamen
1155 2043 1244 2076 satis
1270 2043 1317 2076 de
1342 2055 1387 2077 co
1412 2043 1504 2077 mihi

59 2092 201 2119 constat
226 2086 259 2120 h.
286 2087 308 2120 l.
337 2088 449 2129 (Bas,
480 2094 517 2120 ut
544 2090 625 2130 nos)
654 2089 850 2123 ORELLI.
878 2109 920 2114 —-
946 2091 1072 2123 tridui.
1099 2091 1170 2133 Ep.
1187 2090 1263 2123 241.
1292 2094 1375 2123 sunt
1401 2090 1505 2133 quin-

59 2142 124 2181 que
148 2131 247 2173 dies,
274 2132 360 2166 item
387 2145 444 2178 ep.
472 2135 549 2168 220.
575 2134 650 2169 Sed
669 2135 705 2167 in
730 2137 847 2168 tridui
871 2147 979 2170 error
1010 2136 1155 2170 scribae
1172 2147 1339 2170 essenon
1364 2135 1503 2180 potuit,

59 2187 95 2210 111
122 2188 271 2211 numero
298 2180 451 2222 quinque
475 2181 608 2224 potuit.
635 2182 869 2216 ERNESTI.
907 2183 1049 2226 Nempe
1075 2183 1105 2216 si
1132 2182 1307 2215 librarius
1332 2193 1402 2226 pro
1428 2182 1500 2216 111.

59 2223 240 2256 scriberet
255 2224 301 2258 V.
313 2226 421 2259 SCH.
438 2245 477 2252 —
495 2228 555 2260 iis.
583 2227 648 2261 Sic
662 2228 769 2271 (Md.)
790 2229 873 2262 Bas.
889 2228 988 2263 Vict.
1002 2229 1035 2262 2.
1057 2229 1114 2262 his
1125 2230 1220 2263 Cett.
1238 2229 1310 2262 OR.
1325 2232 1500 2272 tempus...

55 2270 209 2312 ponend.
225 2281 270 2302 =
294 2272 561 2315 collocandum,
586 2274 754 2317 „glaubt’
779 2275 852 2317 ich,
878 2274 939 2308 die
965 2274 1047 2308 drei
1071 2276 1210 2316 Tage...
1237 2277 1302 2308 auf
1322 2274 1383 2307 die
1401 2275 1499 2308 Aus-

59 2315 219 2357 subrung
251 2316 352 2349 eines
384 2319 585 2363 wichtigen
619 2320 691 2353 und
725 2321 956 2363 dringcnden
979 2322 1173 2356 Geschafts
1198 2321 1425 2355 verwenden
1449 2330 1496 2354 zu

58 2363 246 2394 mussenf‘
278 2362 402 2396 Ueber
426 2365 464 2398 in
490 2376 519 2398 c.
546 2366 658 2400 ablat.
684 2368 776 2400 nach
797 2378 932 2411 ponere
956 2377 983 2401 5.
1011 2368 1160 2401 Ramsh.
1187 2369 1304 2411 §.150,
1322 2368 1355 2409 2,
1374 2368 1430 2409 In,
1447 2368 1494 2409 a).

103 2408 136 2440 4.
155 2408 470 2444 intercessisset:
484 2422 593 2453 quum
608 2423 674 2445 vos
698 2413 787 2447 mihi
813 2413 1066 2456 mandassetis,
1087 2414 1133 2447 da
1148 2414 1208 2446 ihr
1223 2413 1293 2446 mir
1308 2413 1495 2446 auszutra-

13 2461 14 2464 ’
58 2463 126 2495 geu
146 2453 288 2487 beliebt
307 2455 432 2489 hauet.
446 2475 488 2480 —
505 2457 799 2493 Ariobarzanem
810 2459 1139 2504 lI.,Cappadociae
1158 2459 1493 2503 regomvidssrat.

58 2499 185 2532 Manil.
199 2500 235 2550 ¹2.
247 2502 278 2534 5.
298 2500 343 2533 ad
352 2501 481 2536 famil.
496 2503 581 2543 XV,
597 2505 628 2537 4.
648 2505 693 2538 ad
703 2505 816 2540 Attio.
836 2506 948 2548 V,20.
962 2506 1008 2538 de
1023 2505 1199 2541 Provinc.
1219 2506 1253 2539 5.
1270 2505 1494 2546 Strab.XlI,

57 2546 131 2579 815.
156 2546 231 2578 Dio
257 2548 358 2581 Cass.
383 2548 442 2590 41,
466 2550 521 2583 63.
544 2550 601 2591 42,
627 2551 681 2584 48.
709 2570 752 2577 —
782 2552 943 2586 Eusebem
968 2556 1001 2584 et
1023 2551 1359 2592 Philorhomaeum,
1393 2549 1495 2593 pium

59 2596 93 2623 et
119 2591 270 2625 amicum
295 2593 569 2637 Romanorum,
600 2596 763 2642 Εὐσεβήιι
796 2603 855 2633 καὶ
880 2599 1129 2644 Φιλορωμαῒοιν
1155 2608 1213 2641 ap.
1240 2596 1429 2631 Plutarch.
1456 2596 1494 2629 in

0 2637 17 2652 ⁵
58 2636 133 2671 vit.
169 2638 306 2673 Sullae.
355 2640 539 2682 „Graecis
565 2640 685 2675 literis
716 2644 806 2676 haec
831 2643 1004 2677 videntur
1029 2644 1262 2677 scribenda.“
1297 2642 1492 2676 ORELLI.

16 2684 19 2688 ’
59 2681 175 2718 'l'ituli
200 2684 257 2719 illi
288 2684 398 2721 etiam
423 2686 460 2721 iu
492 2686 611 2722 numis
635 2695 846 2724 occurrunt.
894 2689 1020 2725 Ueber
1051 2689 1113 2724 die
1137 2689 1310 2734 Bieguug
1334 2689 1495 2723 Euseben
