1795 3043
171 56 273 105 458
476 51 541 99 Μ.
579 50 649 101 Τ..
670 48 1012 97 CICERONIS
1047 49 1420 107 EPISTOLAE.

173 164 275 217 quid
305 165 461 218 ageret.
519 162 752 214 Nunquam¹
775 162 895 212 mihi⁴
907 163 1055 215 postea
1089 162 1277 215 ,placuit3
1328 176 1409 205 neo
1447 177 1635 220 unquam

174 223 292 265 aliud
329 224 373 264 in
409 221 493 261 alio
532 230 715 273 peccare
742 219 930 262 destitit.
990 219 1113 262 Nihil
1134 221 1321 262 interim
1357 222 1506 272 adme
1531 218 1636 277 scri-

174 281 299 333 bere,
342 279 451 319 nihil
486 277 579 318 nisi¹
610 279 752 331 fugam
781 277 982 331 cogitare.
1043 277 1152 327 Quid
1180 279 1382 330 quaeris?
1445 274 1566 322 Sicut
1593 283 1637 321 ἐν

174 342 258 380 τοῖς
285 339 488 385 ἐρωτικοῖς
526 335 1009 382 alienantimmundae,
1040 334 1250 389 insulsae,
1284 336 1532 380 indecorae:
1574 339 1637 381 sic

174 407 241 436 me
270 394 387 434 illius
414 395 540 447 fugae
568 393 938 447 negligentiaeque
969 392 1212 434 deformitas
1236 395 1392 435 avertit
1409 395 1462 435 ab
1481 406 1637 446 amore.

173 452 296 493 Nihil
325 450 437 491 enim
465 451 638 503 dignum
665 450 876 503 faciebat,
906 462 1038 502 quare
1068 450 1158 490 eius
1185 452 1312 503 fugae
1342 452 1538 492 comitem
1565 465 1635 493 me

172 510 458 562 adiungerem.
514 507 638 550 Nunc
677 508 854 561 emergit
891 520 1028 556 am0r3
1079 520 1196 547 nunc
1233 507 1485 549 desiderium
1519 510 1637 551 ferre

171 579 256 606 non
296 578 486 618 possum3
533 577 649 606 nunc
684 565 790 604 mihi
825 564 936 604 nihil
977 564 1101 616 libri,
1148 565 1258 605 nihil
1295 566 1468 618 literae,
1522 566 1635 607 nihil

171 624 362 664 doctrina
399 622 590 676 prodestt
641 620 701 662 ita
737 621 827 662 dies
865 620 922 660 et'
945 623 1115 674 noctes,
1158 624 1370 674 tamquam
1416 622 1506 664 avis
1539 623 1634 672 illa,

168 693 284 721 mare
313 680 562 732 prospecto,
591 680 761 721 evolare
791 677 935 730 cupio.
994 678 1086 730 Do,
1116 678 1356 730 dopoenas
1384 679 1635 722 temeritatis

167 749 298 779 meae.
355 738 449 778 Etsi
478 746 586 788 quae
613 736 698 777 fuit
725 736 802 776 illa
830 734 1075 776 temeritas?
1132 736 1236 786 quid
1263 737 1350 778 feci
1379 749 1464 779 non
1495 737 1632 778 consi·
1664 773 1669 776 t

167 794 462 836 deratissime?
522 793 567 834 St
596 793 709 834 enim
736 792 848 833 nihil
876 793 1048 844 praeter
1075 791 1218 845 fugam
1237 796 1537 847 quaereretur,
1566 795 1632 835 fu-

165 853 322 906 gissem
342 851 648 893 libentissime:
684 850 758 891 sed
788 862 918 903 genus
947 849 1053 890 belli
1082 849 1362 895 crudelissimi
1381 854 1423 892 et
1445 851 1634 904 maximi,

165 909 303 960 quod,
356 909 542 950 nondum
581 908 727 949 vident
762 907 985 958 homines,
1033 907 1159 958 quale
1195 908 1383 949 futurum
1413 908 1491 960 sit,
1537 921 1634 961 per-

163 966 330 1008 horrui.
379 967 495 1013 Quae
511 965 652 1006 minae
670 964 934 1016 municipiis!
973 976 1084 1015 quae
1096 965 1346 1005 nominatim
1365 965 1468 1005 viris
1482 964 1628 1006 bonis!

164 1035 273 1076 quae
303 1023 486 1075 denique
506 1023 714 1076 omnibus,
742 1022 816 1074 qui
829 1021 1145 1062 remansissent!
1176 1034 1302 1073 quam
1324 1021 1474 1062 crebro
1496 1022 1629 1063 illud:

113 1083 141 1123 3
167 1084 291 1122 Sulla
315 1085 478 1132 potuit,
508 1095 587 1135 ego
616 1094 702 1121 non
724 1082 911 1132 potero?
968 1078 1079 1118 Mihi
1109 1080 1249 1119 autem
1279 1080 1508 1120 haeserunt
1529 1080 1631 1121 illat

162 1139 274 1178 male
303 1137 585 1190 Tarquinius,
633 1136 707 1188 qui
732 1136 986 1187 Porsenam,
1034 1135 1108 1186 qui
1149 1136 1367 1176 Octavium
1394 1136 1632 1178 Mamilium

163 1196 313 1236 contra
349 1194 532 1247 patriam
544 1208 557 1242 3
613 1193 741 1244 impie
772 1193 1048 1244 Coriolanus,
1096 1193 1170 1243 qui
1209 1193 1413 1233 auxilium
1440 1193 1567 1245 petiit
1604 1207 1631 1234 a

161 1252 345 1300 Volscis3
403 1253 523 1290 recte
562 1249 893 1296 Themistocles,
944 1248 1019 1299 qui
1062 1249 1169 1288 mori
1208 1249 1359 1289 maluit
1370 1263 1383 1299 5
1439 1250 1630 1291 nefarius

161 1351 267 1376 nuar.
287 1358 336 1366 -·
381 1339 468 1384 quid
492 1349 580 1380 ag.‚
615 1338 746 1372 womit
771 1349 813 1371 er
837 1336 1002 1380 umging.
1029 1355 1071 1360 —
1121 1337 1225 1370 aliud
1248 1340 1288 1370 in
1314 1338 1420 1379 (Ern.
1446 1349 1546 1383 susp.
1571 1342 1631 1383 ex)

161 1388 369 1432 aliopecc.‚
396 1385 481 1419 bald
507 1384 637 1419 diesen
663 1384 751 1418 bald
769 1384 880 1417 ienen
901 1384 1040 1416 Fehler
1064 1381 1101 1416 in
1123 1383 1209 1416 bald
1237 1383 1380 1419 diesem
1405 1385 1492 1419 bald
1507 1386 1629 1420 ienem

159 1435 307 1469 Puncte
320 1443 365 1467 zu
380 1432 546 1474 machem
562 1431 627 1465 mit
644 1430 885 1465 ez=Fehler
894 1429 1104 1463 aufFehler
1118 1439 1162 1463 zu
1178 1431 1344 1464 macheu.
1357 1449 1400 1456 —
1424 1432 1585 1465 scribere
1600 1457 1631 1468 ..

159 1483 328 1522 cogitare
353 1478 437 1514 sind
462 1478 596 1512 infinit.
622 1476 756 1515 histos.
796 1475 835 1511 S.
859 1476 1011 1510 Ramsh.
1037 1478 1065 1520 §.
1084 1477 1169 1520 168,
1193 1476 1228 1510 5.
1268 1477 1413 1511 Grotef.
1441 1479 1470 1523 §.
1487 1480 1566 1513 170.
1582 1495 1631 1505 --

160 1529 204 1564 ἐν
234 1532 330 1566 τοῖς
363 1528 625 1573 ἐρωτικοῖς,
667 1523 706 1558 in
736 1522 946 1566 amoribus,
985 1523 1023 1556 in
1048 1523 1338 1558 Liebessachen.
1372 1542 1417 1548 —
1465 1524 1629 1558 alienant

159 1573 359 1615 mulieres,
389 1571 518 1605 solche
543 1569 703 1604 Weiber
727 1570 801 1602 alle
824 1569 918 1602 Lust
943 1569 1160 1603 benehmen.
1187 1588 1231 1594 —
1278 1571 1490 1614 indecorae,
1528 1572 1628 1605 ohne

160 1619 350 1661 Anstand,
390 1618 511 1652 denen
542 1616 674 1651 Nichts
705 1615 863 1649 kleidet.
898 1634 946 1639 --
991 1615 1036 1647 ab
1061 1625 1185 1648 amore
1217 1615 1297 1649 eius
1328 1616 1353 1650 i.
1381 1628 1413 1651 e.
1437 1617 1626 1662 Pompeii.

159 1666 250 1709 vgl.
292 1676 351 1710 ep.
380 1665 469 1708 347,
510 1664 544 1697 4.
578 1664 613 1696 5.
658 1662 732 1695 und
774 1662 865 1703 346,
905 1660 940 1694 2.
985 1679 1028 1685 -
1087 1662 1309 1696 desiderium
1347 1663 1537 1708 Pompeii.
1581 1683 1627 1690 —-

159 1713 351 1753 doctrina,
390 1712 526 1756 σοφία,
571 1709 632 1742 die
663 1706 931 1751 Philosophie3
977 1705 1053 1740 wie
1084 1708 1210 1741 doctus
1240 1719 1286 1741 =
1317 1709 1456 1754 σοφός,
1499 1709 1627 1754 philo-

159 1760 313 1803 sophus.
348 1776 393 1782 —-
441 1756 522 1790 avis
545 1755 615 1790 illa
647 1755 729 1789 scil.
763 1753 862 1799 apud
886 1753 1082 1787 Platonem
1107 1765 1164 1798 ep.
1183 1755 1243 1796 9.‚
1282 1754 1346 1788 ubi
1377 1766 1419 1789 se
1451 1754 1543 1789 dicit
1568 1756 1626 1790 in-

158 1806 303 1839 clusum
330 1802 448 1837 hortis
473 1803 577 1836 velut
591 1812 703 1846 cavea
725 1800 948 1845 prospicere
974 1806 1083 1833 extra
1107 1806 1144 1833 et
1168 1800 1320 1834 avolare
1341 1811 1493 1845 cupere.
1531 1802 1627 1837 Nam

158 1852 229 1886 illa
268 1862 349 1884 cum
381 1849 498 1882 Bosio
537 1848 754 1892 intelligere
792 1845 1061 1880 adverbialiter
1096 1857 1167 1890 pro
1200 1846 1292 1880 illuc
1324 1857 1398 1880 non
1433 1846 1626 1892 patiuntur

159 1903 285 1933 cetera
310 1907 411 1930 mare
467 1896 614 1929 evolare
638 1894 757 1938 cupio.
786 1892 1021 1928 ERNESTI.
1072 1891 1124 1928 So
1149 1891 1300 1927 schrieb
1324 1893 1433 1927 Plato
1459 1904 1525 1929 aus
1550 1896 1626 1930 sei-

159 1955 241 1978 nem
273 1921 530 1977 Gartenhause
562 1952 618 1975 am
647 1942 778 1976 Meere
809 1950 856 1973 zu
882 1938 1075 1991 Syralfus,
1117 1950 1177 1973 wo
1211 1939 1278 1991 ihu
1310 1939 1522 1986 Dionysius
1556 1941 1627 1976 der

159 1991 338 2034 iungere,
374 1988 462 2021 weil
489 1988 595 2022 iener
620 1997 667 2021 zu
691 1988 815 2021 Athen
841 1986 941 2019 inter
964 1986 1078 2019 silvas
1101 1984 1281 2020 Academi
1305 1986 1381 2020 und
1406 1986 1456 2020 im
1483 1987 1626 2022 Garten

159 2046 204 2071 zu
230 2037 339 2070 leben
365 2035 545 2078 gewohnt
567 2045 671 2078 war,
715 2033 783 2066 der
814 2032 1039 2076 T'auschung
1069 2032 1204 2066 halben
1235 2033 1399 2067 wolmen
1436 2033 1528 2067 aber
1559 2045 1626 2069 aus

157 2083 320 2123 Furem,
369 2081 454 2114 dass
488 2093 530 2114 er
562 2080 637 2114 ihm
675 2079 906 2114 entwischen
935 2080 1103 2122 mochte,
1142 2078 1269 2112 scharf
1289 2079 1494 2114 bewachen
1519 2079 1625 2124 liess,

157 2140 203 2163 an
236 2128 298 2162 die
330 2127 504 2160 Freunde
536 2126 658 2161 Dions
688 2126 724 2160 in
756 2128 894 2160 Athen.
942 2125 1082 2167 „Forte
1112 2126 1380 2168 λαλαγεῦσα
1410 2125 1494 2160 illa.
1543 2126 1622 2162 cfr,

157 2176 199 2210 L.
224 2176 268 2217 9,
300 2174 371 2218 Ep.
399 2174 443 2207 19
475 2180 514 2208 et
545 2174 587 2208 L.
615 2175 674 2215 10,
707 2172 779 2217 Ep.
805 2173 839 2206 2.
879 2171 1098 2206 ORELLI.”
1129 2189 1173 2196 —
1219 2170 1302 2204 Etsi
1330 2181 1378 2204 =
1410 2171 1485 2204 und
1510 2171 1621 2216 doch,

156 2220 399 2266 gleichwohl.
426 2238 471 2244 —-
519 2220 617 2254 Quae
640 2219 761 2253 minae
783 2218 1019 2262 municipiis!
1061 2216 1136 2251 wie
1166 2215 1264 2250 wird
1290 2215 1362 2249 den
1386 2216 1623 2262 Municipien

157 2267 337 2312 gedroht!
375 2265 415 2300 S.
443 2277 502 2310 ep.
517 2267 604 2309 340,
630 2267 665 2300 2.
706 2267 798 2305 334,
823 2267 857 2300 4.
897 2267 985 2307 337,
1010 2264 1045 2297 2.
1084 2263 1172 2305 339,
1198 2263 1232 2296 2.
1276 2262 1367 2305 346,
1392 2265 1425 2298 3.
1471 2264 1558 2304 344,
1585 2266 1620 2300 2.

156 2308 201 2340 -ss
233 2313 328 2347 viris
352 2312 476 2345 bonis!
523 2312 563 2348 S.
590 2324 650 2357 ep.
670 2314 760 2357 350,
785 2315 818 2349 2.
852 2312 940 2355 348,
968 2313 1001 2345 7.
1027 2329 1070 2334 -
1116 2309 1235 2343 Sulla.
1283 2310 1376 2352 Vgl.
1403 2321 1463 2355 ep.
1481 2311 1573 2354 334,
1598 2312 1622 2345 2

157 2359 304 2395 Sullani
329 2357 437 2403 regni
469 2359 543 2392 und
576 2361 665 2403 348,
698 2361 734 2395 3.
766 2360 800 2393 4.
847 2357 900 2393 So
930 2357 1041 2392 sollte
1065 2355 1272 2400 Pompeius
1305 2356 1359 2389 oft
1383 2358 1621 2401 gesprochen

156 2406 289 2488 habe&
312 2451 502 2485 haeserunt
532 2450 623 2494 illa,
663 2449 727 2485 bei
760 2449 832 2484 mir
864 2449 1049 2489 hafteten‚
1088 2446 1159 2481 mir
1190 2447 1408 2483 schwebten
1441 2449 1618 2494 folgende

155 2498 390 2533 Thatsachen
423 2509 504 2532 vor.
540 2516 584 2523 -—
631 2498 726 2530 male
761 2496 850 2540 egit.
885 2514 928 2521 -—
979 2494 1168 2528 octavium
1190 2494 1406 2529 Mamilium
1437 2496 1617 2530 Tuscula-

156 2556 263 2588 num,
297 2545 342 2579 ad
369 2556 504 2589 quem,
539 2554 715 2589 generum
746 2553 870 2586 suum,
913 2540 1142 2583 Tarquinius
1176 2539 1370 2584 Superbus
1406 2543 1615 2577 exsulatum

156 2591 288 2626 abiit..
321 2591 392 2625 Ille
425 2590 584 2625 concitat
619 2589 771 2634 triginta
801 2588 965 2632 populos
1001 2587 1180 2621 adversus
1213 2587 1423 2628 Romanos,
1472 2588 1537 2622 sed
1577 2588 1614 2622 in

157 2648 281 2682 pugna
312 2637 359 2671 ad
389 2638 582 2681 Regillum
612 2637 731 2670 lacum
763 2636 994 2668 vulneratur.
1051 2633 1139 2668 Vid.
1169 2632 1253 2667 Liv.
1285 2633 1325 2677 Ι,
1355 2636 1411 2669 49.
1466 2634 1525 2677 Π,
1558 2636 1613 2671 15.

156 2684 211 2718 18.
238 2685 293 2718 19.
319 2703 363 2709 —
411 2688 537 2718 contra
558 2684 720 2728 patriam
757 2680 949 2715 excitavit.
975 2698 1020 2704 —-
1069 2679 1300 2713 Coriolanus.
1344 2680 1437 2717 vid.
1461 2680 1543 2714 Liv.
1561 2681 1612 2723 ΙΙ,

155 2731 212 2765 83.
237 2731 297 2765 34.
319 2730 377 2765 35.
402 2733 458 2766 37.
485 2732 541 2767 39.
566 2731 619 2765 40.
646 2749 689 2755 —
736 2728 887 2769 maluit,
920 2738 1028 2770 quam
1053 2737 1132 2760 cum
1158 2737 1248 2770 rege
1261 2727 1464 2763 Persarum
1483 2733 1612 2762 contra
