1795 3043
209 35 310 82 182
466 31 530 77 Μ.
568 32 623 77 Τ-
661 30 1004 79 CICERONIS
1038 29 1408 80 EPISTOLAE.

210 143 343 195 quille
373 157 397 184 a
416 144 598 184 Parthis,
633 144 848 198 Quintilis,
877 147 912 187 si
935 146 1031 199 erit,
1060 148 1108 187 ut
1127 147 1333 195 volumus,
1366 147 1410 187 in
1429 146 1584 188 itinere
1611 147 1675 187 est

211 212 289 253 per
327 201 590 253 provinciam
625 201 899 243 redeuntibus
938 204 1256 244 consumendus.
1327 203 1525 245 Venimus
1562 205 1676 244 enim

212 258 259 298 in
290 259 568 310 provinciam,
598 258 864 310 Laodiceam,
894 261 1086 313 Sulpicio
1117 263 1160 301 et
1177 261 1383 302 Marcello
1415 261 1673 309 consulibus,

213 315 353 369 pridie
394 316 488 355 Kal.
516 315 710 356 Sextiles.
780 318 884 358 Inde
924 331 999 358 nos
1037 320 1203 370 oportet
1243 318 1448 359 decedere
1484 332 1519 359 a.
1551 319 1589 359 d.
1613 330 1674 360 IV.

212 372 311 413 Kal.
333 372 449 414 Sext.
496 373 685 413 Primum
714 375 965 415 contendam
996 376 1193 424 aQuinto
1222 377 1378 428 fratre,
1407 377 1453 415 ut
1482 388 1527 416 se
1555 387 1677 428 prae-

213 426 286 468 fici
316 429 524 480 patiatur:
565 431 677 482 quod
708 433 749 471 et
776 433 853 472 illo
885 434 926 472 et
955 446 1022 473 me
1051 433 1299 473 invitissimo
1329 432 1418 473 fiet.
1478 433 1561 473 Sed
1599 432 1677 473 ali-

214 486 280 524 ter
296 486 471 526 honeste
491 486 584 527 fieri
606 501 691 528 non
710 491 862 541 potest,
883 491 1133 544 praesertim
1154 502 1282 541 quum
1302 491 1440 531 virum
1458 490 1676 541 optimum,

214 541 498 594 Pomptinum,
527 557 581 584 ne
611 558 724 586 nunc
756 547 926 597 quidem
954 549 1139 588 retinere
1170 549 1339 600 possim.
1410 547 1537 600 Rapit
1567 546 1679 586 enim

135 596 190 636 10
214 598 426 640 hominem
446 602 686 642 Postumius
705 603 893 652 Romam,
924 605 1097 645 sortasse
1118 606 1244 644 etiam
1264 606 1493 647 Postumia.
1534 602 1679 644 Habes

215 657 394 698 consilia
421 661 579 701 nostra.
637 659 760 700 Nunc
803 673 1008 713 cognosce
1036 662 1088 701 de
1118 663 1261 702 Bruto.
1318 663 1568 702 Familiares
1606 661 1680 701 ha-

214 712 287 752 bet
316 715 471 755 Brutus
501 717 597 755 tuus
626 717 826 767 quosdam
858 718 1087 758 creditores
1104 719 1433 759 Salaminiorum
1452 733 1503 760 ex
1523 719 1676 772 Cypro,

213 770 273 811 M.
288 771 505 824 Scaptium
536 775 577 812 et
606 773 651 812 P.
670 774 917 825 Matinium,
949 788 1052 828 quos
1081 777 1185 816 mihi
1205 777 1407 817 maiorem
1436 778 1481 817 in
1511 775 1681 817 modum

215 829 536 872 commendavit.
578 831 803 871 Matinium
822 844 905 871 non
930 833 1042 874 novi.
1097 834 1292 886 Scaptius
1314 834 1365 874 ad
1383 846 1449 873 me
1469 835 1513 874 in
1539 834 1679 874 castra

215 885 343 924 venit.
402 887 625 927 Pollicitus
656 902 745 928 sum
776 891 1021 930 curaturum
1051 903 1118 930 me
1140 892 1260 931 Bruti
1292 903 1439 939 causa,
1469 893 1518 930 ut
1548 891 1588 930 ei
1607 890 1680 930 Sa·

214 942 379 982 laminii
415 946 641 996 pecuniam
690 947 917 988 solverent.
984 949 1084 1001 Egit
1129 949 1295 1000 gratias.
1363 948 1683 988 Praefecturam

213 999 378 1050 petivit.
449 1001 608 1054 Negavi
646 1015 712 1043 me
753 1004 950 1055 cuiquam
989 1005 1222 1057 negotianti
1253 1006 1375 1054 dare,
1416 1004 1531 1056 quod
1569 1003 1683 1044 idem

213 1056 294 1095 tibi
325 1058 597 1099 ostenderam.
660 1060 734 1103 Cn.
754 1061 955 1112 Pompeio
995 1063 1157 1114 petenti
1188 1062 1411 1114 probaram
1441 1061 1683 1101 institutum

215 1125 376 1155 mcum:
418 1116 519 1167 quid
550 1116 719 1159 dicam?
768 1119 1005 1170 Torquato,
1045 1119 1096 1159 de
1124 1119 1185 1161 M.
1208 1119 1365 1159 Laenio
1396 1118 1499 1159 tuo?
1536 1119 1682 1158 multis

214 1225 343 1258 liciam
376 1227 587 1271 proficisci,
621 1229 747 1263 redire
784 1230 981 1274 cogito.-—
1024 1231 1059 1263 si
1090 1230 1181 1273 erit,
1213 1234 1251 1263 ut
1284 1230 1381 1272 vol„
1414 1231 1553 1263 wenn's
1586 1229 1682 1263 nach

213 1272 370 1305 meinem
397 1275 588 1308 Wunsehe
612 1276 720 1321 geht3
745 1287 854 1310 wenn
881 1275 951 1310 mir
975 1276 1070 1309 mein
1096 1276 1317 1310 Dienstiahr
1342 1275 1443 1308 nicht
1467 1276 1683 1318 'verlangert

214 1317 324 1351 wird.
343 1337 388 1343 -—
422 1319 644 1354 Laodiceam
671 1347 679 1355 .
699 1348 706 1356 .
728 1323 827 1366 prid.
853 1323 943 1356 Kal.
966 1322 1085 1366 Sext„
1111 1333 1166 1355 am
1191 1323 1329 1357 31.1u1.
1358 1321 1432 1356 wie
1458 1322 1681 1366 ep.CCV11‚

214 1366 247 1398 1.
276 1375 308 1398 v.
326 1364 550 1400 Laodiceam
575 1374 784 1412 suspectum
811 1369 900 1403 Ern.
927 1368 1013 1404 Sch.
1030 1388 1075 1393 —
1108 1380 1143 1403 a.
1160 1369 1194 1402 d.
1216 1382 1270 1403 ιν.
1286 1368 1377 1402 Καί.
1396 1367 1515 1408 Sext„
1549 1378 1605 1401 am
1622 1368 1679 1402 29.

214 1410 286 1445 Iul.
321 1411 492 1446 Manutio
518 1414 659 1458 placuit
683 1428 752 1449 ιιι.
778 1416 869 1450 Καί.
897 1415 996 1449 Sext.
1023 1418 1094 1458 (am
1118 1417 1174 1452 30.
1194 1415 1302 1457 Ιιι1.),
1330 1422 1368 1448 ut
1394 1424 1509 1447 annus
1535 1414 1683 1458 integer

214 1456 275 1492 sit.
309 1457 427 1492 Recte
458 1466 568 1503 put03
603 1460 731 1506 sicque
764 1468 819 1495 est
844 1462 925 1495 Lib.
946 1463 977 1496 6.
1003 1462 1071 1505 Ep.
1092 1462 1124 1495 2.
1150 1462 1177 1504 §.
1194 1462 1215 1496 6
1236 1466 1269 1495 et
1283 1463 1317 1503 3,
1343 1463 1370 1505 §.
1386 1463 1419 1496 l.
1445 1461 1619 1504 (CCLVI
1644 1465 1683 1495 et

214 1503 435 1547 CCLXIV).
472 1506 667 1541 ORELLI.
710 1509 881 1542 decedere
913 1508 960 1541 de
992 1508 1209 1552 provincia,
1246 1507 1390 1541 wieder
1420 1506 1614 1541 abziehen.
1637 1525 1682 1532 —

215 1554 254 1584 ut
277 1561 315 1583 se
337 1553 490 1594 praefici
508 1553 689 1596 patiatur,
715 1554 799 1588 dass
825 1565 866 1587 er
891 1554 945 1587 als
970 1554 1067 1587 mein
1085 1554 1371 1588 Stellvertreter
1396 1553 1681 1588 zuruckbleibe.

213 1615 258 1622 -—
293 1597 371 1631 illo.
396 1598 487 1632 Ern.
514 1610 615 1644 susp.
641 1601 732 1644 ipso.
749 1619 794 1626 —
829 1599 991 1643 honeste,
1017 1600 1104 1644 quia
1129 1600 1241 1634 alium
1267 1611 1340 1633 non
1367 1600 1547 1644 habebat,
1572 1611 1683 1643 quem

213 1649 296 1676 tuto
312 1645 519 1688 praeficere
535 1653 675 1690 posset,
702 1658 813 1689 quum
830 1648 868 1681 C.
885 1647 1106 1690 Pomptinus
1130 1647 1262 1681 nollet.
1289 1646 1523 1680 ERNESTI.
1556 1646 1685 1680 Ueber

214 1688 343 1723 diesen
369 1691 539 1735 Legaten·
570 1703 598 1727 s.
627 1704 684 1737 ep.
702 1693 1043 1736 CCXXXVIII,8.
1079 1693 1188 1728 Catil.
1206 1693 1277 1735 ΙΙΙ,
1294 1693 1328 1726 2.
1355 1693 1476 1727 Flacc.
1505 1703 1536 1725 c.
1550 1693 1607 1726 40.
1634 1692 1682 1726 de

213 1735 393 1771 Provinc.
420 1739 571 1772 Consul.
594 1741 646 1773 13.
674 1739 751 1772 Dio
768 1740 972 1775 XXXVII.
999 1740 1186 1774 XXXIX.
1214 1740 1259 1773 ad
1275 1738 1386 1773 Attic.
1405 1740 1478 1782 IV,
1497 1740 1550 1772 16.
1577 1739 1621 1772 ad
1635 1739 1679 1774 Q.

212 1783 335 1817 Fratr.
354 1784 475 1828 111‚4.
503 1785 548 1818 ad
566 1785 717 1820 Divers.
739 1786 789 1829 ΙΙ,
807 1788 860 1820 15.
888 1786 958 1827 ΙΙΙ,
975 1788 1008 1821 3.
1036 1797 1168 1821 u.s.w.
1202 1787 1257 1820 Er
1281 1785 1377 1819 wird
1404 1785 1496 1818 auch
1521 1785 1685 1829 Pompti-

213 1831 298 1863 m'us
322 1831 581 1874 geschrieben.
615 1831 654 1868 S.
670 1832 781 1876 Pigh.
807 1833 852 1867 ad
870 1833 913 1867 A.
933 1835 1011 1867 690.
1040 1833 1176 1867 Graev.
1203 1833 1248 1866 ad
1265 1832 1378 1867 Attic.
1397 1832 1471 1874 IV,
1486 1832 1539 1865 16.
1567 1832 1684 1865 Corte

213 1876 261 1910 ad
287 1876 440 1913 Sallust.
468 1878 647 1913 Catil.45.
665 1897 710 1904 —
742 1880 875 1924 Rapit,
907 1890 948 1912 so
974 1880 1190 1923 gewaltsam
1215 1879 1316 1912 zieht
1341 1878 1405 1912 ihu
1430 1877 1508 1911 sein
1531 1877 1684 1911 Freund

211 1923 431 1958 Postumius
456 1925 576 1968 (einer
601 1936 673 1958 von
699 1926 831 1960 Casars
856 1926 1100 1968 Vertrauten)
1126 1926 1217 1959 nach
1242 1926 1350 1959 Rom.
1401 1925 1527 1958 Ueber
1552 1924 1682 1957 diesen

213 1979 242 2003 S.
268 1969 314 2002 ad
339 1971 452 2005 Attic.
480 1971 549 2013 Vl,
570 1972 622 2006 12.
649 1972 737 2014 XV,
757 1973 790 2006 2.
813 1992 855 1998 —-
893 1972 1096 2015 Postumia,
1124 1971 1249 2006 Servii
1272 1970 1431 2015 Sulpicii
1458 1981 1566 2004 uxor.
1593 1970 1682 2005 Vid.

211 2015 260 2050 ad
283 2016 415 2051 Famit.
437 2018 508 2060 IV,
524 2018 557 2051 2.
584 2018 628 2051 ad
655 2018 772 2056 Attic.
789 2019 840 2062 V,
860 2018 913 2053 20.
941 2019 1031 2061 XII,
1053 2020 1107 2052 ll.
1134 2018 1287 2053 Sueton.
1314 2017 1384 2051 Iul.
1413 2017 1516 2051 Caes.
1544 2028 1575 2050 e.
1592 2016 1648 2050 50.

305 2064 358 2097 10.
395 2064 438 2098 de
462 2065 581 2099 Bruto
608 2064 643 2098 d.
663 2064 686 2099 i.
718 2065 791 2098 lass
821 2064 919 2100 Dich
957 2066 1049 2099 uber
1084 2064 1145 2098 die
1177 2063 1453 2098 Beschwerden
1488 2063 1681 2105 belehren,

214 2108 277 2142 die
301 2109 440 2145 Brutus
467 2111 561 2144 uber
584 2111 683 2145 mich
707 2111 817 2146 suhrt.
853 2112 1074 2151 Salaiiziizz'z',
1101 2111 1162 2145 die
1185 2110 1454 2154 Burgerschast
1478 2120 1551 2142 von
1577 2108 1683 2143 Sala-

213 2155 297 2197 mis,
324 2156 429 2190 einer
454 2156 562 2191 Stadt
588 2158 652 2191 auf
680 2157 748 2192 der
779 2159 879 2192 lusel
910 2160 1134 2203 Cypern.-
1167 2158 1225 2192 Μ.
1252 2157 1375 2200 Scapt.
1402 2159 1434 2203 et
1457 2155 1500 2189 P.
1527 2156 1682 2197 Illatin„

213 2201 324 2236 beide
349 2203 597 2237 vermuthlich
621 2205 727 2238 Rom.
755 2205 880 2238 Ritter
912 2216 946 2238 u.
973 2204 1228 2248 Negocianten
1263 2203 1301 2236 in
1327 2201 1455 2235 Asien.
1505 2202 1683 2235 Ersterer

213 2258 295 2281 war
320 2248 379 2282 ein
402 2249 550 2282 Bruder
575 2250 641 2283 des
664 2251 922 2294 Negocianten
947 2252 998 2285 M.
1023 2250 1196 2294 Scaptius
1222 2249 1259 2282 in
1286 2247 1571 2293 Cappadocien‚
1598 2248 1682 2281 dem

213 2294 348 2329 Cicero
369 2295 452 2328 eine
462 2296 661 2330 P1afectur
676 2303 823 2341 antrug.
849 2297 883 2333 S.
901 2297 946 2331 ad
959 2296 1150 2339 Attic.V1‚
1166 2298 1183 2329 l
1200 2295 1369 2338 (CCLII)
1386 2294 1452 2328 u.2
1472 2293 1681 2338 (CCLVl.).

212 2359 258 2367 ·-
294 2341 587 2384 Praefecturam‚
620 2353 680 2376 um
715 2343 776 2378 die
809 2343 928 2379 Stelle
962 2344 1065 2377 eines
1096 2342 1278 2387 praefecti
1312 2341 1477 2384 equitum
1504 2351 1538 2374 u.
1553 2351 1581 2375 s.
1595 2340 1681 2373 s.—

212 2387 320 2421 idem.
358 2388 512 2423 Minime
536 2400 630 2433 opus
657 2396 733 2432 est,
766 2396 805 2423 ut
830 2391 917 2424 item
943 2389 1165 2433 corrigatur.
1201 2388 1268 2422 cfr.
1297 2388 1343 2422 ad
1369 2389 1527 2422 Brutum
1552 2387 1581 2429 ἕ.
1599 2386 1678 2420 295.

213 2435 270 2468 ed.
296 2434 385 2468 min.
414 2435 488 2469 oR.
522 2434 561 2469 S.
587 2435 734 2468 Ramsh.
761 2436 790 2478 §.
806 2437 885 2479 158,
903 2436 936 2479 2,
957 2448 991 2478 g.
1011 2436 1044 2468 h.
1067 2454 1111 2460 -
1142 2435 1279 2478 petenti
1301 2445 1371 2478 pro
1404 2433 1530 2476 aliquo
1565 2442 1682 2475 nego-

213 2481 364 2524 tiatore,
385 2488 423 2514 ut
442 2481 476 2515 ei
496 2481 764 2525 praefecturam
790 2481 928 2516 darem.
954 2480 1189 2517 ERNESTI.
1221 2491 1354 2525 nempe
1371 2478 1574 2524 Pompeius
1588 2477 1679 2513 Sex.

213 2525 372 2560 Statium
398 2527 728 2561 commendaverat.
754 2539 812 2571 ep.
825 2528 973 2570 CCLII,
987 2530 1020 2562 6.
1047 2527 1156 2562 SCH.
1175 2545 1220 2552 -
1249 2527 1444 2571 Torquato,
1472 2524 1681 2575 praefectu-

213 2584 289 2606 ram
314 2585 383 2618 pro
416 2574 557 2607 Laenio
588 2574 731 2619 petenti
765 2580 802 2607 et
833 2575 958 2609 multis
992 2574 1076 2608 aliis
1110 2573 1317 2608 institutum
1354 2583 1473 2606 meum
1508 2571 1679 2615 proban,

212 2620 305 2657 auch
332 2621 402 2654 den
430 2621 644 2663 Torquatus
669 2620 810 2653 bracht'
834 2620 914 2662 ich,
947 2621 1001 2655 als
1026 2632 1065 2654 er
1100 2621 1159 2654 fiir
1192 2620 1321 2654 seinen
1344 2617 1494 2654 Freund
1519 2616 1681 2669 Laenius

212 2677 272 2699 um
298 2666 381 2699 eine
407 2667 603 2701 Prafectur
628 2666 691 2700 bei
715 2666 786 2700 mir
817 2667 978 2710 anhielt‚
1017 2666 1150 2710 (labin,
1183 2666 1269 2700 dass
1303 2676 1343 2699 er
1376 2664 1505 2699 diesen
1536 2673 1679 2697 melnen

211 2712 519 2759 mntsgrundsatz
557 2713 630 2749 und
653 2713 842 2749 Besclieid
865 2719 932 2760 gut
955 2713 1076 2759 hiess,
1108 2713 1183 2747 und
1208 2724 1250 2748 so
1275 2713 1371 2747 noch
1397 2711 1495 2746 viele
1520 2709 1679 2745 Andere.

1767 2964 1782 3043 3-
