1795 3043
240 76 342 124 480
497 69 563 117 Μ.
598 69 657 117 Τ.
695 67 1038 117 CICERONIS
1071 69 1445 138 EPISTOLAE.

239 195 338 225 cum
356 182 490 224 Matio
518 183 562 222 et
579 180 782 225 Trebatio
810 183 1029 238 miseram,
1058 182 1182 238 pueri
1211 183 1434 239 epistolam
1463 184 1570 230 mihi
1597 188 1706 230 attu-

238 241 381 283 lerunt
408 241 491 281 hoc
521 240 738 294 exemplot
1613 274 1616 276 .

942 345 995 390 A.

414 421 611 459 MATIUS
644 422 712 465 ET
743 422 1035 460 TREBATIUS
1068 423 1329 469 CICERONI,
1348 422 1456 462 IMP.
1492 424 1531 462 S.

352 492 491 541 Quum
545 495 688 547 Capua
735 495 988 544 exissemus,
1045 495 1092 535 in
1141 496 1297 537 itinere
1336 496 1546 537 audiimus
1584 497 1705 538 Pom·

237 549 381 602 peium
408 551 634 598 Brundisio
665 566 706 594 a.
735 552 774 592 d.
805 566 890 594 xvl.
915 552 1093 593 Kalend.
1114 551 1252 605 April.
1286 565 1383 594 cum
1412 553 1605 594 omnibus
1635 566 1705 595 co·
1763 554 1766 602 ἶ

236 606 344 658 piis,
377 619 481 658 quas
510 609 732 660 habuerit,
768 611 1011 662 profectum
1041 622 1156 660 esse3
1197 610 1420 651 Caesarem
1448 613 1614 662 postero
1632 611 1702 651 die
1765 627 1766 656 i

236 664 284 703 in
315 664 516 716 oppidum
543 666 761 714 introisse3
799 666 1095 707 concionatum
1124 679 1235 716 esse3
1273 667 1372 707 inde
1402 667 1575 708 Romam
1605 679 1705 707 con·
1765 664 1766 693 ἶ

234 721 446 771 tendisse;
495 723 608 762 velle
635 724 735 762 ante
763 722 940 763 Kalend.
975 734 1064 762 esse
1094 723 1146 763 ad
1175 724 1324 764 urbem
1354 726 1397 764 et
1425 737 1584 777 paucos
1613 722 1706 764 dies
1765 735 1774 766 ᾗ

234 777 299 817 ibi
327 779 609 828 commorari,
661 778 812 818 deinde
842 779 888 818 in
917 779 1147 832 Hispanias
1175 781 1400 833 proficisci.
1457 781 1589 822 Nobis
1617 791 1703 821 non
1765 778 1774 811 1*

233 834 429 877 alienum·
450 836 586 876 visum
617 838 700 885 est,
728 836 927 887 quoniam
957 836 1008 876 de
1039 837 1222 878 adventu
1253 837 1442 878 Caesaris
1474 850 1551 891 pro
1581 838 1703 878 certo

234 891 517 945 habebamus,
553 905 707 945 pueros
737 892 790 933 ad
819 894 861 933 te
889 893 1126 941 remittere,
1168 895 1216 933 ut
1243 893 1289 934 id
1319 896 1365 935 tu
1393 895 1701 947 quamprimum

234 949 380 992 scires.
438 949 641 991 Mandata
680 952 754 991 tua
789 949 911 990 nobis
947 963 1075 991 curae
1111 952 1208 991 sunt
1245 963 1402 1003 eaque,
1452 953 1500 991 ut
1536 953 1702 1003 tempus

230 1007 482 1059 postularit,
523 1019 708 1060 agemus,
765 1006 991 1048 Trebatius
1021 1008 1166 1048 sedulo
1200 1008 1331 1061 facit,
1379 1008 1427 1047 ut
1463 1008 1702 1050 antecedat.

231 1063 429 1115 Epistola
474 1064 741 1116 conscripta,
789 1065 1029 1104 nuntiatum
1067 1066 1128 1105 est
1164 1065 1289 1106 nobis
1327 1064 1547 1106 Caesarem
1583 1079 1620 1106 a.
1657 1064 1700 1108 d.
1770 1095 1773 1116 ;

232 1132 332 1161 vlu.
361 1121 460 1163 Kal.
496 1119 636 1173 April.
674 1121 909 1161 Beneventi
945 1134 1211 1174 mansurum,
1256 1134 1293 1161 a.
1329 1121 1368 1162 d.
1404 1135 1486 1164 vn·
1517 1122 1700 1176 Capuae,

232 1189 273 1219 a.
302 1176 341 1218 d.
366 1190 427 1219 vr.
460 1177 700 1220 Sinuessae.
756 1178 851 1219 Hoc
878 1190 957 1230 pro
987 1180 1105 1218 certo
1133 1180 1344 1232 putamus.

400 1348 720 1395 EPISTOLA
754 1348 1024 1397 CCCLVII.
1072 1349 1154 1409 (ad
1188 1349 1281 1396 Att.
1319 1348 1402 1397 IX.
1435 1351 1536 1411 16.)

321 1434 406 1473 Scr.
430 1435 471 1471 in
494 1436 694 1472 Formiano
719 1436 813 1474 VII.
838 1438 925 1473 Kal.
950 1438 1045 1483 Apr.
1069 1439 1114 1472 A.
1139 1438 1186 1473 U.
1212 1439 1255 1473 C.
1281 1439 1361 1473 705.
1397 1439 1445 1482 (a.
1472 1438 1511 1473 C.
1535 1438 1608 1481 49.)

486 1505 606 1542 Mittit
630 1506 826 1553 epistolam
852 1517 873 1541 a
899 1507 1060 1542 Caesare
1083 1513 1283 1554 acceptam.
1319 1509 1439 1544 1—3.

727 1575 917 1610 CICERO
942 1576 1135 1612 ATTICO
1162 1576 1201 1611 S.

344 1645 508 1694 Quum,
548 1646 660 1698 quod
689 1647 921 1687 scriberem
950 1646 1004 1686 ad
1032 1648 1095 1695 te,
1133 1647 1243 1686 nihil
1272 1645 1494 1687 haberem:
1532 1643 1694 1698 tamen,

211 1715 284 1746 .ne
311 1715 438 1755 quem
458 1703 571 1744 diem
589 1704 930 1751 intermitterem,
961 1704 1038 1743 has
1062 1703 1159 1743 dedi
1188 1704 1345 1744 literas.
1393 1704 1444 1745 A.
1462 1704 1501 1743 d.
1528 1704 1697 1746 v1.Ka1.
1732 1721 1737 1725 ·

230 1760 452 1801 Caesarem
471 1761 694 1802 Sinuessae
714 1772 959 1802 mansurum
987 1761 1254 1802 nuntiabant.
1310 1760 1376 1801 Ab
1398 1773 1447 1801 eo
1476 1760 1581 1801 mihi
1601 1761 1696 1800 lite-

228 1829 303 1858 rae
341 1818 533 1858 redditae
573 1820 670 1858 sunt
709 1833 745 1859 a.
777 1817 817 1859 d.
859 1830 938 1858 v11.
969 1817 1174 1865 Kalend,
1222 1817 1375 1869 quibus
1411 1818 1498 1857 iam
1541 1819 1694 1858 OPES

227 1887 368 1928 meas,
397 1888 498 1929 non,
526 1877 575 1916 ut
597 1875 888 1928 superioribus
903 1874 1060 1922 literis,
1098 1876 1270 1915 OPEM
1281 1876 1512 1926 exspectat.
1553 1874 1692 1922 Quum

317 2001 352 2035 6.
389 1999 500 2034 VIII.
516 2000 608 2034 Kal.
624 1999 767 2044 April„
792 2010 850 2033 am
874 1998 928 2033 25.
947 1999 1064 2034 MiirZ.
1078 2016 1124 2023 —-
1158 2010 1238 2032 cum
1261 1999 1386 2032 Matio
1403 2000 1449 2041 (s.
1466 1998 1616 2045 ep.352‚
1639 1998 1691 2040 2.)

224 2049 260 2079 et
286 2046 456 2080 Trebatio
482 2048 528 2090 (s.
556 2058 612 2092 ep.
640 2047 707 2081 135
731 2045 779 2080 im
805 2046 928 2088 Ans.)‚
965 2044 1029 2089 qui
1062 2045 1143 2079 sine
1170 2044 1283 2079 dubio
1310 2044 1531 2079 Ciceronem
1555 2056 1690 2079 conve-

223 2100 370 2127 nerant.
419 2093 516 2126 Hinc
542 2105 600 2138 ep.
629 2103 708 2136 seq.
729 2103 866 2136 pueros
890 2093 937 2125 ad
962 2095 995 2125 te
1018 2092 1215 2125 remittere.

315 2141 349 2173 1.
384 2140 493 2173 XVI.
520 2140 636 2178 Kal.‚
681 2150 737 2172 am
763 2140 817 2173 16.
835 2139 951 2172 Miirz.
987 2157 1031 2163 —
1078 2149 1177 2172 conc.
1210 2147 1304 2179 esse,
1343 2136 1439 2170 habe
1472 2136 1557 2171 eine
1581 2136 1690 2171 Redo

223 2195 270 2219 an
304 2185 366 2218 die
396 2186 545 2229 Burger
576 2186 764 2230 gehalten.
799 2204 842 2210 —-
890 2188 973 2218 ante
1002 2184 1161 2218 Kalend.
1193 2182 1362 2228 Apriles.
1402 2201 1448 2209 --
1492 2194 1626 2228 pueros
1651 2209 1688 2219 ..

223 2231 428 2273 remittere,
468 2232 532 2275 qui
556 2232 716 2266 fortasse
741 2231 890 2275 longius
916 2241 982 2265 eos
1006 2230 1216 2264 comitaturi
1242 2235 1365 2271 erant,
1401 2228 1474 2263 nisi
1498 2231 1569 2263 hoc
1594 2229 1688 2263 inci-

223 2278 353 2313 disset.
379 2278 486 2313 SCH.
513 2297 557 2303 --
590 2279 794 2322 Mandata,
828 2288 923 2321 quae
948 2277 1081 2312 Cicero
1107 2287 1231 2309 coram
1257 2275 1304 2309 iis
1328 2275 1494 2311 dederat.
1520 2276 1626 2310 SCH.
1642 2294 1687 2305 -ν

226 2324 420 2358 Trebatius
440 2324 565 2358 sedulo
589 2325 697 2367 facit,
730 2328 768 2358 ut
793 2325 981 2357 antecedat
1006 2324 1201 2357 Caesarem
1236 2327 1273 2355 et
1295 2322 1402 2365 prius
1427 2322 1472 2356 ad
1498 2327 1535 2356 te
1560 2332 1687 2356 recur-

220 2377 299 2414 rat,
333 2382 442 2415 quam
466 2371 661 2405 Caesarem
687 2377 723 2404 te
750 2371 952 2404 convenire
976 2376 1156 2414 oporteat.
1205 2368 1350 2405 Verum
1374 2369 1471 2402 hunc
1494 2379 1578 2403 esse
1601 2379 1687 2403 ver-

221 2418 356 2451 borum
396 2427 568 2459 sensum,
611 2417 852 2450 confirmatur
890 2415 1001 2450 initio
1043 2414 1227 2459 epistolae
1261 2415 1340 2449 358.
1397 2415 1547 2451 Victor.
1585 2414 1685 2449 lies't

222 2464 340 2497 daher
364 2463 413 2498 im
438 2464 467 2506 §.
484 2464 508 2497 4
532 2462 597 2496 des
620 2464 701 2498 357.
719 2463 865 2497 Briefs:
900 2473 943 2495 ne
972 2462 1181 2495 Trebatium
1206 2461 1350 2505 quidem
1374 2466 1463 2495 statt
1487 2472 1531 2495 ne
1558 2461 1597 2496 T.
1611 2461 1683 2494 Re-

221 2511 336 2544 hilam
367 2511 522 2554 quidem.
555 2528 598 2534 —
651 2508 761 2543 VIII.
787 2509 878 2544 Kal.
903 2508 1047 2552 April„
1085 2518 1142 2541 am
1172 2508 1230 2542 25.
1255 2508 1372 2542 Miirz.
1405 2526 1450 2533 -
1495 2508 1682 2549 Sinuessa,

221 2556 508 2601 einstVSinope,
541 2555 625 2589 eine
649 2554 757 2590 Stadt
782 2556 819 2589 in
844 2555 990 2589 Latium
1016 2565 1171 2599 novum,
1196 2554 1312 2588 deren
1336 2553 1486 2588 Ruinen
1508 2553 1681 2589 westlicil

219 2615 304 2637 vom
328 2603 491 2637 castelle
505 2602 632 2636 Rocca
656 2601 695 2635 di
715 2602 975 2645 Mondagrone
999 2600 1139 2644 liegen.

311 2650 345 2684 1.
378 2652 426 2684 A.
453 2649 489 2682 d.
520 2647 587 2684 VI.
600 2648 690 2683 Kal.
718 2648 864 2691 April.‚
896 2658 952 2681 am
977 2647 1033 2680 27.
1055 2648 1171 2683 Marz.
1197 2666 1243 2673 —
1275 2659 1309 2682 a.
1335 2647 1369 2681 d.
1400 2646 1488 2681 VH.
1505 2644 1678 2685 Kalend„

219 2706 305 2730 vom
329 2696 518 2731 26.Mar7.
555 2714 597 2719 —
649 2693 790 2729 OPEM
814 2720 822 2728 .
841 2719 850 2726 .
869 2719 876 2727 .
904 2693 1048 2736 OPES,
1088 2693 1149 2728 ein
1185 2694 1437 2728 scherzhaftes
1471 2692 1576 2737 Spiel
1611 2692 1679 2726 mit

220 2742 306 2778 dem
346 2740 625 2786 zweideutigen
656 2739 773 2777 Sinne
810 2739 934 2775 dieses
967 2741 1100 2777 Worts
1136 2739 1186 2775 im
1217 2741 1369 2784 plural,
1410 2749 1469 2776 wo
1508 2748 1548 2773 es
1584 2738 1678 2772 auch
