1795 3043
510 68 824 117 EPIsTOLA
860 67 1068 117 ccvm.
1463 75 1529 121 63

282 183 594 232 EPISTOLA
633 184 839 231 CCVIII.
878 182 960 242 (ad
994 185 1085 229 Λα.
1121 183 1175 230 v.
1207 185 1309 246 16.)

66 272 216 319 Scripta
240 272 278 308 in
304 273 365 308 via
390 285 501 318 quum
527 284 547 307 a
573 271 749 319 Synnade
774 271 812 306 in
837 278 959 306 castra
982 272 1290 317 proficisceretur
1313 271 1414 307 circa
1438 271 1528 308 Idus

426 320 594 355 Sextiles
619 320 665 354 A.
694 320 739 355 U.
766 320 806 354 C.
836 321 914 354 703.
952 320 999 363 (a.
1026 320 1066 353 C.
1094 321 1173 363 51.)

64 389 220 424 Nuntiat
252 388 484 435 provinciam
518 388 563 422 ab
598 388 724 433 Appio
756 387 965 422 immaniter
999 394 1171 423 vexatam
1208 400 1274 423 sua
1305 398 1532 431 suorumque

65 435 228 476 iustitia,
263 435 487 469 abstinentia
513 441 551 468 et
576 435 773 469 clementia
807 436 1035 479 aliquantum
1068 435 1246 470 recreari.
1281 437 1383 472 1-3.
1413 436 1532 470 Prae-

66 488 170 517 terea
193 483 357 528 Appium
383 482 493 516 Tarsi
519 482 640 515 sorum
666 493 793 525 agere,
820 482 866 516 de
890 482 1044 516 Parthis
1070 482 1258 515 silentium
1285 493 1388 526 esse,
1414 482 1532 516 Bibu-

283 530 359 564 lum
384 529 422 563 in
447 528 678 574 provinciam
705 529 866 562 nondum
892 529 1093 563 accessisse
1118 529 1247 564 refert.
1274 531 1309 563 4.

557 597 745 634 CICERO
770 598 964 632 ATTICO
990 597 1029 632 S.

180 666 276 708 Etsi
317 668 363 708 in
401 668 492 722 ipso
527 668 685 708 itinere
728 671 771 708 et
801 669 870 710 via
900 668 1173 709 discedebant
1201 667 1527 721 publicanorum

66 723 281 765 tabellarii
309 727 349 765 et
382 738 546 766 eramus
576 725 620 764 in
652 739 800 766 cursu:
841 729 981 766 tamen
1019 726 1334 778 surripiendum
1364 725 1525 776 aliquid

66 783 214 834 putavi
245 783 403 834 spatii,
432 794 486 822 ne
516 795 582 822 me
612 783 900 824 immemorem
929 784 1115 823 mandati
1146 785 1208 824 tui
1228 785 1410 836 putares.
1444 783 1528 822 lta-

67 852 149 889 que
179 839 347 880 subsedi
375 840 421 879 in
450 840 542 892 ipsa
570 840 653 887 via,
686 841 784 881 dum
812 841 934 889 haec,
967 853 1074 891 quae
1106 842 1337 893 longiorem
1366 839 1526 879 deside-

64 898 160 937 rant
189 898 447 949 orationem,
486 899 726 938 summatim
756 897 834 939 tibi
863 898 1184 951 perscriberem.
1244 898 1429 939 Maxima
1458 910 1525 936 ex·
1548 891 1577 930 2

66 955 326 1006 spectatione
365 955 408 994 in
457 955 664 1006 perditam
706 957 747 995 et
789 956 916 1007 plane
952 967 1140 995 eversam
1188 954 1232 994 iu
1273 956 1527 1008 perpetuum

65 1012 326 1063 provinciam
355 1023 431 1052 nos
459 1012 623 1052 venisse
652 1013 758 1053 scito
787 1013 926 1064 pridie
957 1012 1049 1052 Kal.
1082 1013 1276 1053 Sextiles.
1336 1012 1527 1052 Moratus

66 1068 252 1108 triduum
278 1068 526 1115 Laodiceae,
558 1069 744 1110 triduum
757 1070 983 1121 Apameae,
1014 1069 1188 1109 totidem
1209 1070 1298 1110 dies
1315 1069 1525 1122 Synnade,

66 1125 300 1166 audivimus
328 1126 437 1166 nihil
467 1126 597 1175 aliud,
629 1127 711 1167 nisi
742 1128 947 1180 imperata
975 1125 1219 1176 ε’πικεφοὲλια
1250 1128 1412 1167 solvere
1441 1139 1526 1166 nou

68 1195 219 1234 posse:
251 1179 355 1224 ώνάς
389 1185 574 1224 omnium
602 1185 813 1225 venditas:
842 1185 1061 1225 civitatum
1089 1186 1283 1237 gemitus,
1314 1186 1528 1236 ploratus:

68 1241 255 1279 monstra
296 1241 501 1292 quaedam
527 1253 612 1281 non
643 1242 847 1290 hominis,
881 1242 953 1281 sed
982 1244 1099 1282 serae
1127 1243 1272 1283 nescio
1302 1243 1421 1282 cuius
1450 1241 1526 1281 im-

68 1297 217 1338 manis.
275 1297 384 1344 Quid
412 1297 615 1349 quaeris?
656 1299 797 1339 taedet
826 1300 996 1339 omnino
1027 1311 1098 1339 eos
1127 1301 1253 1340 vitae.
1311 1299 1526 1339 Levantur
1548 1297 1576 1338 3

68 1355 207 1394 tamen
229 1353 407 1394 miserae
435 1355 641 1407 civitates,
671 1356 781 1406 quod
808 1357 950 1396 nullus
980 1355 1027 1396 fit
1055 1359 1244 1410 sumptus
1276 1356 1320 1397 in
1351 1368 1428 1396 nos
1457 1367 1528 1394 ne-

71 1423 153 1461 que
189 1412 234 1450 in
273 1412 432 1464 legatos
470 1424 607 1463 neque
645 1412 688 1451 in
727 1415 992 1464 quaestorem
1021 1427 1157 1465 neque
1187 1415 1231 1453 in
1261 1425 1527 1465 quemquam.

70 1468 188 1507 Scito
216 1480 300 1507 non
328 1468 450 1509 modo
479 1481 555 1509 nos
584 1469 754 1509 foenum
784 1472 857 1509 aut
886 1470 1000 1521 quod
1025 1471 1117 1522 lege
1146 1471 1255 1511 Iulia
1283 1471 1374 1511 dari
1405 1472 1526 1518 solet,

70 1537 156 1564 non
196 1526 416 1577 accipere,
446 1526 518 1565 sed
547 1538 601 1565 ne
640 1527 756 1578 ligna
786 1526 953 1577 quidem
963 1540 975 1575 3
1019 1540 1097 1567 nec
1128 1530 1298 1579 praeter
1327 1530 1528 1580 quattuor

70 1582 202 1622 lectos
232 1584 273 1621 et
302 1584 460 1623 tectum
489 1595 737 1634 quemquam
759 1583 955 1635 accipere
974 1584 1219 1636 quidquam:
1248 1585 1391 1625 multis
1422 1585 1530 1625 locis

69 1651 123 1679 ne
162 1641 320 1680 tectum
363 1639 551 1691 quidem„
590 1643 633 1680 et
668 1641 713 1680 in
752 1640 1026 1682 tabernaculo
1065 1655 1233 1682 manere
1262 1644 1527 1695 plerumque.

157 1772 188 1805 1.
238 1771 428 1811 discedeb„
454 1771 747 1815 zuriickgingen.
773 1790 819 1797 —
844 1782 989 1805 eramus
1012 1773 1049 1805 in
1077 1784 1196 1813 cursu,
1224 1775 1298 1808 und
1325 1776 1383 1809 ich
1402 1776 1529 1819 eiligst

69 1816 204 1850 weiter
236 1817 358 1851 reisen
391 1819 534 1852 wollte.
571 1822 686 1851 tamen
720 1819 854 1862 gehort
891 1829 935 1851 zu
966 1820 1006 1852 in
1044 1820 1122 1864 ipso
1159 1821 1291 1855 itinere
1325 1827 1359 1855 et
1384 1824 1456 1858 ricc.
1484 1841 1530 1853 -,

67 1864 193 1906 spatii.
219 1864 408 1908 temporis.
438 1885 480 1890 —
506 1865 682 1904 mandati,
706 1865 866 1899 nfimlich
890 1865 963 1900 Dir
987 1865 1053 1900 mit
1077 1866 1183 1901 ieder
1209 1868 1458 1913 Gelegenheit
1482 1880 1529 1904 zu

68 1910 275 1943 schreiben.
302 1929 346 1935 ——
370 1916 479 1952 orat.⁹
504 1911 673 1947 Bericht.

162 1957 194 1991 2.
246 1960 527 2001 exspectatione,
560 1965 669 1991 unter
702 1958 950 1991 sehnlichster
982 1957 1227 2003 Erwartung‚
1260 1961 1427 1995 abseiten
1460 1961 1529 1995 der

73 2000 246 2046 dortigen
272 2004 515 2039 Einwohner.
542 2024 584 2029 ——
609 2004 843 2039 Illoratusist
864 2016 932 2049 per
947 2004 1107 2050 Synesin
1134 2013 1221 2040 statt
1245 2009 1381 2042 morati
1397 2009 1527 2043 Lamb.

75 2048 173 2084 oliv.
200 2050 265 2083 mit
301 2052 506 2085 audicimus
529 2052 757 2085 verbunden.
799 2050 837 2086 S.
865 2052 1014 2086 Ramsh.
1053 2052 1079 2094 §.
1107 2053 1185 2095 206,
1212 2064 1244 2096 a,
1271 2057 1304 2089 4.
1331 2074 1376 2079 —
1408 2055 1526 2089 Laod.

74 2096 207 2138 Apum.
233 2097 344 2141 Synn.
370 2098 451 2131 drei
476 2099 543 2132 der
568 2099 806 2141 wichtigsten
832 2097 1117 2132 Handelsstadte
1142 2100 1180 2132 in
1207 2101 1525 2146 Grossphrvgien.

75 2141 119 2189 In
144 2142 214 2175 den
229 2143 378 2177 Ruinen
403 2156 474 2178 von
500 2145 699 2185 Laodicea,
733 2144 826 2179 Eski
852 2145 994 2189 Hissar,
1021 2145 1123 2178 nicht
1137 2146 1229 2180 weit
1253 2159 1335 2181 vom
1363 2141 1528 2192 ieizigen

75 2187 264 2235 Denizley
297 2191 357 2225 od.
383 2192 543 2225 Denisbi
569 2193 706 2226 hausen
734 2203 801 2224 nur
826 2191 990 2233 Fuchse;
1026 2194 1185 2235 Apamea
1211 2195 1453 2228 verschwand
1480 2194 1529 2230 im

78 2234 297 2269 Mittelalter
324 2238 395 2270 und
421 2239 563 2282 Symeas
588 2239 680 2272 oder
694 2238 867 2282 Synnada
893 2239 1045 2279 (wessh.
1065 2238 1259 2283 Symzccdae
1274 2242 1405 2285 Margo
1424 2242 1527 2282 1584)

77 2280 136 2323 lag
170 2282 268 2314 nicht
294 2284 375 2316 sei-n
408 2295 491 2326 vqm
523 2285 685 2329 ietzigen
712 2284 875 2319 Flecken
900 2285 1074 2318 Khosrev
1098 2286 1226 2321 Passa.
1275 2287 1327 2321 Es
1353 2288 1529 2321 wohnien

5 2363 9 2377 ι
77 2326 161 2359 hier
195 2328 381 2362 Griechen
412 2330 477 2363 mit
515 2331 714 2376 Phrygem
747 2331 959 2366 vermischt.
986 2350 1029 2355 —
1064 2331 1193 2375 imper.
1219 2334 1419 2380 ἐπικεφ,
1468 2333 1530 2366 die

5 2396 9 2423 Κ
77 2373 188 2405 ihnen
225 2375 434 2418 aufgelegte
461 2377 701 2420 Kopt'stener.
735 2397 778 2402 —
827 2377 943 2418 ω’νὰς
977 2389 1023 2411 =
1059 2378 1336 2422 possessiones,
1381 2379 1530 2412 Grund-

6 2428 10 2465 ζ
76 2419 218 2453 stricke.
246 2440 285 2445 —
311 2426 472 2455 monstra
506 2426 680 2466 quaedam
706 2435 775 2457 non
809 2424 965 2457 hominis
996 2429 1086 2463 cet„
1120 2424 1182 2458 die
1212 2425 1530 2458 schrecklichsten

6 2468 7 2476 ¹
75 2464 222 2509 Spuren
247 2477 319 2499 von
344 2468 596 2513 Verviistung
620 2471 721 2504 nicht
737 2471 854 2504 durch
868 2470 975 2503 einen
992 2471 1207 2511 Menschen‚
1233 2472 1395 2505 sondern
1414 2471 1530 2506 durch

76 2510 207 2554 irgend
234 2513 293 2545 ein
317 2514 537 2557 Raubthier‚
562 2517 678 2551 durch
705 2518 813 2551 einen
838 2517 1143 2562 Kalydonischen
1169 2517 1283 2552 Eber.
1316 2517 1404 2561 Vgl.
1432 2518 1532 2552 Ven-

78 2558 148 2592 rin.
177 2559 246 2598 ΙΙΙ,
280 2562 341 2595 73:
373 2571 445 2593 non
477 2562 611 2595 furtum
643 2563 707 2597 sed
744 2570 945 2597 monstrum
978 2563 1186 2598 videbatur.
1238 2562 1348 2598 Ovid.
1376 2564 1525 2598 Metam.

77 2603 127 2646 X,
160 2605 245 2639 553:
282 2614 483 2640 monstrum
509 2609 654 2652 culpae.
685 2610 836 2644 Terent.
862 2610 1031 2643 Eunuch.
1058 2609 1109 2649 ΙΙ,
1144 2611 1178 2651 3,
1208 2609 1271 2643 42:
1312 2620 1433 2643 nonne
1457 2610 1529 2645 hoc

77 2651 230 2684 monstri
255 2652 374 2686 simile
401 2659 467 2687 est.
504 2655 574 2695 ΙΙΙ,
600 2656 633 2694 4,
659 2656 722 2690 29:
753 2662 954 2689 monstrum
981 2654 1151 2688 hominis.

166 2699 198 2731 3.
247 2698 285 2730 in
317 2711 524 2743 quemqnam
557 2702 728 2735 comitum
761 2713 939 2736 meorum.
971 2721 1015 2726 —-
1045 2701 1127 2743 Iege
1157 2700 1270 2735 Iulia.
1320 2700 1359 2736 S.
1395 2712 1440 2735 zu
1467 2713 1527 2746 ep.

80 2742 249 2787 CXCVI,
275 2745 306 2779 ⁶2.
356 2746 482 2781 'Ueber
507 2758 576 2780 non
601 2749 705 2782 modo
731 2760 801 2782 non
826 2748 975 2784 Ramsh.
1012 2748 1042 2790 ἕ.
1069 2749 1148 2790 ital,
1173 2747 1217 2782 B.
1243 2749 1275 2791 l,
1308 2748 1353 2784 N.
1381 2748 1528 2784 Grotef.
