1795 3043
543 5 861 54 EPISTOLA
896 4 1098 52 CCXXI.
1488 13 1554 60 91

316 120 628 169 EPIsTOLA
663 120 864 166 CCXXI.
902 120 984 179 (ad
1012 122 1116 166 Div.
1137 121 1233 167 XV.
1263 121 1334 179 1.)

191 211 273 246 Ser.
299 211 337 246 in
362 209 496 245 Cilicia
521 215 683 244 exeunte
709 207 922 253 Septembri
946 209 991 243 A.
1015 209 1061 243 U.
1088 209 1128 243 C.
1154 211 1231 244 703.
1256 210 1303 252 (a.
1330 208 1371 244 C.
1391 208 1465 251 51.)

98 279 255 315 Nuntiat
281 279 505 314 Parthorum
530 286 679 321 magnas
714 277 840 321 copias
865 277 1083 321 Euphraten
1117 277 1277 310 transire
1302 277 1493 322 coepisse,
1518 284 1557 314 et

211 326 331 371 petit,
363 333 403 359 ut
428 330 575 358 senatus
601 323 777 357 maiorem
800 323 1017 403 ρΧθι-ςίῑυηὲ
1042 323 1258 368 depellendi
1281 323 1443 369 periculi

620 380 730 403 causa
760 376 892 403 mittat.
928 372 993 403 1—-
1021 396 1028 403 .

189 440 241 474 M.
270 438 487 475 TULLIUS
513 438 565 473 M.
593 439 632 473 F.
660 437 845 472 CICERO
870 437 1086 472 PROCOS.
1115 437 1152 472 S.
1180 438 1224 472 P.
1250 438 1300 472 D.
1328 437 1464 474 COSS.

433 485 657 522 PRAETT.
684 484 852 519 TRIBB.
877 485 953 519 PL.
980 483 1217 519 SENATUI.

215 558 257 598 S.
288 557 337 598 V.
367 556 416 596 V.
447 556 494 596 Β.
528 556 577 595 Ε.
608 555 657 595 Ε.
690 554 738 601 Q.
767 554 816 593 V.
861 554 956 595 Etsi
986 567 1069 595 non
1101 554 1226 594 dubie
1256 554 1362 595 mihi
1390 555 1556 596 nuntia-

99 613 226 654 batur
254 613 433 655 Parthos
473 613 675 652 transisse
706 612 954 664 Euphraten
996 625 1092 652 cum
1121 612 1310 652 omnibus
1350 613 1440 652 sere
1468 613 1554 653 suis

100 672 262 723 copiis,
309 672 471 721 tamen,
509 669 621 721 quod
662 669 901 710 arbitrabar
939 683 965 709 a
1003 669 1063 710 M.
1105 669 1260 709 Bibulo
1297 671 1552 721 proconsule

101 729 285 770 certiora
314 727 365 767 de
396 727 462 767 his
492 727 618 766 rebus
649 726 701 767 ad
729 738 803 766 vos
832 727 966 766 scribi
997 738 1143 778 posse,
1183 727 1418 767 statuebam
1447 727 1554 767 mihi

99 797 184 825 non
215 796 386 824 necesse
417 797 505 824 esse
534 784 708 836 publice
739 783 925 824 scribere
956 795 1020 835 ea,
1049 796 1157 834 quae
1187 783 1239 823 de
1260 785 1435 824 alterius
1456 797 1556 837 pro-

99 842 240 882 vincia
269 842 576 881 112111tiarentur.
635 842 786 881 Postea
809 853 910 881 vero
941 853 1065 891 quam
1097 840 1342 881 certissimis
1371 841 1555 882 auctori-

99 896 201 950 bus,
231 899 401 950 legatis,
431 898 611 950 nuntiis,
642 898 782 938 literis
813 910 905 937 sum
941 898 1099 938 certior
1128 899 1292 948 faetus,
1329 900 1398 938 vel
1438 898 1553 950 quod

100 957 221 996 tanta
263 968 330 995 res
369 957 459 996 erat
500 956 569 996 vel
599 955 710 1006 quod
747 955 931 994 noudum
968 954 1232 995 audieramus
1271 954 1472 995 Bibulum
1506 956 1553 996 in

101 1013 265 1065 Syriam
294 1013 457 1053 venisse
487 1014 556 1053 vel
586 1012 682 1063 quia
704 1012 1008 1052 administratio
1038 1012 1163 1052 huius
1190 1012 1294 1051 belli
1323 1013 1431 1052 mihi
1459 1025 1556 1053 cum

101 1069 255 1110 Bibulo
297 1082 432 1120 paene
473 1072 534 1109 est
572 1069 831 1109 communis:
874 1081 980 1120 quae
1021 1069 1073 1108 ad
1111 1082 1178 1108 me
1216 1069 1355 1109 delata
1400 1072 1553 1117 essent,

102 1125 326 1166 scribenda
357 1126 409 1166 ad
437 1139 510 1167 vos
542 1126 700 1177 putavi.
762 1126 886 1178 Regis
915 1125 1117 1166 Antiochi
1132 1126 1397 1179 Commageni
1424 1127 1554 1179 legati
1576 1123 1604 1164 2

101 1184 229 1236 primi
258 1183 362 1222 mihi
392 1183 651 1222 nuntiarunt
690 1184 946 1222 Parthorum
975 1195 1145 1236 magnas
1188 1184 1332 1235 copias
1360 1185 1555 1237 Euphra-

101 1242 187 1280 tem
213 1241 393 1279 transire
424 1240 624 1291 coepisse.
684 1239 775 1286 Quo
795 1241 942 1279 nuntio
973 1240 1117 1291 allato,
1147 1253 1275 1291 quum
1297 1243 1433 1281 essent
1455 1253 1558 1282 non-

102 1297 228 1343 nulli,
262 1297 335 1346 qui
367 1296 405 1334 ei
434 1297 523 1348 regi
554 1298 756 1336 minorem
779 1295 902 1335 fidem
921 1295 1157 1336 habendam
1185 1299 1394 1348 putarent,
1428 1299 1556 1339 statui

105 1353 433 1403 exspectandum
465 1365 578 1404 csse,
616 1354 651 1392 si
683 1352 786 1403 quid
816 1353 972 1392 certius
1003 1351 1240 1394 afferretur.
1298 1353 1352 1396 A.
1381 1355 1420 1395 d.
1452 1369 1555 1398 x111.

104 1409 317 1449 Kalendas
347 1408 520 1450 Octobr.
551 1422 680 1460 quum
711 1410 942 1449 exercitum
971 1409 1014 1448 in
1047 1410 1240 1450 Ciliciam
1269 1410 1478 1462 ducerem,
1511 1413 1556 1453 in

104 1465 259 1506 finibus
290 1467 526 1519 Lycaoniae
557 1468 598 1505 et
623 1465 915 1517 Cappadociae
935 1466 1040 1505 mihi
1069 1468 1222 1506 literae
1252 1468 1442 1509 redditae
1462 1472 1560 1510 sunt

105 1537 131 1563 a
160 1523 506 1573 Tarcondimoto,
536 1523 608 1575 qui
636 1521 906 1563 fidelissimus
936 1524 1074 1563 socius
1107 1527 1224 1564 trans
1246 1525 1432 1566 Taurum
1461 1528 1560 1568 ami-

324 1664 566 1700 SENATUI.
614 1665 652 1700 S.
678 1665 749 1700 den
776 1671 899 1699 ersten
914 1665 1070 1700 Bericht
1095 1677 1153 1711 cp.
1171 1667 1342 1704 CCXIX.

198 1714 232 1746 1.
255 1713 471 1756 proconsule
497 1712 644 1758 Syriae.
669 1730 714 1736 ——
736 1713 836 1756 publ.
863 1713 1022 1745 scribere
1046 1723 1099 1752 ea,
1126 1724 1215 1756 quae
1240 1722 1323 1759 cet„
1349 1717 1436 1759 „die
1469 1720 1562 1754 iiber

106 1757 168 1792 die
191 1758 358 1793 Provinz
395 1759 497 1792 eines
522 1758 673 1793 Andern
699 1759 1027 1792 herumlaufenden
1055 1759 1242 1793 Gerticlue
1274 1773 1317 1795 an
1343 1764 1451 1797 Euch
1476 1767 1561 1800 offi-

107 1805 196 1839 ciell
222 1816 265 1838 zu
288 1804 525 1839 be1·ichten.“
572 1805 627 1839 Er
650 1804 764 1837 meint
791 1804 941 1851 Syrien,
966 1805 1030 1838 das
1056 1805 1173 1838 durch
1196 1807 1266 1839 den
1283 1810 1455 1854 Euphrat
1477 1824 1560 1846 vom

109 1852 269 1886 Gebiete
295 1851 361 1885 der
384 1852 547 1886 Parther
569 1851 794 1894 gcschieden
819 1852 962 1885 wurde.
989 1870 1033 1876 -—-
1059 1853 1195 1885 certior
1218 1853 1265 1886 de
1290 1856 1450 1890 adventu
1465 1860 1561 1893 Par-

109 1898 255 1931 thorum
279 1899 409 1940 sada-s,
434 1898 572 1930 nabere
596 1897 830 1930 Kundschaft
855 1898 1086 1941 eingezogen
1101 1899 1208 1932 habe.
1236 1921 1276 1925 —
1303 1904 1435 1946 quod...
1464 1907 1560 1949 qaia.

109 1944 236 1978 Uebcr
266 1943 335 1976 den
380 1943 628 1977 Unterschied
667 1943 791 1977 dieser
823 1944 1039 1978 Particulae
1073 1945 1308 1988 expositivae
1346 1960 1373 1983 s.
1407 1951 1558 1986 Ramsh.

110 1992 137 2033 §.
166 1991 243 2031 187,
272 1992 302 2031 l,
326 1990 357 2023 2.
395 1990 540 2024 Grotef.
573 1991 601 2032 ξ.
627 1990 707 2023 392.
735 2009 778 2014 ——
813 1993 865 2022 est
890 2002 1036 2031 comm,
1074 1991 1171 2024 mich
1195 1993 1267 2026 fast
1300 1996 1394 2030 eben
1419 2009 1460 2031 so
1485 1998 1560 2033 wie

110 2036 180 2070 den
206 2036 362 2069 Bibulus
388 2036 548 2078 betrifft5
576 2035 646 2068 mir
671 2036 772 2068 nicht
794 2036 963 2079 xveniger
989 2036 1144 2079 obliegt.

200 2083 233 2116 2.
281 2082 449 2116 Antioc-le.
475 2083 665 2123 Commag.
694 2093 721 2116 s.
748 2093 794 2115 zu
820 2094 877 2125 ep.
904 2083 1058 2125 CCXII,
1085 2085 1116 2116 1.
1144 2102 1189 2108 -
1221 2085 1256 2118 si
1279 2087 1366 2130 quid
1387 2099 1435 2121 =
1464 2091 1499 2124 εἴ
1518 2103 1563 2133 τι,

110 2128 159 2161 ob
184 2128 286 2161 nicht
310 2129 462 2170 Etwas,
494 2130 586 2162 Vlas
611 2135 718 2162 etwa.
769 2128 806 2162 S.
832 2129 983 2162 Ramsh.
1012 2130 1038 2170 §.
1067 2131 1146 2171 160,
1179 2131 1213 2173 2,
1239 2132 1324 2167 Not.
1350 2135 1382 2167 2.
1417 2136 1561 2170 Grotef.

112 2175 140 2215 ᾗ.
165 2175 245 2217 402,
269 2176 301 2208 3.
328 2175 407 2217 427,
433 2175 541 2208 Anni.
567 2175 600 2208 4.
630 2194 672 2198 —
704 2176 752 2208 Α.
788 2175 823 2208 (ἰ.
848 2188 941 2209 xrrr.
968 2175 1060 2208 Kal.
1090 2176 1178 2219 Oct„
1217 2187 1272 2210 am
1303 2180 1358 2214 19.
1393 2180 1564 2225 Septem-

112 2220 194 2253 ber.
246 2221 540 2255 Tarcondimoto,
587 2220 726 2254 Dieser
749 2232 828 2254 war
853 2220 979 2265 Konig
1003 2232 1086 2254 vom
1111 2223 1331 2258 nordlichen
1351 2227 1485 2261 Theile
1502 2228 1564 2262 Ci-

113 2265 267 2308 liciens,
301 2266 452 2300 ienseits
489 2268 554 2300 des
581 2267 749 2309 Tanrus3
784 2267 951 2310 dagegen
978 2267 1111 2301 Cilicia
1135 2271 1354 2313 campestris
1381 2274 1473 2307 oder
1498 2274 1563 2308 das

114 2312 282 2345 sudliche
309 2312 465 2346 Cilicien
491 2313 598 2346 einen
621 2313 731 2347 Theil
758 2312 824 2346 der
842 2314 947 2346 Rom.
963 2313 1127 2347 Provinz
1152 2315 1275 2350 dieses
1300 2318 1459 2353 Namens
1483 2331 1565 2353 aus-

115 2358 270 2392 machte.
319 2359 372 2392 Er
403 2360 508 2392 stand
539 2366 645 2392 unter
677 2359 743 2392 der
781 2360 1133 2394 Oberherrlichkeit
1169 2362 1236 2395 der
1266 2363 1406 2398 Rotner
1438 2377 1472 2400 u.
1499 2378 1565 2410 ge-

114 2404 224 2437 horte
248 2414 293 2437 zu
319 2404 389 2437 den
413 2405 562 2438 kleinen
587 2405 774 2449 Kbnigen,
800 2406 861 2439 die
887 2406 969 2439 dem
985 2407 1188 2451 Pompeius
1215 2409 1285 2442 seit
1310 2411 1390 2444 dem
1414 2412 1566 2447 Mithri-

117 2450 308 2483 datischen
334 2450 474 2493 Kriege
499 2452 580 2485 ihre
605 2452 788 2485 Existenz
814 2452 1055 2487 verdankten.
1105 2454 1292 2488 Desshalb
1328 2457 1421 2490 hielt
1457 2469 1500 2491 er
1525 2469 1566 2492 es

117 2497 211 2529 auch
237 2496 301 2529 mit
333 2496 471 2530 diesem
503 2498 681 2531 wahrend
715 2499 779 2531 des
804 2499 1122 2542 Burgerkriegcs3
1154 2501 1219 2533 sah
1244 2502 1324 2534 sich
1349 2504 1439 2537 aber
1471 2505 1564 2538 nach

117 2542 185 2575 der
225 2543 511 2576 I‘barsaliscben
543 2543 703 2577 Bataille
733 2545 946 2588 genothigt,
983 2545 1114 2578 Casars
1141 2546 1270 2580 Gnade
1303 2558 1348 2582 zu
1383 2550 1563 2584 erflehen.

118 2589 220 2622 Nacn
248 2589 379 2622 dessen
406 2589 512 2622 'rode
538 2590 683 2633 gerieth
708 2601 749 2624 er
775 2590 834 2624 bei
856 2591 922 2623 der
941 2591 1147 2624 bekannten
1167 2593 1355 2635 'I'heilung
1373 2596 1438 2629 des
1456 2597 1563 2631 Rom.

120 2634 258 2668 Reichs
289 2641 396 2668 unter
427 2636 540 2669 Casar
566 2636 788 2670 Octavianus
813 2637 886 2670 und
913 2637 1115 2679 Antonius,
1141 2638 1222 2671 dem
1249 2639 1317 2673 der
1336 2636 1475 2676 Orient
1500 2653 1564 2676 zu-

122 2680 204 2724 fiel,
241 2687 349 2715 unter
373 2681 434 2715 die
459 2681 769 2716 Oberherrschatt
791 2683 856 2718 des
881 2684 1060 2727 letztcrn;
1092 2685 1218 2719 verior
1250 2686 1340 2721 aber
1363 2689 1457 2723 nach
1481 2689 1564 2724 dem
