1795 3043
359 58 676 108 EPISTOLA
711 58 927 105 cccxl..
999 58 1238 105 CCCXLI.
1430 65 1531 115 427

73 174 156 218 Sed
184 175 346 228 tamen,
372 173 621 226 quicunque
646 172 767 220 sunt,
797 169 983 219 αἰδέομαι
1010 171 1152 219 Τροΐας.
1210 172 1326 224 Etsi,
1354 185 1438 224 qua
1455 187 1530 225 spe

3 241 4 247 ¹
71 231 338 286 proficiscar,
378 230 524 280 vide03
574 229 865 280 coniungoque
895 241 961 267 me
991 241 1088 268 cum
1116 229 1287 270 homine
1314 231 1447 283 magis
1476 231 1529 271 ad

4 311 5 314 =
70 290 315 331 vastandum
343 287 534 335 Italiam,
565 298 689 338 quam
718 285 770 325 ad
798 283 1054 327 vincendum
1083 287 1244 338 parato.
1301 286 1334 339 †
1351 287 1529 327 Demum

71 359 196 399 quem
216 347 426 398 exspecto.
483 344 540 384 Et
570 343 760 395 quidem,
789 353 916 394 quum
945 342 1052 382 haec
1083 342 1341 393 scribebam,
1372 344 1529 388 ιν.Νο-

4 420 8 436 <¹
70 417 170 452 nas,
217 404 302 444 iam
341 399 639 454 exspectabam
675 398 835 451 aliquid
876 412 901 439 a
928 398 1169 440 Brundisio.
1243 400 1352 448 Quid
1390 402 1530 442 autem

69 461 262 513 aliquid?
321 471 447 512 quam
481 456 579 499 inde
615 458 798 509 turpiter
825 455 1000 509 fugisset
1035 457 1077 496 et
1106 456 1244 497 victor
1271 458 1342 500 hic
1371 457 1454 510 qua
1483 470 1528 499 se

69 519 250 559 referret
279 518 321 557 et
351 529 445 568 quo.
504 514 625 562 Quod
654 513 730 554 ubi
758 512 991 568 audissem,
1021 513 1057 554 si
1085 513 1161 553 ille
1180 513 1321 567 Appia
1349 516 1529 569 veniret,

70 587 147 628 ego
175 574 382 628 Arpinum
413 572 663 626 cogitabam.

243 702 581 769 ‘EPISToLA
617 719 857 767 cccxm.
907 714 987 778 <ad
1022 719 1114 765 Aa.
1146 720 1225 766 Jx.
1263 720 1333 780 1.)

141 798 224 834 Ser.
248 796 286 832 in
309 798 506 833 Formiano
536 796 634 843 prid.
660 797 754 832 Non.
781 796 892 831 Mart.
918 797 962 831 A.
988 795 1035 833 U.
1062 796 1104 831 C.
1132 796 1209 831 705.
1246 798 1292 841 (a.
1320 796 1360 832 C.
1387 797 1461 839 49.)

15 890 16 893 =
72 867 214 903 Scribit
247 878 286 901 se
317 866 486 908 nescire,
525 865 615 910 quid
639 863 834 899 Brundisii
869 869 989 898 actum
1021 864 1089 906 sit3
1133 865 1269 900 multos
1302 865 1531 910 optimatium

147 914 301 949 Romam
326 913 402 956 ire3
444 912 612 954 aliquos,
650 911 713 955 qui
738 910 959 955 Pompeium
985 918 1207 954 sequantur,
1246 920 1456 956 enumerat3

384 958 532 1003 sibique
557 958 654 992 idem
680 957 875 991 consilium
900 957 1063 1001 placere.
1101 958 1218 992 1—4.

563 1015 751 1050 CICERO
783 1014 974 1050 ATTICO
1000 1013 1040 1049 S.

14 1099 15 1108 ,
186 1064 300 1112 Etsi,
346 1076 473 1116 quum
503 1065 548 1104 tu
578 1064 654 1104 has
683 1064 829 1104 literas
858 1063 1045 1114 legeres,
1100 1061 1301 1114 putabam
1331 1063 1448 1116 fore,
1488 1065 1537 1104 ut

14 1148 18 1161 2
71 1122 224 1163 scirem
261 1121 366 1174 iam,
415 1120 516 1172 quid
545 1119 762 1161 Brundisii
798 1120 940 1160 actum
969 1119 1077 1159 esset
1114 1139 1172 1148 ·-
1226 1132 1324 1160 nam
1355 1107 1535 1161 Candsio

75 1245 162 1281 αἰδ.
190 1249 256 1292 Tg).
290 1244 383 1287 Vgl.
401 1254 459 1287 ep.
473 1243 757 1285 CCLXXXIV‚
783 1243 804 1276 4
830 1241 904 1275 und
930 1242 1077 1286 CCCV,
1102 1244 1135 1278 3.
1151 1260 1197 1269 —
1235 1244 1377 1280 Etsi:
1393 1248 1539 1292 gleich-

16 1291 18 1307 ”
75 1290 192 1325 wohl.
226 1308 269 1314 —
317 1289 576 1332 coniungoque.
620 1289 747 1322 Ueber
778 1299 843 1332 que
875 1300 923 1321 =
954 1289 1134 1332 namlich,
1176 1300 1206 1324 s.
1232 1290 1383 1328 Ramsh.
1409 1295 1438 1336 §.
1459 1296 1537 1337 179,

75 1337 120 1378 B,
145 1338 178 1371 3.
205 1355 249 1360 -
287 1335 510 1369 vastandum.
551 1333 615 1368 Sic
640 1336 723 1369 Asc.
752 1336 782 1368 l.
816 1335 914 1368 Crat.
939 1334 1029 1368 Bos.
1055 1334 1168 1379 Seqq.
1202 1340 1416 1373 vastandam
1443 1341 1536 1383 (Md.

77 1384 202 1418 Oxon.
229 1383 261 1414 1.
287 1381 324 1424 2)
359 1380 460 1416 Vict.
492 1382 524 1414 1.
550 1381 583 1414 2.
614 1381 741 1414 Lamb.
780 1379 852 1413 ΟΒ.
892 1379 931 1414 S.
961 1380 1111 1415 Ramsh.
1143 1383 1172 1425 §.
1195 1383 1279 1426 169,
1305 1386 1340 1419 4.
1389 1386 1536 1421 Grotes.

77 1429 107 1471 §-
126 1431 204 1463 317.
237 1428 316 1462 318.
365 1427 474 1461 lenes
499 1425 782 1471 correspondirt
807 1426 939 1459 besser
962 1427 1028 1460 mit
1051 1427 1274 1463 vincendum.
1301 1450 1348 1456 —
1390 1436 1537 1476 parato,

76 1475 208 1508 dessen
235 1473 465 1516 Massregeln
498 1484 539 1506 so
574 1473 741 1506 schlecht
779 1472 982 1506 berechnet
1014 1472 1120 1512 sind,
1165 1474 1250 1507 dass
1275 1476 1331 1510 sie
1357 1478 1539 1513 vielmehr

20 1517 25 1558 ἶ,
76 1521 230 1556 italiens
254 1521 510 1563 Verwiistung
541 1519 596 1553 als
628 1519 698 1552 den
726 1517 816 1561 Sieg
848 1518 1112 1552 herbeisiihren
1145 1519 1306 1556 konnen.
1356 1524 1538 1568 Dagegen

21 1567 22 1598 ἰ
78 1574 191 1600 neunt
215 1566 348 1600 Cicero
374 1565 422 1598 im
448 1573 561 1608 guten
588 1564 704 1599 Sinne
730 1564 800 1597 den
816 1564 953 1598 Caesar
977 1576 1036 1608 ep.
1053 1565 1360 1612 CCCXXXVII,
1386 1572 1405 1604 1
1427 1565 1540 1615 ‘pm-a-

22 1640 24 1660 l
78 1619 152 1647 tum
180 1612 252 1646 und
279 1611 559 1654 CCCXXXIX,
584 1611 606 1644 2
631 1610 734 1646 seine
759 1609 880 1644 Sache
905 1610 989 1644 eine
1015 1622 1123 1645 causa
1138 1614 1317 1656 paratior.
1345 1635 1386 1641 -—
1428 1618 1452 1660 †
1468 1618 1540 1651 De-

22 1662 26 1700 ].
78 1671 174 1692 mum
199 1670 302 1703 quem
325 1662 498 1702 exspecto.
544 1657 630 1699 „Me
656 1656 842 1700 coniungo
869 1668 949 1690 cum
975 1657 1148 1702 homine,
1187 1660 1329 1694 demum
1352 1674 1455 1707 quem
1479 1675 1540 1697 ex-

79 1709 218 1749 specto,
257 1705 323 1738 mit
356 1705 476 1738 einem
508 1704 664 1747 Manne,
710 1703 778 1736 der
809 1702 981 1737 vollends
1022 1714 1096 1737 nun
1138 1714 1214 1743 erst
1244 1708 1329 1741 ach!
1370 1720 1448 1743 was
1481 1710 1541 1743 fiir

24 1758 26 1760 '
81 1751 303 1786 Aussichten
331 1749 368 1783 in
395 1750 456 1784 die
483 1750 647 1783 Zukunst
672 1749 741 1782 mir
765 1749 862 1792 gibt!
910 1760 982 1782 von
1009 1749 1092 1783 dem
1118 1751 1177 1786 ich
1203 1752 1274 1787 mir
1298 1754 1359 1788 fiir
1383 1754 1444 1788 die
1468 1756 1542 1790 Zu-

81 1798 188 1833 kunst
213 1797 287 1830 viel
304 1795 526 1830 Schlimmes
550 1795 797 1840 vwspreehe,
834 1795 899 1828 auf
919 1795 988 1829 den
1017 1798 1082 1831 od.
1109 1799 1175 1832 auf
1195 1800 1327 1834 dessen
1351 1799 1541 1846 kiinftiges

82 1843 277 1879 Schicksal
302 1842 361 1875 ich
386 1852 459 1875 nun
484 1841 659 1875 vollends
683 1841 748 1874 mit
771 1841 998 1885 angstlicher
1021 1842 1187 1886 Neugier
1213 1847 1424 1891 hinblicke‚
1458 1848 1543 1883 des-

26 1888 30 1930 J'
82 1900 146 1925 sen
171 1889 355 1922 feruerem
371 1888 497 1921 Loose
523 1887 581 1921 ich
607 1897 678 1921 nun
704 1887 875 1921 vollends
901 1888 967 1922 mit
982 1888 1208 1930 Besorgniss
1233 1898 1417 1938 entgegen
1440 1895 1539 1929 sebe.

26 1950 27 1954 ¹
82 1936 328 1969 Ueb.demum
351 1935 427 1978 vgl.
443 1934 591 1967 Ramsh.
614 1935 730 1977 §.177.
756 1936 796 1975 ⁴).
832 1933 900 1968 Od.
926 1934 972 1968 ist
998 1935 1065 1971 de:
1082 1937 1172 1971 Sinn
1198 1939 1288 1973 der?
1322 1941 1456 1983 ,‚kurz‚
1475 1942 1542 1974 mit

27 1991 32 2021 ’,ᾗ
83 1982 203 2016 einem
237 1982 392 2023 Manne‚
435 1980 508 2013 wie
550 1980 609 2013 ich
645 1980 709 2012 ibn
746 1985 928 2024 erwarte,
971 1981 1006 2014 d.
1040 1982 1064 2017 i.
1101 1995 1172 2017 von
1210 1985 1293 2019 dem
1333 1987 1391 2019 ich
1431 1986 1539 2029 weis,

28 2039 33 2068 ·,
82 2029 242 2063 VVessen
268 2037 348 2060 man
375 2026 455 2060 sich
480 2037 524 2059 zu
543 2026 617 2059 ihm
644 2026 823 2059 vei-seben
841 2026 949 2060 kann.
985 2027 1050 2062 Sic
1063 2029 1154 2064 Cod.
1174 2031 1326 2065 Decurt.
1345 2033 1486 2075 (Oxou.
1505 2035 1541 2075 1)

28 2086 30 2089 ’
85 2080 121 2108 ut
156 2074 330 2108 voluerat
361 2073 505 2106 Manut.
542 2072 671 2105 Lamb.
698 2072 787 2106 156ss
813 2073 909 2115 (cum
936 2071 1137 2118 interrog.)
1162 2077 1249 2112 Bos.
1277 2078 1391 2121 Seqq.
1433 2078 1543 2113 Latet

28 2124 31 2166 ζ
85 2120 311 2164 corruptela.
349 2120 482 2152 donum
505 2118 584 2153 Md.
613 2118 737 2151 Oxon.
763 2119 796 2151 2.
822 2119 909 2152 Asc.
926 2120 957 2153 l.
985 2120 1084 2156 Vict.
1112 2123 1145 2156 1.
1171 2123 1205 2157 2.
1241 2125 1415 2158 domitum
1441 2126 1541 2159 Crat.

29 2169 31 2177 ⁴
85 2167 217 2200 donum
241 2166 362 2209 Marg.
389 2167 477 2199 Asc.
504 2176 579 2199 sec.
606 2171 641 2198 et
667 2164 764 2198 Crat.
798 2164 1000 2198 Domitium
1032 2166 1112 2200 Alii
1137 2171 1232 2214 apud
1260 2171 1366 2204 Corr.
1393 2171 1544 2215 denique

31 2222 36 2251 ,1
86 2223 189 2257 quem
212 2212 402 2256 exspecto?
440 2212 566 2245 Lamb.
592 2210 629 2244 in
657 2221 705 2243 m.
732 2211 832 2245 1584.
863 2211 1058 2246 ORELLI.
1087 2231 1129 2241 ·—
1177 2216 1247 2250 IV,
1267 2217 1395 2251 Nonas
1419 2218 1542 2256 Mart„

31 2291 34 2296 ,
87 2269 142 2292 em
167 2259 200 2291 4.
221 2259 338 2292 Marz.
363 2276 407 2282 --
455 2258 617 2301 aliquid?
651 2257 799 2299 Etwas,
825 2260 916 2301 sagt⁷
942 2259 1027 2292 iem
1052 2260 1135 2293 Nun
1162 2261 1206 2296 ia.
1236 2287 1244 2296 .
1262 2285 1270 2297 .
1289 2287 1298 2296 .
1334 2262 1372 2298 S.
1392 2263 1543 2298 Ramsh.

31 2297 37 2327 ⁹
88 2305 118 2348 §-
145 2305 231 2347 160,
262 2304 296 2338 2.
338 2303 424 2338 Not.
451 2304 484 2338 5.
513 2305 547 2337 b.
595 2303 739 2337 Grotef.
770 2304 802 2346 §.
826 2303 905 2338 293.
960 2306 1047 2339 Man
1080 2308 1249 2352 supplire
1284 2310 1545 2353 Exspectabam

32 2348 37 2391 f
89 2361 158 2383 vor
183 2360 289 2393 quam
312 2376 320 2383 .
341 2377 348 2384 .
367 2375 375 2383 .
401 2349 582 2392 fugisset..
623 2350 665 2383 ld
691 2349 790 2391 quod
817 2349 951 2384 evenit.
1001 2351 1091 2385 Nam
1116 2354 1319 2399 Pompeius
1344 2367 1366 2389 a
1386 2356 1546 2389 Caesare

88 2394 282 2430 Brundisii
307 2396 481 2430 obsessus
504 2396 660 2430 navibus
686 2395 852 2439 profugit
876 2396 912 2430 in
940 2397 1147 2436 Graeciam.
1195 2402 1297 2435 Caes.
1326 2401 1371 2434 de
1394 2401 1438 2434 B.
1462 2401 1543 2435 civ.

39 2484 40 2489 1
90 2444 131 2485 1,
165 2453 196 2475 c.
223 2441 276 2476 27.
302 2441 408 2476 SCH.
435 2460 480 2466 —
527 2443 668 2484 victor,
702 2441 850 2475 Caesar.
889 2442 987 2477 Statt
1011 2443 1069 2478 hic
1093 2446 1174 2481 will
1200 2446 1338 2481 Schiitz
1363 2446 1447 2480 hinc
1471 2447 1545 2482 i.e.

40 2519 41 2523 ,
90 2499 112 2522 a
134 2487 354 2521 Brundisio.
387 2506 432 2512 —
478 2498 547 2530 qua
572 2513 605 2523 ..
621 2511 632 2521 .
657 2491 689 2520 et
716 2499 783 2532 quo
810 2488 833 2522 i.
860 2499 892 2521 e.
919 2501 992 2532 qua
1016 2490 1076 2525 via
1099 2493 1238 2527 Caesar
1261 2492 1461 2526 Brundisio
1487 2504 1547 2526 re-

91 2544 291 2578 gressurus
328 2538 428 2566 esset
459 2539 496 2567 et
529 2545 603 2576 quo
634 2534 815 2568 tenderet.
848 2535 946 2569 SCH
989 2554 1036 2562 —-
1082 2540 1206 2583 Appia
1230 2536 1307 2576 via,
1346 2537 1406 2571 die
1431 2539 1547 2582 grade

93 2580 186 2614 uach
209 2578 446 2613 Brundisium
473 2579 608 2614 siihrte.
644 2598 687 2604 —
734 2583 918 2625 Arpinum
942 2593 1046 2626 cog.,
1070 2584 1169 2618 'scih
1201 2590 1242 2618 ut
1265 2584 1435 2618 Caesaris
1461 2596 1548 2618 cou-

41 2646 43 2679 {
93 2637 258 2669 gressum
284 2626 449 2659 vitarem.
492 2625 664 2660 Timebat
687 2626 786 2670 sciL,
817 2638 865 2664 ne
891 2634 1045 2672 rogante
1070 2631 1248 2672 Caesare,
1292 2636 1330 2663 ut
1353 2629 1398 2663 ad
1422 2631 1548 2666 urbem

95 2672 286 2752 Belniffldl
304 2672 361 2705 vei
389 2678 541 2715 negaret
565 2682 646 2705 cum
679 2673 848 2716 periculo
879 2675 939 2708 vel
977 2676 1221 2711 assentiretur
1244 2686 1325 2710 cum
1350 2676 1548 2713 dedecore.

146 2720 178 2751 A
263 2718 271 2727 '
288 2717 303 2752 '.

1100 2848 1120 2863 Q
