1795 3043
234 86 337 133 500
492 81 555 137 M.
592 80 649 125 T.
690 78 1031 126 CICERONIS
1065 41 1454 134 EPISTOLAE-

236 191 342 235 affer
379 191 713 240 consolationes,
766 193 801 233 si
832 193 940 233 ullas
968 194 1087 244 potes
1099 206 1112 242 3
1163 195 1343 236 maxime
1382 194 1548 247 quidem
1573 196 1692 239 illam

238 252 386 292 velim:
426 263 498 297 ea,
537 262 647 301 quae
676 249 729 289 ad
757 262 832 290 nos
862 251 1000 290 delata
1030 250 1138 300 sint,
1169 253 1241 292 aut
1268 253 1375 292 falsa
1405 265 1494 293 esse
1522 255 1594 293 aut
1616 256 1693 295 mi·

238 320 359 349 nora.
418 308 533 354 Quae
571 308 606 347 si
639 318 738 347 vera
768 308 873 359 sint,
921 306 1021 358 quid
1050 308 1238 348 futurum
1268 309 1323 349 sit
1351 310 1394 348 in
1423 310 1504 350 hac
1534 310 1622 351 vita
1650 312 1694 352 et

237 366 360 417 fuga,
392 364 551 404 nescio.
608 363 715 404 Nam
745 364 779 403 si
810 365 1057 404 haberemus
1085 377 1174 405 rem
1202 365 1438 417 publicam,
1469 367 1693 408 consilium

239 421 348 461 mihi
377 433 461 460 non
492 420 653 460 deesset
692 433 772 460 nec
802 421 854 460 ad
884 421 1151 461 severitatem
1179 434 1258 462 nec
1288 423 1339 463 ad
1365 422 1692 476 indulgentiam!

239 478 359 518 Haec
390 477 478 519 sive
508 477 729 518 iracundia
759 477 846 518 sive
864 478 1007 518 dolore
1036 478 1122 518 sive
1143 480 1254 519 metu
1284 482 1498 532 permotus
1526 481 1695 533 gravius

240 534 416 586 scripsi,
446 547 568 586 quam
600 536 671 575 aut
698 536 794 574 tuus
824 535 869 574 in
898 535 1022 575 illum
1052 548 1168 575 amor
1196 537 1267 577 aut
1295 549 1412 576 meus
1439 536 1693 588 postulabat.

244 591 291 631 Si
327 603 429 632 vera
465 592 584 638 sunt,
627 592 841 643 ignosces:
889 592 926 631 si
954 592 1080 644 falsa,
1120 605 1187 633 me
1215 593 1374 633 libente
1403 593 1558 644 eripies
1586 592 1696 634 mihi

244 648 358 688 hunc
388 661 587 689 errorem.
646 648 821 698 Quoquo
861 647 983 687 modo
1018 660 1118 688 vero
1156 662 1200 690 se
1238 662 1306 690 res
1342 649 1540 699 habebit,
1584 651 1694 692 nihil

147 706 150 709 “
193 715 222 755 7
244 705 477 757 assignabis
511 717 591 745 1199
631 705 781 757 patruo
817 715 896 743 nec
935 705 1062 756 patri.
1121 706 1256 753 Quum
1284 708 1390 747 haec
1419 707 1693 759 scripsissem,

244 776 269 802 a
299 762 482 803 Curione
511 762 616 802 mihi
643 761 883 801 nuntiatum
911 763 974 801 est
1004 774 1098 801 eum
1128 763 1181 802 ad
1201 776 1268 803 me
1294 764 1455 805 venire.
1512 764 1696 806 Venerat

243 820 354 859 enim
396 819 434 859 is
468 819 512 858 in
544 818 776 858 Cumanum
814 818 979 870 vesperi
1017 819 1175 871 pridie,
1225 819 1268 859 id
1298 822 1383 873 est,
1428 820 1587 863 Idibus.
1647 821 1695 861 Si

242 876 342 927 quid
372 875 463 915 eius
492 875 622 928 igitur
651 886 785 915 sermo
816 874 1019 915 eiusmodi
1048 877 1239 916 attulerit
1248 905 1261 924 ,
1302 877 1413 927 quod
1441 877 1494 918 ad
1523 879 1565 917 te
1592 878 1722 918 scri-r

190 934 219 974 8
242 932 424 972 bendum
440 932 519 979 sit,
546 932 590 971 id
619 931 661 971 in
683 930 818 971 literis
849 932 1085 984 adiungam.
1141 933 1367 973 Praeteriit
1395 934 1540 974 villam
1558 946 1695 975 meam

243 989 370 1029 Curio
401 989 608 1040 iussitque
625 989 730 1029 mihi
745 989 933 1029 nuntiari
955 1000 1053 1029 mox
1080 1002 1124 1030 se
1140 993 1381 1031 venturum:
1421 991 1715 1042 cucurritque·

239 1046 461 1096 Puteolos,
515 1048 562 1086 ut
600 1046 661 1086 ibi
699 1045 1037 1087 concionaretur.
1096 1046 1374 1088 Concionatus
1412 1049 1493 1089 estc
1542 1048 1694 1089 rediit:

236 1104 320 1143 fuit
348 1103 461 1156 apud
488 1115 556 1143 me
597 1115 696 1142 sane
732 1102 818 1143 diu.
878 1102 910 1142 Ο
940 1115 1029 1142 rem
1059 1103 1241 1143 foedam!
1298 1103 1420 1144 Nosti
1458 1105 1693 1145 hominem:

238 1160 349 1200 nihil
388 1159 646 1208 occultavit;
697 1159 740 1198 in
775 1159 925 1210 primis
974 1160 1086 1199 1111111
1126 1172 1216 1200 9559
1253 1161 1434 1210 certius,
1485 1173 1610 1212 quam
1647 1162 1695 1201 ut

238 1228 404 1268 01111195,
435 1217 508 1269 qui
537 1217 629 1269 lege
645 1216 851 1268 Pompeia
875 1216 1139 1256 condemnati
1156 1219 1315 1265 essent,
1346 1217 1692 1267 restituerentur3

238 1339 434 1383 „Alterum
466 1337 551 1372 huic
575 1342 614 1372 tu
644 1348 725 1371 cum
751 1337 844 1371 Cdd.
871 1337 991 1381 Regg.
1018 1336 1160 1370 delevit
1183 1336 1278 1370 Lall.
1312 1337 1410 1371 0R.”
1448 1354 1493 1361 —
1539 1341 1603 1370 aut
1624 1339 1695 1370 mi-

237 1397 330 1419 nora
349 1396 451 1429 vero,
477 1385 569 1426 oder
583 1384 679 1418 doch
699 1383 923 1427 wenigstens
942 1386 1192 1427 vergrossert.
1218 1401 1262 1408 -—
1294 1383 1381 1427 quid
1392 1383 1460 1425 fut.
1480 1383 1529 1416 sit
1552 1383 1591 1416 in
1606 1382 1639 1417 71.
1659 1394 1693 1418 v.

237 1436 271 1464 et
295 1432 342 1475 fi,
375 1442 453 1464 was
482 1432 560 1465 sich
587 1441 651 1464 aus
677 1430 816 1464 diesem
840 1430 1028 1473 Betragen
1054 1429 1127 1463 und
1151 1440 1216 1463 aus
1241 1429 1308 1463 der
1330 1428 1605 1473 Entweichung
1629 1429 1697 1463 des

237 1477 373 1521 iungen
390 1478 594 1512 Menschen
618 1478 714 1511 noch
740 1476 944 1521 anspinn'en
969 1476 1105 1510 konne.
1132 1494 1174 1500 ——
1205 1475 1398 1509 consilium
1422 1482 1500 1518 991,
1525 1486 1569 1509 311
1582 1476 1694 1519 Rath,

236 1534 281 1557 an
307 1524 480 1566 Mitteln,
509 1523 572 1557 11111
596 1523 663 1556 11111
687 1522 846 1565 Strenge
872 1522 945 1555 und
962 1522 1165 1556 Nacbsicht
1188 1521 1331 1555 wieder
1355 1522 1498 1555 zuruck
1520 1532 1566 1555 zu
1590 1521 1695 1555 brin-

235 1581 320 1613 gen.
355 1569 418 1604 Sic
436 1570 580 1613 Oxou„
607 1569 639 1603 si
664 1568 758 1602 fides
776 1568 963 1603 collatori.
989 1569 1088 1602 Man.
1112 1568 1240 1602 Lamb.
1268 1568 1399 1602 Graev.
1427 1567 1452 1601 i.
1467 1578 1499 1601 e.
1527 1568 1693 1610 „iustum

235 1616 383 1649 modum
407 1617 565 1650 servabo
596 1622 632 1649 et
665 1614 702 1648 in
728 1614 927 1649 severitate
959 1620 996 1647 et
1020 1614 1057 1646 in
1084 1614 1350 1657 indulgentia.”
1396 1613 1613 1648 Certissima
1636 1613 1694 1647 vi-

235 1662 345 1695 detur
377 1661 597 1695 emendatio„
648 1660 771 1695 Etiam
807 1659 899 1693 alibi
933 1660 1026 1693 haec
1051 1670 1132 1693 voe.
1171 1659 1247 1693 vidi
1273 1659 1425 1693 confusa
1456 1671 1490 1693 v.
1517 1670 1550 1694 c.
1584 1659 1690 1693 Libr.

235 1709 303 1750 12,
328 1708 386 1741 22.
435 1707 667 1750 diligentiam
704 1707 800 1741 Cett.
834 1716 916 1739 cum
951 1699 1054 1739 Mdd.
1091 1705 1286 1739 ORELLI.
1330 1724 1374 1730 —
1421 1706 1617 1739 iracundia
1642 1706 1691 1739 ob

237 1754 364 1790 Quinti
390 1754 460 1788 filii
484 1755 626 1796 scelus,
666 1753 815 1796 dolore,
849 1762 922 1795 quo
948 1762 1006 1785 1119
1029 1751 1144 1785 afficit
1167 1751 1247 1785 eius
1272 1762 1380 1795 quem
1405 1751 1523 1784 amavi
1547 1756 1584 1785 et
1608 1761 1692 1784 amo

235 1800 402 1844 ingratus
427 1800 586 1842 animus3
617 1803 732 1841 melu,
759 1798 862 1842 quod
887 1808 1035 1838 vereor,
1063 1808 1109 1830 119
1129 1797 1265 1831 Caesar
1291 1797 1329 1830 id
1354 1797 1454 1840 quod
1472 1797 1629 1832 Quintus
1653 1797 1692 1831 ei

233 1846 403 1891 prodidit
425 1846 464 1880 111
489 1847 619 1879 malam
645 1852 785 1890 partem
811 1843 982 1888 accipiat.
1014 1844 1118 1878 SCH.
1168 1844 1293 1876 dolore
1324 1843 1419 1876 auch
1453 1843 1490 1876 in
1515 1843 1692 1877 Hinsicht

234 1892 358 1926 seines
389 1892 575 1935 Bruders,
616 1892 684 1924 der
716 1890 795 1924 sich
829 1891 978 1933 gr'amte.
1022 1909 1065 1914 —
1109 1892 1286 1932 gravius,
1329 1889 1503 1932 heftiger.
1544 1907 1586 1915 —
1633 1899 1691 1923 me

233 1939 383 1981 libente,
416 1949 460 1973 zu
485 1938 642 1972 meinem
667 1936 818 1979 innigen
840 1936 1079 1980 Vergniigen.
1114 1955 1154 1960 --
1202 1936 1297 1969 nihil
1320 1935 1548 1978 assignabis,
1580 1933 1690 1969 wirst

233 1985 295 2018 Du
312 1984 441 2018 weder
457 2010 483 2019 ..
499 1985 595 2018 noch
611 2009 637 2017 ..
653 2009 660 2016 .
677 1982 811 2026 ‘ii-gend
824 1982 952 2017 Etwas
976 1992 1043 2016 zur
1056 1982 1147 2015 Last
1169 1981 1298 2025 legen,
1325 1981 1436 2015 11111911
1463 1981 1524 2015 (119
1544 1980 1689 2016 Schuld

233 2031 352 2065 davon
379 2031 597 2064 beimessen.
646 2030 773 2063 Ueber
798 2028 892 2061 nihil
921 2054 929 2062 .
946 2054 954 2063 .
981 2039 1044 2062 nec
1068 2039 1098 2063 5.
1124 2028 1276 2062 Ramsh.
1302 2027 1331 2070 §.
1348 2029 1430 2070 173,
1455 2029 1498 2070 3,
1524 2027 1610 2061 Not.

324 2090 355 2122 7.
394 2090 430 2120 in
470 2088 670 2121 Cumanum
704 2085 857 2119 fundum
889 2084 1081 2119 Ciceronis
1116 2085 1278 2119 Cumano
1312 2083 1496 2125 vicinum,
1535 2083 1600 2127 qui
1625 2083 1686 2118 vel

234 2133 352 2177 ipsius
377 2133 552 2168 Curionis
584 2137 701 2176 esset,
740 2132 799 2165 vel
831 2131 940 2164 amici
965 2130 1165 2165 cuiusdam.
1212 2130 1327 2165 Prius
1352 2134 1473 2163 tamen
1497 2129 1686 2164 verisimi-

231 2179 318 2214 lius.
349 2178 454 2214 SCH.
496 2199 540 2205 —-
587 2180 627 2213 id
651 2181 689 2212 in
714 2176 835 2212 literis
860 2178 1072 2220 adiungam.
1105 2176 1206 2213 Vict.
1233 2177 1288 2219 2.‚
1329 2186 1398 2209 nec
1424 2176 1500 2210 ulla
1523 2175 1684 2210 varietas

230 2230 381 2259 notatur
403 2225 441 2259 in
467 2226 541 2260 Md.
564 2227 602 2259 id
626 2225 683 2258 his
706 2225 825 2260 literis
848 2225 1051 2266 adiungam
1075 2221 1161 2257 Sch.
1189 2221 1283 2256 coni.
1318 2222 1475 2266 (Nempe
1500 2221 1683 2264 reliquam

229 2271 411 2316 epistolae
436 2278 579 2316 partem
604 2272 739 2305 Cicero
765 2276 839 2303 111111
865 2271 1010 2304 demum
1034 2268 1192 2311 adiecit,
1238 2278 1348 2311 quum
1373 2267 1488 2302 Curio
1514 2267 1683 2303 Puteolis

228 2318 351 2352 redux
383 2317 430 2351 ad
461 2328 501 2351 59
533 2317 706 2352 venisset.
738 2317 862 2358 SCH.)
910 2315 1121 2352 Videndum
1147 2320 1289 2356 tamen,
1324 2324 1369 2346 ne
1392 2314 1543 2358 vulgata
1566 2313 1683 2358 signi-

228 2364 317 2397 ficet
342 2364 380 2397 in
402 2365 603 2407 proximis,
645 2364 684 2396 in
709 2363 798 2397 aliis
822 2362 943 2396 literis
965 2362 1166 2402 adiungam
1189 2360 1248 2393 vel
1274 2359 1463 2393 exciderit
1485 2360 1574 2393 aliis
1597 2365 1681 2393 ante

226 2411 366 2452 literis‚·
415 2410 467 2444 ita
499 2416 538 2444 ut
572 2420 594 2443 a
623 2421 681 2443 vv.
707 2409 907 2442 Praeteriit
937 2417 1055 2441 novae
1086 2406 1157 2450 Ep.
1194 2405 1342 2439 initium
1380 2406 1429 2440 sit
1460 2405 1678 2440 faciendum.

227 2456 325 2491 Sane
358 2456 429 2489 ista
457 2455 571 2490 scribi
602 2455 794 2488 commode
824 2458 999 2498 poterant
1028 2452 1124 2486 inter
1147 2450 1294 2486 XVIII.
1321 2451 1406 2486 Kal.
1431 2451 1571 2493 Maias,
1605 2462 1679 2495 quo

227 2502 287 2536 die
313 2502 397 2536 data
421 2508 507 2536 sunt
529 2501 677 2547 priora,
711 2506 748 2537 ert
771 2501 840 2545 Ep.
857 2501 893 2534 5.
918 2510 952 2533 a.
977 2499 1013 2533 d.
1039 2498 1130 2533 XV.
1152 2498 1237 2532 Kal.
1262 2498 1391 2533 Maias.
1426 2495 1620 2532 ORELLI.

314 2560 348 2594 8.
380 2559 509 2593 villam
533 2569 649 2592 meam
673 2558 883 2592 Cumanam.
915 2575 960 2581 —
1006 2554 1190 2599 concion„
1230 2566 1289 2589 um
1321 2555 1358 2589 in
1384 2554 1516 2588 essars
1538 2554 1679 2589 Namen

225 2604 310 2638 eine
334 2605 441 2639 Rede
466 2616 509 2639 an
535 2605 599 2639 das
624 2604 733 2641 Volk
756 2613 801 2636 zu
828 2603 961 2636 halten.
988 2620 1033 2627 —-
1078 2612 1164 2634 sane
1189 2601 1274 2643 diu,
1298 2600 1471 2635 ziemlich
1494 2601 1615 2644 lange.
1635 2618 1678 2626 -

225 2651 255 2684 0
278 2662 353 2685 rem
377 2653 542 2694 foedam!
574 2653 615 2685 0!
651 2650 718 2684 der
750 2648 1014 2685 schandlichen
1037 2647 1182 2690 Dinge,
1224 2647 1285 2681 die
1319 2647 1380 2681 ich
1410 2657 1481 2679 von
1512 2646 1586 2680 ihm
1618 2656 1680 2679 er-

220 2697 350 2731 fahren
374 2698 480 2731 habe.
516 2717 556 2722 -
605 2694 832 2730 condemnati
856 2698 970 2727 essent
994 2693 1019 2728 i.
1046 2704 1078 2727 e.
1106 2693 1278 2736 exsules,
1311 2693 1375 2736 qui
1400 2692 1547 2736 legibus
1563 2692 1678 2727 Pom-

220 2743 300 2787 peii
328 2743 374 2777 de
408 2743 547 2778 ambitu
582 2750 619 2777 et
650 2742 697 2777 de
727 2742 787 2786 vi,
825 2751 914 2785 quas
945 2739 1012 2774 ille
1049 2739 1199 2773 tertium
1231 2739 1360 2774 consul
1395 2739 1556 2782 tulerat,
1587 2748 1675 2774 con-
