1795 3043
216 47 319 98 202
492 42 558 92 Μ.
593 44 647 90 Τ.
685 43 1023 93 CICERONIS
1057 46 1430 95 EPISTOLAE.
1484 93 1486 97 .

216 158 437 210 honorem,
465 156 757 198 invitationem
786 156 992 200 crebram.
1053 159 1163 209 Quid
1201 159 1353 213 plura?
1404 160 1511 202 Sunt
1538 173 1681 204 omnes

217 215 281 256 ita
309 215 413 256 mihi
439 214 691 267 familiares,
730 216 777 255 ut
807 229 852 256 se
889 217 1069 267 quisque
1097 217 1279 258 maxime
1308 218 1440 270 putet.
1499 219 1583 259 Sed
1622 222 1682 261 ta-

140 275 198 317 17
220 285 315 314 men
344 270 472 321 μηδὲν
501 268 638 313 αὐτοῖς
663 293 721 300 ——
757 273 840 313 scis
876 274 1052 324 reliqua.
1110 274 1174 314 De
1211 276 1349 315 statua
1377 275 1592 325 Africani,
1623 298 1680 306 -

218 328 252 367 ὥ
280 326 532 379 πραγμάτων
560 325 886 376 οἷουγκλώστων]
915 331 987 370 sed
1016 342 1082 370 me
1111 331 1247 382 ipsum
1277 331 1502 372 delectavit
1530 333 1575 373 in
1596 334 1679 374 tuis

218 387 379 435 literis,
409 409 468 416 ——
496 387 582 426 ain'
610 385 685 427 tu?
744 387 887 440 Scipio
915 387 985 427 hic
1006 387 1204 427 Metellus
1232 400 1435 440 proavum
1463 402 1581 429 suum
1608 402 1681 430 ne-

217 444 298 484 scit
318 456 535 484 censorem
552 456 635 483 non
656 443 813 485 fuisse?
851 444 981 495 Atqui
1003 444 1111 484 nihil
1133 444 1281 485 habuit
1299 446 1414 485 aliud
1431 446 1680 499 inscriptum

216 501 301 542 nisi
331 501 444 542 COS.
477 514 526 541 ea
556 502 716 548 statua,
748 514 855 552 quae
886 501 938 541 ad
968 501 1068 552 Opis
1096 514 1173 553 per
1202 503 1243 541 te
1272 503 1410 554 posita
1438 502 1482 542 in
1513 504 1679 543 excelso

218 559 304 606 est,
345 558 390 598 in
420 559 497 598 illa
525 557 651 610 item,
681 570 788 609 quae
817 560 879 598 est
909 558 961 598 ad
989 556 1291 609 Πολυδεύκους,
1327 560 1504 600 hercule
1532 559 1681 600 iuscri-

215 616 338 669 ptum
368 617 445 667 est,
484 615 624 662 COS„
663 627 789 665 quam
819 628 910 655 esse
939 614 1138 663 eiusdem,
1171 617 1316 663 status,
1348 616 1547 664 amictus,
1580 629 1680 657 anu-

214 673 298 720 lus,
329 671 465 725 imago
495 672 590 724 ipsa
617 670 818 712 declarat.
876 671 932 712 At
958 673 1200 712 mehercule
1224 685 1301 725 ego
1325 686 1452 725 quum
1475 673 1521 713 in
1542 678 1681 713 turma

215 730 505 771 inauratarum
542 728 827 780 equestrium,
871 741 974 780 quas
1014 729 1086 769 hic
1131 729 1364 782 [Metellus]
1396 730 1440 771 in
1471 730 1680 783 Capitolio

214 863 307 898 aber
331 862 386 896 oft
410 860 594 906 schuldig.
609 880 650 887 —
676 862 774 897 verb.
794 861 921 896 honor.
947 872 976 897 s.
1002 873 1062 907 ep.
1078 862 1186 907 CCL,
1207 866 1291 899 7.—-
1328 864 1434 898 invit.
1460 865 1572 904 oreb„
1594 863 1680 897 dass

213 909 278 945 ich
303 909 365 943 die
390 908 620 942 Publikaner
646 908 770 953 haufig
795 919 863 943 zur
879 909 987 943 Tat'el
1012 909 1186 944 ziehe.—
1227 913 1268 943 ut
1289 920 1327 943 se
1351 910 1497 954 quisque
1522 911 1680 944 maxime

214 956 299 991 scil.
325 954 415 989 mihi
440 954 660 989 familiarem
681 960 780 999 put„
805 955 890 990 dass
912 955 1018 989 ieder
1035 956 1097 989 bei
1121 955 1193 990 mir
1217 966 1273 990 am
1295 956 1457 990 Meisten
1481 966 1527 989 zu
1553 957 1680 999 gelten

214 1002 357 1047 glaubt.
394 1002 551 1035 ‘maximi
572 1003 658 1035 Asc.
681 1004 712 1036 l.
740 1002 838 1036 Crat.
874 1002 925 1036 Ut
947 1012 1029 1045 nos,
1055 1001 1127 1035 iam
1153 1013 1280 1046 margo
1296 1003 1395 1037 Crat.
1425 1001 1680 1037 ORELLI.—

213 1049 353 1094 μηδὲν
386 1048 547 1089 αὐτοῖς
583 1047 608 1082 i.
635 1059 667 1082 e.
702 1048 797 1082 nihil
833 1047 879 1082 iis
911 1048 1076 1082 concedo
1109 1048 1189 1091 (ich
1216 1049 1314 1081 halte
1339 1048 1452 1083 ihnen
1476 1047 1609 1083 Nichts
1633 1058 1680 1083 zu

214 1094 330 1136 Gute)
356 1100 487 1127 contra
511 1093 569 1127 ius
595 1104 623 1128 s.
651 1105 734 1128 cum
759 1094 898 1129 iniuria
921 1094 1092 1128 aliorum.
1117 1094 1351 1129 ERNESTI.

305 1143 361 1174 17.
406 1139 583 1182 Africani
621 1141 718 1174 ohne
753 1140 910 1175 weitere
943 1140 1211 1184 Bezeichnung
1244 1140 1293 1174 ist
1325 1140 1387 1174 bei
1420 1140 1554 1174 Cicero
1587 1146 1680 1175 stets

213 1185 282 1221 der
305 1186 460 1230 iungere
487 1185 616 1230 Scipio
642 1187 854 1220 Africanus.
896 1187 1031 1221 Cicero
1057 1187 1094 1220 in
1121 1187 1229 1220 libris
1255 1187 1302 1220 de
1327 1197 1370 1220 re
1402 1186 1554 1231 publica
1577 1198 1680 1221 men-

211 1233 354 1268 tionem
384 1233 524 1266 fecerat
557 1238 698 1266 statuae
723 1232 908 1269 Asricani,
944 1243 1038 1274 quae
1070 1233 1115 1266 ad
1143 1232 1236 1277 Opis
1267 1233 1394 1265 aedem
1427 1233 1550 1276 posita
1581 1239 1681 1268 esset

213 1290 295 1312 cum
322 1279 390 1312 hac
415 1278 661 1322 inscriptione
686 1279 726 1313 P.
756 1278 1045 1312 CORNELIUS
1076 1278 1118 1312 P.
1145 1280 1187 1312 F.
1214 1278 1380 1312 SCIPIO
1414 1278 1553 1312 GENS.
1588 1280 1678 1323 (imo

214 1325 347 1367 COS.).
375 1324 483 1360 Quod
509 1336 619 1367 quum
644 1325 742 1358 forte
767 1324 924 1368 legisset
940 1324 1115 1358 Metellus
1130 1323 1274 1368 Scipio,
1289 1323 1510 1358 Ciceronem
1536 1336 1681 1359 errasse

213 1382 369 1414 eamque
400 1377 555 1404 statuam
591 1371 724 1417 proavi
758 1371 816 1405 sui
841 1371 885 1405 P.
913 1370 1105 1415 Scipionis
1128 1370 1286 1405 Nasicae
1312 1369 1530 1415 Serapionis
1566 1371 1683 1405 fuisse

212 1417 376 1451 dixerat.
401 1417 509 1452 SGH.
530 1436 570 1442 —
609 1419 635 1453 ὠ
669 1430 833 1463 πραγμ.
860 1417 1060 1462 demmin,
1096 1427 1117 1450 o
1144 1417 1399 1461 perturbatum
1426 1428 1548 1450 rerum
1576 1417 1681 1451 ordi-

212 1467 314 1499 nem!
342 1464 449 1507 „Das
466 1464 574 1497 nenn’
592 1462 650 1496 ich
667 1464 763 1496 doch
790 1464 849 1497 ein
867 1464 993 1497 Dure
1006 1462 1110 1496 hein
1125 1474 1175 1496 an
1188 1463 1308 1496 der!”
1339 1463 1449 1496 Denn
1470 1464 1564 1496 nach
1579 1465 1607 1507 ζ).
1624 1465 1678 1498 ll.

212 1511 332 1554 folgte
359 1510 492 1544 Cicero
530 1509 598 1542 der
624 1509 806 1553 Ordnung
839 1509 906 1543 des
938 1520 1010 1542 von
1035 1509 1188 1542 Attikus
1221 1509 1528 1551 hingewort'enen
1552 1509 1679 1544 Briess

213 1556 363 1591 Artikel
389 1556 449 1589 fur
463 1555 634 1596 Artike13
659 1555 798 1588 kommt
824 1555 902 1589 also
928 1555 1011 1588 hier
1035 1566 1106 1588 von
1132 1555 1198 1588 der
1223 1554 1343 1589 Sache
1367 1555 1679 1590 derPublikaner

213 1601 395 1649 plotzlich
421 1602 485 1635 auf
513 1601 574 1634 die
600 1600 730 1635 Statue
756 1601 821 1635 des
847 1601 1071 1644 Asrikanus,
1104 1601 1213 1634 einen
1238 1611 1333 1644 ganz
1359 1602 1580 1645 entlegenen
1604 1602 1678 1635 und

212 1649 508 1684 verschiedenen
539 1648 790 1691 Gegenstand.
818 1666 862 1672 —
906 1658 962 1680 me
992 1648 1129 1690 ipsum,
1166 1647 1293 1680 Lamb.
1322 1646 1406 1680 Sch.
1431 1648 1524 1681 Lun.
1558 1659 1613 1681 me
1638 1648 1679 1682 id

212 1695 331 1740 ipsum
356 1701 487 1728 contra
518 1694 611 1728 Cdd.
646 1694 711 1728 cfr.
736 1694 931 1738 Wopkens
965 1693 1022 1727 ed.
1055 1694 1166 1726 Hand
1193 1705 1229 1737 p.
1247 1695 1291 1728 76
1316 1698 1347 1726 et
1371 1695 1450 1727 390.
1481 1694 1676 1728 ORELLI.

213 1741 319 1787 „und
356 1740 587 1785 gleichwohl
623 1740 686 1774 hat
719 1740 790 1773 mir
821 1740 920 1773 diess
952 1739 1244 1783 Hingewort‘ene
1276 1750 1321 1772 an
1355 1739 1515 1773 Deinem
1545 1740 1678 1773 Briefe

212 1789 302 1823 sehr
327 1788 585 1831 get'allen.”—-
621 1787 662 1822 Q.
688 1786 812 1830 Scipio
832 1786 1018 1827 stletellus,
1045 1786 1111 1818 dcr
1131 1784 1456 1829 Schwiegervater
1481 1785 1546 1819 des
1563 1787 1678 1820 Pom-

211 1834 341 1880 peius,
375 1834 442 1867 der
476 1833 639 1866 nachher
669 1832 704 1866 in
731 1832 863 1866 Afrika
894 1843 1014 1876 gegen
1041 1832 1155 1866 Casar
1186 1831 1286 1865 socht
1321 1831 1394 1864 und
1428 1831 1573 1874 besiegt
1597 1831 1676 1865 sich

213 1881 331 1916 Selbst
364 1880 555 1913 entleibte.
603 1879 700 1914 vom
734 1879 778 1914 Q.
806 1879 982 1912 Metellus
1007 1877 1119 1918 Pius,
1153 1877 1235 1911 dem
1260 1877 1386 1912 Sohne
1417 1877 1482 1911 des
1508 1877 1677 1911 Numidi-

212 1938 291 1969 cus,
316 1926 482 1970 adoptirt
507 1932 592 1969 trug
618 1936 660 1959 er
685 1925 818 1958 dessen
837 1926 944 1960 Vor-
962 1924 1035 1957 und
1051 1925 1236 1958 Zunarnen
1257 1923 1308 1966 (S.
1322 1935 1379 1967 ep.
1396 1924 1673 1966 CCXXVIII.),

211 1973 286 2008 wie
318 1983 375 2016 ep.
409 1973 450 2006 L.
473 1972 614 2005 Brutus
649 1971 783 2015 Caepio
808 1971 868 2004 hic
892 1972 1033 2005 Brutus
1065 1977 1225 2014 genannt
1255 1969 1372 2012 wird,
1408 1970 1496 2003 weil
1530 1981 1571 2004 er
1602 1981 1674 2003 von

212 2018 353 2053 seinem
380 2017 641 2051 mutterlichen
670 2018 791 2051 Onkel
822 2017 986 2061 adoptirt
1020 2027 1110 2050 war.
1132 2035 1173 2041 -
1215 2027 1342 2060 proav.
1367 2026 1489 2059 suum,
1515 2016 1675 2049 n'amlich

212 2065 257 2100 P.
277 2065 427 2099 cornel.
455 2063 584 2108 Scipio
610 2064 745 2098 Nasica
770 2063 942 2108 Serapio,
976 2063 1047 2097 den
1072 2063 1174 2097 Sohn
1201 2062 1265 2096 des
1288 2062 1485 2096 Corculum
1512 2062 1583 2095 und
1599 2063 1677 2097 Va-

212 2117 271 2145 ter
302 2111 367 2144 des
393 2111 563 2144 Redners
590 2109 720 2155 Scipio
746 2110 901 2152 Nasica,
935 2110 1003 2143 der
1026 2110 1093 2144 643
1124 2108 1190 2142 mit
1214 2107 1342 2141 Bestia
1367 2107 1507 2141 Consul
1532 2119 1612 2142 war
1637 2118 1673 2142 u.

213 2157 285 2192 den
316 2157 362 2192 P.
398 2156 528 2200 Scipio
559 2157 715 2199 Nasica,
755 2156 825 2189 den
862 2156 1175 2198 Schwiegersohn
1217 2154 1283 2188 des
1308 2154 1478 2188 Redners
1505 2154 1673 2197 Crassus,

213 2209 404 2246 erzeugte.
457 2203 595 2236 Dieser
626 2203 740 2236 letzte
764 2202 900 2236 Nasica
932 2202 979 2236 ist
1010 2203 1077 2235 der
1109 2212 1180 2234 von
1206 2200 1382 2234 Metellus
1408 2200 1611 2244 adoptirte.
1631 2219 1673 2225 —

212 2250 288 2284 nisi
313 2249 412 2284 COS.
441 2248 504 2283 Sic
531 2249 614 2282 cod.
641 2250 786 2282 decurt.
804 2249 964 2283 Crusell.
982 2250 1038 2291 (ut
1061 2247 1212 2281 volebat
1230 2246 1404 2291 Malasp.)
1422 2246 1528 2279 Rom.
1543 2246 1670 2280 Lamb.

211 2297 300 2330 Bos.
334 2296 469 2329 Graev.
506 2295 598 2328 Ern.
630 2295 723 2328 Lijn.
759 2295 954 2329 CENSOR
983 2294 1060 2328 Md.
1085 2294 1225 2336 (Oxon.
1245 2292 1335 2336 l.2.)
1361 2292 1459 2327 Vict.
1478 2294 1510 2326 1.
1525 2292 1557 2326 2.
1584 2291 1671 2327 Sch.

211 2342 252 2377 in
283 2342 354 2376 Ed.
391 2341 473 2375 mai.
526 2341 620 2374 Also
654 2342 812 2384 Consul,
850 2341 953 2374 nicht
984 2341 1148 2382 Censor,
1186 2338 1292 2373 stand
1331 2339 1396 2372 auf
1430 2338 1497 2372 der
1530 2338 1672 2373 Statue.

211 2388 378 2424 Freilich
404 2398 483 2421 war
507 2387 600 2420 auch
626 2385 782 2431 Serapio
811 2387 949 2421 Consul
980 2396 1168 2429 gewesen.
1194 2404 1236 2409 —
1293 2397 1335 2419 ea
1366 2388 1506 2428 statua,
1542 2395 1582 2418 es
1606 2385 1672 2418 be-

210 2435 329 2470 findet
352 2433 494 2469 sich...
510 2443 555 2466 an
579 2433 647 2465 der
665 2433 870 2467 Bilds'aule.
887 2452 930 2457 -
956 2433 1003 2466 ad
1021 2432 1105 2476 Opis
1131 2432 1286 2473 (Rheae,
1313 2431 1488 2476 Cybeles,
1513 2431 1672 2474 Magnae

211 2481 340 2516 matris
374 2480 543 2521 deorum)
577 2478 716 2512 aedem.
736 2498 780 2504 --
814 2490 883 2523 per
907 2483 950 2513 te.
985 2477 1082 2512 Sane
1108 2488 1175 2521 per
1200 2481 1233 2511 te
1257 2477 1444 2511 vitiosum.
1493 2477 1582 2510 Nam
1606 2476 1671 2519 qui

215 2528 357 2562 Atticus
385 2538 464 2560 eam
489 2532 642 2559 statuam
668 2525 737 2558 illo
764 2525 800 2558 in
827 2526 912 2558 loco
936 2524 1127 2569 posuerit?
1164 2524 1239 2557 Iam
1265 2534 1376 2566 quum
1399 2523 1465 2557 Cd.
1493 2522 1529 2555 in
1555 2533 1671 2565 marg.

213 2574 304 2608 1584
328 2572 499 2607 habuerit
520 2575 646 2615 parte,
680 2570 744 2604 vix
776 2571 886 2604 aliter
917 2570 1002 2605 fieri
1027 2569 1148 2615 potuit
1173 2581 1282 2613 quam
1307 2575 1347 2604 ut
1370 2568 1562 2603 excideret
1584 2579 1619 2602 v.
1638 2579 1670 2601 c.

211 2620 390 2654 sinistra.-
422 2619 470 2652 ad
497 2618 584 2662 Opis
611 2617 765 2650 sinistra
793 2621 900 2661 parte
931 2624 1000 2650 cet.
1036 2616 1231 2650 ORELLI.
1255 2634 1301 2641 —
1337 2615 1376 2649 in
1408 2615 1546 2649 excelso
1572 2614 1671 2655 loco,

213 2667 280 2700 auf
294 2666 400 2699 einer
416 2664 638 2699 Anhohe.—
664 2663 997 2703 Πολυδεύκους,
1023 2663 1193 2698 Pollucis
1219 2662 1413 2696 aedem.—
1439 2660 1568 2695 anulus
1593 2671 1673 2694 cum

213 2712 338 2756 signo,
365 2723 440 2756 quo
462 2721 548 2746 usus
566 2716 646 2745 erat
663 2709 871 2745 Africanus.
886 2709 992 2744 SCH.
1005 2729 1041 2735 -
1069 2709 1109 2743 in
1125 2713 1245 2743 turma
1261 2710 1379 2743 inaur.
1396 2718 1463 2751 eq.²
1482 2711 1590 2741 unter
1606 2706 1673 2740 der
