1795 3043
597 31 909 78 EPISTOLA
946 32 983 78 C
988 28 1206 78 CLXXV.
1528 40 1629 86 263

167 147 387 198 insciente,
416 147 527 186 sacta
555 147 654 184 sunt
685 158 711 185 a
737 144 865 184 meiS2
905 144 979 184 sed
1016 144 1077 185 ita
1115 144 1342 197 cecidisse,
1382 146 1428 185 ut
1456 157 1628 199 ageren-

165 205 236 243 tur
265 216 314 243 eo
343 206 549 254 tempore,
577 213 701 254 spero
730 201 899 242 omnino
930 213 1028 241 cum
1057 202 1201 254 aliqua
1223 203 1427 243 Felicitate
1446 204 1489 243 et
1510 205 1625 255 opto.

164 259 458 301 Verumtamen
487 260 582 312 plus
611 271 677 299 me
705 259 748 299 in
779 259 861 298 hac
891 270 964 310 spe
993 260 1066 299 tua
1094 260 1301 312 sapientia
1320 263 1362 300 et
1387 261 1626 301 humanitas

164 318 428 370 consolatur,
469 328 596 368 quam
626 316 919 367 opportunitas
947 315 1162 367 temporis.
1220 318 1388 369 Itaque,
1428 317 1625 369 quemad-

162 374 332 415 modum
362 374 578 427 expediam
608 373 765 414 exitum
794 373 918 413 huius
947 373 1162 413 institutae
1194 375 1412 422 orationis,
1443 388 1528 415 non
1557 387 1623 415 re-

159 432 305 485 perio:
344 444 482 483 neque
515 430 629 471 enim
666 431 829 470 tristius
868 429 1014 470 dicere
1051 430 1278 482 quidquam
1319 432 1450 472 debeo
1490 445 1540 473 ea
1569 433 1622 473 de

161 501 233 540 re,
263 501 388 540 quam
418 490 464 529 tu
493 487 584 541 ipse
614 486 823 528 ominibus
851 487 1020 540 optimis
1047 488 1335 539 prosequeris:
1368 501 1506 541 neque
1534 502 1619 531 non

162 558 229 586 me
260 549 397 586 tamen
430 544 593 586 mordet
612 544 786 596 aliquid.
843 545 893 585 In
923 556 1006 596 quo
1039 557 1169 585 unum
1198 557 1281 585 non
1301 558 1465 594 vereor,
1496 559 1550 587 ne
1573 549 1618 588 tu

159 616 311 657 parum
340 602 573 656 perspicias
608 614 683 653 ea,
724 614 832 653 quae
872 603 989 656 gesta
1017 603 1120 654 sint,
1160 601 1213 642 ab
1244 602 1340 643 aliis
1370 615 1460 642 esse
1489 607 1618 658 gesta,

157 660 310 711 quibus
340 673 415 712 ego
445 660 505 699 ita
537 659 794 712 mandaram,
822 660 883 711 ut,
913 672 1044 710 quum
1073 661 1159 700 tam
1188 661 1313 713 longe
1343 660 1536 701 afuturus
1557 674 1620 702 es-

157 731 256 765 sem,
288 717 339 757 ad
370 730 436 756 me
465 729 519 756 ne
535 718 765 764 referrent3
798 719 985 770 agerent,
1017 717 1128 768 quod
1157 717 1417 769 probassent.
1467 719 1515 758 In
1534 719 1616 760 hoc
1639 719 1666 759 3

155 776 296 814 autem
325 774 429 813 mihi
465 773 576 813 illud
611 774 822 814 occurrit:
865 773 1007 826 „Quid
1037 775 1083 814 tu
1113 775 1262 828 igitur,
1301 775 1337 814 si
1367 773 1618 816 affuisses?’'

154 831 257 871 Rem
294 831 556 881 probassem:
601 831 652 870 de
691 834 903 884 tempore,
944 831 1053 872 nihil
1089 833 1131 872 te
1169 832 1330 884 invito,
1378 832 1487 873 nihil
1524 833 1617 874 siue

152 888 329 928 consilio
359 888 533 939 egissem
563 889 649 929 tuo.
708 889 833 929 Vides
873 888 1023 929 sudare
1060 901 1126 928 me
1156 888 1394 930 iamdudum
1423 890 1617 931 laboran-

150 947 255 993 tem,
287 945 495 997 quomodo
527 958 576 985 ea
606 947 747 992 tuear,
781 958 888 997 quae
918 947 1022 986 mihi
1051 946 1207 986 tuenda
1237 948 1356 994 sunt,
1388 949 1429 986 et
1460 949 1502 987 te
1531 960 1616 988 nou

149 1000 368 1042 offendam.
426 1002 539 1043 Leva
568 1015 635 1042 me
664 1003 795 1056 igitur
825 1003 906 1042 hoc
937 1015 1084 1044 onere:
1127 1010 1342 1055 nunquam
1370 1004 1482 1044 euim
1512 1005 1617 1045 mihi

147 1059 295 1100 videor
331 1061 533 1099 tractasse
573 1072 741 1100 causam
781 1059 1077 1101 difficiliorem.
1148 1060 1220 1101 Sic
1258 1061 1413 1100 habeto
1454 1063 1617 1104 tamen:

147 1116 229 1156 nisi
259 1117 341 1156 iam
373 1119 475 1156 tuuc
505 1117 647 1157 omnia
675 1117 844 1170 negotia
874 1130 969 1158 cum
999 1130 1160 1158 summa
1189 1120 1262 1158 tua
1292 1117 1498 1171 dignitate
1520 1119 1615 1159 dili-

145 1175 388 1226 gentissime
418 1174 719 1220 confecissem,
764 1175 929 1215 tametsi
970 1175 1080 1215 nihil
1121 1174 1346 1216 videbatur
1388 1175 1439 1215 ad
1474 1188 1614 1217 meum

143 1243 246 1283 erga
281 1233 323 1270 te
358 1231 585 1282 pristinum
624 1231 806 1271 studium
846 1232 943 1272 addi
981 1244 1126 1284 posse:
1186 1234 1348 1281 tamen,
1397 1233 1480 1274 hac
1507 1234 1614 1275 mihi

145 1288 352 1329 affinitate
380 1288 596 1340 nuntiata,
625 1300 709 1328 non
739 1289 898 1328 maiore
926 1288 1121 1340 equidem
1151 1289 1314 1341 studio,
1354 1289 1427 1330 sed
1456 1291 1610 1339 acrius,

145 1346 356 1396 apertius,
398 1344 704 1397 significantius
745 1344 994 1398 dignitatem
1031 1349 1145 1386 tuam
1180 1346 1472 1389 defendissem.
1531 1348 1612 1388 De·
1635 1350 1662 1386 4

146 1401 313 1442 cedenti
344 1402 468 1454 mihi,
509 1404 551 1441 et
580 1403 665 1442 iam
693 1402 872 1454 imperio
904 1415 1042 1443 annuo
1080 1403 1330 1455 terminato,
1372 1406 1469 1445 ante
1498 1405 1612 1445 diem

145 1470 216 1500 111.
237 1458 379 1500 Nonas
403 1459 608 1512 Sextiles,
638 1472 768 1511 quum
797 1459 850 1500 ad
880 1460 1023 1500 Sidam
1052 1461 1152 1501 navi
1181 1461 1428 1501 accederem
1458 1464 1501 1502 et
1528 1475 1614 1503 me-

141 1605 184 1628 er
208 1593 262 1628 sei
287 1592 369 1628 sein
394 1593 639 1637 aufrichtiger
660 1593 812 1628 Freund
838 1592 952 1628 nicht.
969 1613 1013 1620 -—
1048 1595 1114 1628 sed
1135 1595 1190 1629 ita
1215 1595 1397 1630 cecidisse.
1436 1595 1512 1632 Sed
1537 1609 1612 1633 ma-

142 1640 353 1674 trimonium
366 1640 593 1674 Dolabellae
614 1639 843 1674 accusatoris
871 1640 923 1674 tui
949 1651 970 1674 a
994 1641 1088 1676 meis
1112 1652 1172 1675 me
1197 1642 1350 1677 absente
1375 1649 1412 1678 et
1428 1643 1611 1679 insciente

138 1693 367 1721 contractum
392 1697 476 1721 esse
499 1687 678 1720 hactenus
704 1687 798 1729 erit,
833 1692 874 1721 ut
897 1697 1010 1732 spero
1036 1693 1073 1721 et
1097 1695 1208 1732 epm,
1233 1699 1314 1724 cum
1340 1689 1466 1733 aliqua
1490 1691 1612 1725 felici-

134 1739 215 1767 ‘tate
240 1733 492 1776 coniunctum,
520 1739 559 1766 ut
585 1739 622 1766 tu
647 1733 857 1778 perspicias
882 1744 951 1767 nec
973 1744 994 1767 a
1018 1745 1076 1768 me
1101 1735 1294 1779 probatam
1320 1747 1403 1771 esse
1427 1737 1527 1771 illam
1550 1749 1611 1772 ac-

0 1780 2 1823 Ι
138 1779 388 1822 cusationem,
420 1790 490 1812 nec.
522 1790 654 1813 novam
687 1780 789 1814 illam
823 1779 1040 1814 affinitatem
1074 1780 1123 1814 de
1154 1792 1238 1814 mea
1268 1793 1359 1826 erga
1384 1789 1419 1816 te
1447 1784 1609 1817 benevo-

0 1825 2 1868 l
138 1826 256 1860 lentia
288 1826 490 1869 quidquam
527 1825 749 1860 detraxisse.
777 1826 885 1861 SGH.
925 1827 1014 1870 Vgl.
1040 1838 1099 1872 ep.
1119 1827 1199 1870 277,
1217 1828 1239 1861 2
1269 1839 1353 1872 geg.
1379 1829 1501 1864 Ende.
1539 1831 1608 1864 illo

138 1876 320 1916 tempore,
356 1883 430 1915 quo
455 1878 650 1906 accusatus
676 1883 759 1907 eras
790 1884 812 1906 a
835 1873 1052 1907 Dolabella.
1075 1893 1118 1898 —
1159 1886 1239 1919 opp.
1266 1878 1392 1919 temp„
1423 1875 1485 1910 die
1509 1876 1608 1921 Fug-

137 1917 297 1953 lichkeit
330 1919 397 1952 der
423 1918 519 1952 Zeit.
561 1919 721 1953 Welche
750 1919 892 1961 Kunst‚
929 1920 1002 1953 den
1027 1920 1269 1965 Verlegenen
1302 1931 1348 1955 zu
1375 1922 1538 1966 spielen!
1563 1942 1609 1949 —-

139 1976 249 2010 neque
367 1964 512 1999 tristius
536 1966 658 1999 dicere
689 1977 720 2009 q.
754 1966 852 2008 deb„
886 1966 984 2000 denn
1023 1966 1084 2000 ich
1116 1966 1201 2002 darf
1229 1968 1317 2002 kein
1353 1969 1607 2004 unsrohliches

138 2012 270 2055 Vllort,
305 2012 394 2046 kein
420 2012 532 2045 Wort
563 2023 638 2046 von
669 2012 783 2046 boser
816 2012 1118 2057 Vorbedeutung
1152 2014 1245 2048 iiber
1276 2014 1360 2049 eine
1386 2014 1506 2050 Sache
1537 2017 1608 2050 mir

139 2058 316 2092 entsallen
354 2059 490 2092 lassen.
516 2077 562 2084 —
609 2059 751 2092 mordet
783 2058 830 2092 ist
861 2059 1148 2104 doppelsinnig3
1190 2060 1458 2096 entwedcr:
1503 2062 1609 2106 „Die

136 2104 329 2148 Meinigen
354 2116 390 2140 u.
417 2104 621 2138 Dolabella
645 2106 764 2138 haben
789 2105 888 2139 mir's
914 2106 1018 2139 nicht
1042 2107 1148 2140 recht
1173 2109 1363 2150 gemachU’
1389 2108 1508 2142 oder
1541 2109 1608 2152 „in

137 2151 298 2185 Deinem
331 2152 569 2194 verspateten
606 2151 911 2186 Gluckwunsche
942 2154 1019 2186 seh’
1045 2153 1107 2186 ich
1131 2152 1280 2198 Etwas‚
1314 2154 1378 2189 das
1410 2156 1508 2189 mich
1541 2156 1609 2190 in‘s

138 2197 286 2240 gebeim
310 2199 492 2242 nagt.⁷’—
528 2209 600 2230 non
624 2209 760 2232 vereor.
791 2209 861 2232 om.
900 2209 973 2232 non
997 2198 1114 2243 Neap.
1142 2201 1229 2235 Asc.
1252 2203 1285 2236 1.
1313 2201 1440 2236 Lamb.
1468 2203 1604 2237 Graev.

137 2243 228 2277 Ern.
256 2244 478 2286 Mam-Lag.
506 2243 591 2279 Sch.
617 2245 712 2278 Liin.
743 2244 873 2278 OR.--
908 2249 1015 2287 gesta
1038 2246 1131 2289 sint,
1159 2247 1277 2292 Neap.
1304 2249 1391 2282 Asc.
1418 2254 1487 2283 cet.
1514 2253 1606 2282 sunt.

138 2308 182 2314 -
214 2293 254 2322 ut
281 2315 288 2323 .
306 2316 314 2324 .
330 2316 337 2323 .
365 2301 408 2323 ne
431 2291 630 2334 referrent,
655 2291 752 2324 mich
778 2291 882 2325 nicht
907 2291 945 2324 in
971 2291 1426 2339 ihreUnterhandlungen
1452 2306 1498 2329 zu
1524 2305 1607 2328 ver-

137 2336 312 2370 flechten.
361 2337 490 2379 „Dass
515 2337 613 2371 diess
647 2337 749 2371 nicht
774 2349 868 2381 ganz
894 2338 999 2372 wahr
1022 2337 1089 2381 ist,
1124 2339 1245 2374 haben
1271 2341 1341 2374 wir
1365 2352 1429 2375 aus
1457 2340 1608 2383 einigen

137 2381 289 2416 Briefen
316 2392 361 2415 an
378 2382 529 2417 Attikus
554 2394 589 2416 u.
607 2384 734 2418 Gallus
759 2385 929 2418 ersehen.
961 2384 1088 2419 Ueber
1108 2390 1148 2420 ut
1165 2397 1208 2420 ne
1233 2397 1261 2421 s.
1279 2388 1428 2422 Ramsh.
1448 2388 1475 2429 ᾗ.
1489 2389 1567 2430 193,
1578 2387 1606 2422 1.

227 2430 262 2463 3.
296 2429 411 2469 illud,
448 2429 608 2463 namlich
640 2439 718 2464 was
749 2431 810 2465 Du
845 2441 958 2475 §agen
990 2430 1118 2476 wirst‚
1158 2438 1195 2466 te
1229 2433 1390 2468 fortasse
1422 2434 1606 2468 dicturum

138 2484 233 2508 esse.
258 2493 301 2500 —-
338 2475 460 2518 igitur
493 2475 573 2510 scil.
606 2477 770 2511 facturus
802 2477 949 2512 fuisses.
973 2496 1016 2502 —
1053 2478 1098 2512 de
1128 2483 1303 2525 tempore,
1336 2481 1426 2514 aber
1450 2480 1487 2514 in
1513 2480 1606 2514 Hin-

136 2519 235 2555 sicht
276 2520 341 2555 auf
376 2520 438 2554 die
470 2521 734 2567 zeitvorfalle‚
777 2523 901 2558 Deine
931 2524 1118 2567 Anklage.
1146 2545 1189 2550 -—-
1233 2527 1370 2563 labor„
1411 2526 1501 2560 weil
1536 2527 1608 2561 mlr

137 2566 234 2600 mein
267 2568 455 2611 Volitag,
509 2569 630 2602 meine
667 2570 995 2615 Entschuldigung
1033 2571 1109 2606 und
1146 2572 1459 2618 Rechtfertigung
1495 2584 1606 2608 sauer

138 2613 247 2647 wird.
272 2633 312 2639 --
358 2618 391 2646 et
415 2626 459 2647 =
483 2618 516 2646 et
541 2618 681 2658 tamen,
706 2620 840 2660 καίτοι,
866 2621 899 2650 te
924 2628 996 2650 non
1020 2618 1148 2661 offend.
1172 2638 1212 2643 —
1246 2630 1342 2653 cau-⁹.
1369 2620 1467 2663 diff,
1495 2621 1607 2655 hack-

138 2658 260 2704 ligere
285 2659 418 2694 Sat-he.
437 2679 479 2684 -
521 2660 674 2705 signif„
701 2663 1048 2699 nachdriicklicher.

229 2707 264 2742 4.
296 2710 379 2742 ante
403 2706 501 2742 diem
534 2719 603 2745 ιιι.
630 2707 758 2745 Nonas
782 2709 960 2755 Sextiles,
992 2721 1048 2746 nm
1079 2712 1110 2746 3.
1135 2711 1294 2756 August..
1317 2730 1359 2737 —
1398 2712 1491 2748 Sida
1523 2712 1609 2749 eine
