1795 3043
184 82 284 130 554
445 79 508 126 Μ.
546 80 600 125 Τ.
639 79 975 126 CICERONIS
1010 80 1376 128 EPISTOLAE.

304 215 616 262 EPISTOLA
655 215 1045 263 CCCLXXXVII.
1095 217 1175 276 (ad
1210 219 1300 263 Ait.
1336 217 1415 263 XI.
1449 220 1518 278 2.)

364 301 446 337 Ser.
473 302 510 337 in
536 303 655 348 Epiro
680 304 775 338 Non.
803 305 913 339 Febr.
939 307 983 339 A.
1013 305 1055 339 U.
1082 305 1120 340 c.
1146 306 1223 340 706.
1256 307 1301 348 (a.
1319 304 1360 339 c.
1385 305 1461 346 48.)

184 382 277 416 Rem
302 381 519 418 familiarem
544 382 663 417 Attici
693 395 804 464 curas
828 383 961 464 itlerum
987 384 1214 465 contigendat
1238 384 1498 434 miseriamque
1523 391 1637 420 status

698 430 755 464 sui
808 442 852 476 ep
871 437 964 465 orat.
1000 433 1071 464 1—
1108 458 1114 464 .

671 509 859 545 CICERO
892 511 1083 546 ATTICO
1110 510 1149 545 S.

295 578 460 620 Literas
488 581 581 620 tuas
610 580 758 632 accepi
786 581 922 633 pridie
951 581 1092 622 Nonas
1123 579 1247 621 Febr.
1284 592 1417 631 eoque
1444 579 1537 632 ipso
1566 579 1636 621 die

182 648 235 677 cx
262 637 510 677 testamento
551 638 666 678 crevi
696 637 988 679 hereditatem.
1047 639 1112 679 Ex
1141 637 1285 678 multis
1315 638 1417 677 meis
1452 638 1636 678 miserri-

181 694 264 733 mis
283 694 397 734 curis
427 696 488 734 est
517 707 600 734 una
628 695 788 741 levata,
821 695 876 747 si,
905 697 952 734 ut
970 695 1141 746 scribis,
1172 695 1253 734 ista
1271 694 1482 734 hereditas
1511 693 1637 734 fidem

181 751 224 789 et
262 751 416 791 famam
453 763 586 790 meam
628 751 739 790 tueri
765 753 926 803 potest,
973 763 1097 802 quam
1138 751 1306 802 quidem
1345 753 1387 791 te
1426 751 1633 804 intelligo,

128 819 158 858 2
180 807 304 847 etiam
343 809 432 847 sine
473 808 733 859 hereditate,
783 809 868 848 tuis
898 808 1048 860 opibus
1078 808 1345 847 defensurum
1374 809 1513 848 fuisse.
1572 809 1636 848 De

180 863 278 903 dote
314 864 425 915 quod
462 865 639 917 scribis,
687 876 765 916 per
800 878 943 905 omnes
973 865 1070 905 deos
1100 867 1141 905 te
1171 864 1379 912 obtestor,
1426 867 1473 904 ut
1502 867 1633 905 totam

178 933 266 960 rem
297 922 525 973 suscipias,
568 924 611 962 et
646 921 763 962 illam
792 923 989 962 miseram
1028 935 1120 962 mea
1149 923 1273 974 culpa
1305 924 1347 961 et
1376 921 1635 975 negligentia

177 979 324 1018 tueare
352 979 456 1019 meis
484 978 654 1031 opibus,
696 980 731 1019 si
761 991 868 1030 quae
899 982 1016 1029 sunt;
1067 980 1173 1027 tuis,
1219 979 1370 1030 quibus
1398 978 1477 1018 tibi
1505 980 1635 1019 mole-

177 1035 289 1075 stum
318 1047 401 1075 non
425 1036 527 1083 erit,
559 1036 854 1077 facultatibus:
892 1039 962 1078 cui
990 1037 1159 1089 quidem
1176 1036 1317 1075 deesse
1339 1035 1491 1088 omnia,
1522 1035 1636 1087 quod

176 1092 351 1142 scribis,
382 1092 556 1133 obsecro
575 1095 636 1144 te,
667 1094 756 1133 noli
775 1094 875 1145 pati.
936 1095 984 1133 In
1002 1106 1105 1145 quos
1135 1094 1246 1133 enim
1263 1094 1450 1144 sumptus
1479 1093 1636 1133 abeunt

177 1150 341 1190 fructus
367 1149 664 1201 praediorum?
722 1151 811 1190 Iam
840 1151 916 1190 illa
943 1151 1015 1190 HS
1041 1164 1130 1201 Lx„
1160 1162 1266 1201 quae
1296 1149 1471 1199 scribis,
1512 1162 1634 1189 nemo

175 1205 282 1246 mihi
311 1219 497 1257 unquam
525 1206 653 1254 dixit,
696 1219 747 1247 ex
778 1207 873 1246 dote
905 1219 994 1247 esse
1023 1207 1232 1247 detracta:
1280 1218 1492 1257 nunquam
1522 1207 1635 1246 enim

176 1274 309 1303 essem
339 1276 499 1314 passus.
571 1262 652 1302 Sed
689 1263 797 1303 haec
825 1263 997 1304 minima
1027 1265 1089 1303 est
1126 1276 1178 1304 ex
1206 1263 1259 1303 iis
1288 1262 1478 1315 iniuriis,
1529 1276 1634 1314 quas

176 1321 349 1371 accepi3
400 1320 450 1359 de
479 1318 633 1371 quibus
662 1320 714 1358 ad
744 1323 784 1360 te
815 1320 959 1360 dolore
991 1322 1032 1359 et
1061 1320 1248 1360 lacrimis
1277 1319 1463 1359 scribere
1492 1320 1634 1371 prohi-

123 1391 152 1432 3
176 1376 291 1417 beor.
348 1377 414 1417 Ex
444 1389 493 1417 ea
522 1377 726 1428 pecunia,
757 1390 864 1428 quae
895 1377 974 1417 suit
1001 1377 1044 1416 in
1069 1377 1193 1423 Asia,
1225 1378 1387 1429 partem
1416 1376 1634 1417 dimidiam

174 1436 264 1475 sere
295 1434 427 1485 exegi.
486 1433 635 1474 Tutius
665 1433 888 1474 videbatur
918 1435 1009 1475 fore
1039 1434 1123 1480 ibi,
1152 1433 1225 1473 ubi
1253 1435 1337 1484 est,
1369 1445 1493 1484 quam
1523 1434 1635 1486 apud

174 1491 438 1544 publicanos.
492 1490 617 1538 Quod
645 1503 711 1530 me
740 1490 945 1541 hortaris,
975 1493 1024 1531 ut
1052 1489 1172 1531 firmo
1195 1490 1271 1530 sim
1288 1490 1450 1537 animo,
1481 1492 1635 1532 vellem

173 1561 316 1600 posses
354 1547 514 1599 aliquid
543 1545 717 1599 afferre,
758 1548 1029 1599 quamobrem
1065 1548 1107 1587 id
1145 1549 1288 1588 facere
1316 1560 1491 1599 possem.
1551 1548 1634 1588 Sed

173 1606 210 1645 si
243 1606 294 1646 ad
323 1606 487 1646 ceteras
515 1604 702 1644 miserias
741 1605 919 1645 accessit
955 1606 1081 1644 etiam
1111 1604 1178 1656 id,
1226 1605 1337 1655 quod
1367 1606 1472 1644 mihi
1503 1604 1633 1658 Chry·

266 1727 298 1758 1.
328 1725 426 1768 prid.
453 1724 550 1759 Non.
573 1725 705 1767 Febr„
727 1735 796 1758 -am
820 1725 855 1758 4.
873 1725 1052 1759 Februar.
1079 1745 1121 1750 —
1156 1726 1254 1759 ενα-ι’
1279 1725 1417 1768 hei-ed„
1452 1726 1512 1759 ich
1537 1727 1632 1761 habe

171 1770 234 1805 die
259 1771 459 1805 Erbschast
482 1776 711 1814 angetreten.
747 1771 909 1815 Nempe,
936 1771 1035 1814 quod
1051 1772 1238 1805 Manutius
1266 1772 1377 1813 vidit,
1404 1772 1524 1806 literis
1550 1773 1633 1807 istis

171 1817 319 1852 Atticus
343 1817 577 1851 nuntiaverat
599 1816 844 1851 hereditatem
869 1817 1043 1851 Ciceroni
1068 1817 1269 1861 obtigisse,
1312 1829 1418 1860 quam
1444 1818 1526 1862 ipse
1551 1830 1632 1853 cre-

173 1869 276 1898 turus
310 1864 359 1899 sit
391 1863 472 1899 eius
504 1863 653 1897 nomine
688 1863 787 1908 prid.
816 1863 915 1898 Non.
953 1863 1066 1897 Febr.
1109 1864 1259 1898 Accidit
1294 1862 1431 1907 igitur,
1473 1871 1512 1898 ut
1547 1865 1633 1900 illas

171 1910 302 1945 literas
319 1910 451 1945 Cicero
477 1909 607 1944 eodem
623 1909 685 1943 die
710 1909 916 1954 acciperet,
944 1909 1009 1952 qui
1034 1916 1114 1944 erat
1137 1910 1218 1944 dies
1243 1909 1421 1944 cretionis
1446 1911 1491 1944 ab
1505 1911 1631 1946 Attico

171 1956 399 2001 designatus.
431 1956 539 1990 SCH.
565 1975 607 1981 —-
644 1956 782 1998 levata,
817 1955 999 1999 gehoben.
1024 1974 1069 1980 —
1103 1958 1209 1999 fidem
1234 1960 1268 1989 et
1290 1958 1428 1998 famam
1451 1968 1497 1991 m.
1523 1958 1631 2001 tueri,

171 2002 318 2038 meinen
343 2002 473 2037 Credit
496 2001 569 2035 und
594 2008 708 2046 guten
732 2002 872 2035 Namen
897 2001 1053 2036 decken.

260 2050 294 2084 2.
325 2049 380 2083 De
404 2050 486 2083 dote
509 2048 591 2083 scil.
617 2048 767 2082 Tulliae
792 2058 813 2081 a
836 2048 1033 2082 Dolabella
1051 2047 1238 2092 dissipata.
1277 2048 1367 2082 Nam
1395 2050 1556 2084 nondum
1581 2050 1630 2084 de

171 2094 259 2130 dote
283 2102 368 2140 post
391 2095 591 2130 divortium
617 2094 653 2128 ei
678 2094 907 2128 restituenda
931 2094 990 2128 hic
1015 2094 1075 2138 agi
1092 2105 1203 2138 posse
1227 2093 1321 2128 vidit
1336 2095 1544 2137 Manutius,
1570 2096 1631 2131 cui

171 2149 291 2175 tamen
328 2153 403 2175 non
438 2141 622 2175 assentior
658 2141 729 2175 hoc
762 2140 808 2174 de
842 2140 1042 2174 Terentiae
1080 2140 1168 2173 dote
1208 2139 1481 2185 interpretanti.
1519 2142 1628 2176 SCH.

169 2188 291 2232 culpa.
333 2187 371 2222 S.
398 2199 456 2232 ep.
476 2189 568 2230 391,
594 2189 626 2220 1.
653 2205 698 2211 -
745 2187 779 2220 si
803 2197 891 2230 quae
915 2191 1017 2230 sunt,
1044 2197 1085 2220 so
1104 2186 1193 2219 weit
1219 2197 1258 2219 es
1284 2187 1463 2221 zureicht.
1489 2206 1532 2212 —
1570 2189 1629 2230 fa-

169 2234 367 2267 cultatibus
389 2244 409 2268 e
434 2234 659 2278 glossemate
685 2233 758 2268 del.
786 2233 832 2266 de
857 2233 947 2267 Ern.
972 2243 1075 2277 susp.
1103 2232 1188 2267 Sch.
1215 2232 1250 2265 in
1276 2233 1345 2266 Ed.
1373 2232 1457 2267 mai.
1483 2252 1527 2258 —
1570 2235 1631 2268 cuz·

171 2280 352 2323 (Tulliae)
379 2305 388 2315 .
405 2305 414 2314 .
433 2306 440 2314 .
467 2281 585 2314 deesse
610 2281 744 2322 omnia,
771 2279 854 2312 dass
878 2278 933 2313 sie
959 2289 1003 2312 an
1023 2279 1146 2313 Allem
1171 2279 1319 2322 Mangel
1344 2278 1456 2313 leide.
1483 2298 1528 2304 —
1564 2282 1627 2313 ab·

168 2331 273 2369 eunt,
300 2326 357 2360 fiir
382 2336 460 2361 was
483 2326 542 2359 fiir
567 2326 766 2368 Ausgaben
792 2326 911 2368 gehen
937 2336 1023 2367 weg
1049 2325 1084 2358 d.
1111 2325 1136 2358 i.
1164 2325 1314 2358 werden
1339 2326 1564 2360 verwendet.
1582 2344 1628 2351 —-·

166 2373 232 2408 HS
255 2373 337 2407 LX.
364 2373 428 2416 (z
451 2374 554 2416 6‚000
572 2372 664 2412 Flr.)
692 2398 699 2405 .
716 2398 723 2405 .
739 2398 746 2405 .
772 2372 946 2405 detracta.
994 2372 1112 2406 Quum
1139 2370 1266 2404 Tullia
1290 2371 1515 2406 Dolabellae
1541 2372 1620 2405 col-

166 2419 378 2462 locaretur,
405 2419 588 2453 insciente
612 2418 794 2451 Cicerone
831 2418 889 2451 vel
914 2428 935 2450 a
958 2417 1164 2451 Philotimo
1190 2417 1248 2450 vel
1274 2416 1318 2450 ab
1345 2416 1427 2461 ipsa
1450 2418 1626 2452 Terentia

168 2465 334 2500 detracta
358 2471 442 2499 sunt
473 2464 537 2499 HS
562 2464 668 2506 LX„
706 2474 800 2506 quae
826 2463 872 2496 ad
896 2463 1065 2496 maritum
1090 2473 1163 2496 non
1188 2462 1442 2507 pervenirent.

257 2514 289 2548 3,
324 2512 452 2554 exegi,
484 2511 567 2544 hab'
590 2510 650 2544 ich
677 2510 858 2552 bezogen.
899 2509 1067 2543 Namlich
1092 2510 1206 2542 sehon
1233 2509 1368 2543 sriiher.
1406 2509 1459 2542 Er
1479 2510 1625 2543 berich-

171 2558 283 2603 figet,
318 2559 409 2592 Was
434 2569 476 2591 er
499 2557 549 2591 im
574 2567 655 2590 vor.
678 2555 742 2588 Br.
769 2556 798 2598 ξ).
819 2556 841 2589 2
866 2554 1110 2598 geschrieben
1138 2556 1250 2589 hatte.
1276 2574 1317 2580 -—-
1367 2555 1441 2598 ibi,
1474 2556 1536 2589 nbi
1560 2560 1624 2599 est,

170 2604 269 2649 apud
301 2604 512 2649 Egnatium.
562 2602 601 2637 S.
627 2601 801 2645 folg.Br.
834 2601 926 2634 oder
958 2612 1015 2645 ep.
1035 2601 1124 2643 391,
1158 2603 1238 2644 §.3.
1289 2602 1415 2635 Ueber
1444 2602 1625 2645 Egnatius

171 2662 199 2684 s.
226 2662 271 2686 zu
298 2662 357 2695 ep.
383 2649 664 2689 CCCLXXXI,
697 2648 730 2681 4.
769 2666 810 2670 —-
859 2647 954 2691 apud
974 2647 1108 2690 public.
1143 2646 1298 2693 Ephesi.
1347 2647 1386 2682 S.
1414 2659 1472 2691 ep.
1493 2649 1559 2690 32,
1590 2650 1623 2682 9.

171 2696 288 2732 Diese
314 2697 482 2735 Summe,
507 2695 568 2728 die
594 2694 730 2728 andere
757 2693 898 2735 flaute,
931 2693 1030 2726 hatte
1055 2693 1258 2738 Pompeius
1282 2693 1467 2737 geliehen.
1499 2694 1538 2729 S.
1565 2706 1623 2738 ep.

171 2745 256 2787 391,
280 2746 315 2780 3.
349 2745 436 2786 302,
462 2744 497 2778 9.
524 2759 566 2766 -—-
606 2742 747 2783 faeere,
779 2738 941 2783 moglich
966 2739 1129 2775 macheu.
1156 2758 1199 2766 —
1233 2739 1466 2785 Chrysippus.
1514 2740 1551 2775 S.
1578 2751 1623 2774 zu
