<?xml version="1.0" encoding="UTF-8"?>
<!DOCTYPE html PUBLIC "-//W3C//DTD XHTML 1.0 Transitional//EN"
    "http://www.w3.org/TR/xhtml1/DTD/xhtml1-transitional.dtd">
<html xmlns="http://www.w3.org/1999/xhtml" xml:lang="en" lang="en">
 <head>
  <title>
</title>
<meta http-equiv="Content-Type" content="text/html;charset=utf-8" />
  <meta name='ocr-system' content='tesseract 3.04.00' />
  <meta name='ocr-capabilities' content='ocr_page ocr_carea ocr_par ocr_line ocrx_word'/>
</head>
<body>
  <div class='ocr_page' id='page_1' title='image "./epistolaeadattic02ciceuoft_0275.png"; bbox 0 0 1795 3043; ppageno 0'>
   <div class='ocr_carea' id='block_1_1' title="bbox 543 62 1602 114">
    <p class='ocr_par' dir='ltr' id='par_1_1' title="bbox 543 62 1602 114">
     <span class='ocr_line' id='line_1_1' title="bbox 543 62 1602 114; baseline 0.002 -2"><span class='ocrx_word' id='word_1_1' title='bbox 543 63 854 113; x_wconf 85' lang='lat' dir='ltr'>EPISTOLA</span> <span class='ocrx_word' id='word_1_2' title='bbox 890 62 1177 111; x_wconf 88' lang='lat' dir='ltr'><strong>CCLXXVI.</strong></span> <span class='ocrx_word' id='word_1_3' title='bbox 1501 65 1602 114; x_wconf 80' lang='lat'>265</span> 
     </span>
    </p>
   </div>
   <div class='ocr_carea' id='block_1_2' title="bbox 108 173 1655 1256">
    <p class='ocr_par' dir='ltr' id='par_1_2' title="bbox 143 173 1655 917">
     <span class='ocr_line' id='line_1_2' title="bbox 146 173 1653 229; baseline -0.001 -10"><span class='ocrx_word' id='word_1_4' title='bbox 146 177 231 220; x_wconf 91' lang='lat' dir='ltr'>Sed</span> <span class='ocrx_word' id='word_1_5' title='bbox 269 179 374 220; x_wconf 89' lang='lat' dir='ltr'>heus</span> <span class='ocrx_word' id='word_1_6' title='bbox 411 181 481 227; x_wconf 89' lang='lat' dir='ltr'>tu,</span> <span class='ocrx_word' id='word_1_7' title='bbox 523 175 673 226; x_wconf 74' lang='grc' dir='ltr'><em>πυρούς</em></span> <span class='ocrx_word' id='word_1_8' title='bbox 707 178 763 220; x_wconf 85' lang='grc' dir='ltr'>εἰς</span> <span class='ocrx_word' id='word_1_9' title='bbox 791 176 921 226; x_wconf 83' lang='grc' dir='ltr'><em>δῆμον</em></span> <span class='ocrx_word' id='word_1_10' title='bbox 949 176 1159 221; x_wconf 68' lang='lat' dir='ltr'>Athenis?</span> <span class='ocrx_word' id='word_1_11' title='bbox 1196 177 1340 229; x_wconf 84' lang='lat' dir='ltr'>placet</span> <span class='ocrx_word' id='word_1_12' title='bbox 1373 175 1455 216; x_wconf 91' lang='lat' dir='ltr'>hoc</span> <span class='ocrx_word' id='word_1_13' title='bbox 1493 173 1653 224; x_wconf 67' lang='lat' dir='ltr'>tib122</span> 
     </span>
     <span class='ocr_line' id='line_1_3' title="bbox 145 233 1603 289; baseline -0.003 -13"><span class='ocrx_word' id='word_1_14' title='bbox 145 237 227 277; x_wconf 91' lang='lat' dir='ltr'>etsi</span> <span class='ocrx_word' id='word_1_15' title='bbox 254 249 338 277; x_wconf 87' lang='lat' dir='ltr'>nou</span> <span class='ocrx_word' id='word_1_16' title='bbox 369 234 653 289; x_wconf 82' lang='lat' dir='ltr'>impediebant</span> <span class='ocrx_word' id='word_1_17' title='bbox 682 235 765 275; x_wconf 92' lang='lat' dir='ltr'>mei</span> <span class='ocrx_word' id='word_1_18' title='bbox 795 236 911 276; x_wconf 90' lang='lat' dir='ltr'>certe</span> <span class='ocrx_word' id='word_1_19' title='bbox 941 234 1041 273; x_wconf 86' lang='lat' dir='ltr'>libri</span> <span class='ocrx_word' id='word_1_20' title='bbox 1069 257 1126 264; x_wconf 85' lang='lat'>--</span> <span class='ocrx_word' id='word_1_21' title='bbox 1155 247 1239 274; x_wconf 88' lang='lat' dir='ltr'>non</span> <span class='ocrx_word' id='word_1_22' title='bbox 1269 233 1381 274; x_wconf 91' lang='lat' dir='ltr'>enim</span> <span class='ocrx_word' id='word_1_23' title='bbox 1410 234 1492 274; x_wconf 89' lang='lat' dir='ltr'>ista</span> <span class='ocrx_word' id='word_1_24' title='bbox 1521 233 1603 272; x_wconf 88' lang='lat' dir='ltr'>lar-</span> 
     </span>
     <span class='ocr_line' id='line_1_4' title="bbox 145 291 1605 347; baseline -0.003 -14"><span class='ocrx_word' id='word_1_25' title='bbox 145 293 248 347; x_wconf 82' lang='lat' dir='ltr'>gitio</span> <span class='ocrx_word' id='word_1_26' title='bbox 278 294 357 334; x_wconf 86' lang='lat' dir='ltr'>fuit</span> <span class='ocrx_word' id='word_1_27' title='bbox 386 295 429 334; x_wconf 91' lang='lat' dir='ltr'>in</span> <span class='ocrx_word' id='word_1_28' title='bbox 460 294 595 346; x_wconf 80' lang='lat' dir='ltr'>cives,</span> <span class='ocrx_word' id='word_1_29' title='bbox 634 293 707 335; x_wconf 82' lang='lat' dir='ltr'>sed</span> <span class='ocrx_word' id='word_1_30' title='bbox 735 293 780 332; x_wconf 90' lang='lat' dir='ltr'>in</span> <span class='ocrx_word' id='word_1_31' title='bbox 806 292 990 344; x_wconf 87' lang='lat' dir='ltr'>hospites</span> <span class='ocrx_word' id='word_1_32' title='bbox 1020 291 1256 332; x_wconf 84' lang='lat' dir='ltr'>liberalitas</span> <span class='ocrx_word' id='word_1_33' title='bbox 1281 313 1339 319; x_wconf 95' lang='lat'>—</span> <span class='ocrx_word' id='word_1_34' title='bbox 1368 303 1435 331; x_wconf 90' lang='lat' dir='ltr'>me</span> <span class='ocrx_word' id='word_1_35' title='bbox 1463 291 1605 330; x_wconf 87' lang='lat' dir='ltr'>tamen</span> 
     </span>
     <span class='ocr_line' id='line_1_5' title="bbox 148 346 1605 401; baseline -0.002 -10"><span class='ocrx_word' id='word_1_36' title='bbox 148 350 200 391; x_wconf 91' lang='lat' dir='ltr'>de</span> <span class='ocrx_word' id='word_1_37' title='bbox 229 352 481 392; x_wconf 83' lang='lat' dir='ltr'>Academiae</span> <span class='ocrx_word' id='word_1_38' title='bbox 518 347 711 399; x_wconf 75' lang='grc' dir='ltr'><em>προπύλῳ</em></span> <span class='ocrx_word' id='word_1_39' title='bbox 749 346 869 390; x_wconf 73' lang='lat' dir='ltr'>iubes</span> <span class='ocrx_word' id='word_1_40' title='bbox 909 349 1121 401; x_wconf 70' lang='lat' dir='ltr'>cogitare,</span> <span class='ocrx_word' id='word_1_41' title='bbox 1161 362 1291 399; x_wconf 90' lang='lat' dir='ltr'>quum</span> <span class='ocrx_word' id='word_1_42' title='bbox 1328 349 1411 389; x_wconf 91' lang='lat' dir='ltr'>iam</span> <span class='ocrx_word' id='word_1_43' title='bbox 1441 348 1605 399; x_wconf 90' lang='lat' dir='ltr'>Appius</span> 
     </span>
     <span class='ocr_line' id='line_1_6' title="bbox 147 404 1605 460; baseline -0.003 -11"><span class='ocrx_word' id='word_1_44' title='bbox 147 407 198 448; x_wconf 87' lang='lat' dir='ltr'>de</span> <span class='ocrx_word' id='word_1_45' title='bbox 217 408 418 449; x_wconf 87' lang='lat' dir='ltr'>Eleusine</span> <span class='ocrx_word' id='word_1_46' title='bbox 446 420 529 448; x_wconf 91' lang='lat' dir='ltr'>non</span> <span class='ocrx_word' id='word_1_47' title='bbox 559 407 728 460; x_wconf 89' lang='lat' dir='ltr'>cogitet.</span> <span class='ocrx_word' id='word_1_48' title='bbox 769 407 833 447; x_wconf 93' lang='lat' dir='ltr'>De</span> <span class='ocrx_word' id='word_1_49' title='bbox 853 406 1081 446; x_wconf 87' lang='lat' dir='ltr'>Hortensio</span> <span class='ocrx_word' id='word_1_50' title='bbox 1112 408 1153 444; x_wconf 91' lang='lat' dir='ltr'>te</span> <span class='ocrx_word' id='word_1_51' title='bbox 1184 409 1300 446; x_wconf 86' lang='lat' dir='ltr'>certo</span> <span class='ocrx_word' id='word_1_52' title='bbox 1331 406 1418 445; x_wconf 88' lang='lat' dir='ltr'>scio</span> <span class='ocrx_word' id='word_1_53' title='bbox 1440 404 1605 445; x_wconf 84' lang='lat' dir='ltr'>dolere:</span> 
     </span>
     <span class='ocr_line' id='line_1_7' title="bbox 145 461 1607 517; baseline -0.002 -13"><span class='ocrx_word' id='word_1_54' title='bbox 145 465 338 517; x_wconf 82' lang='lat' dir='ltr'>equidem</span> <span class='ocrx_word' id='word_1_55' title='bbox 368 464 602 506; x_wconf 77' lang='lat' dir='ltr'>excrucior.</span> <span class='ocrx_word' id='word_1_56' title='bbox 670 464 903 504; x_wconf 91' lang='lat' dir='ltr'>Decreram</span> <span class='ocrx_word' id='word_1_57' title='bbox 932 463 1044 502; x_wconf 91' lang='lat' dir='ltr'>enim</span> <span class='ocrx_word' id='word_1_58' title='bbox 1072 474 1168 504; x_wconf 90' lang='lat' dir='ltr'>cum</span> <span class='ocrx_word' id='word_1_59' title='bbox 1199 475 1248 502; x_wconf 89' lang='lat' dir='ltr'>eo</span> <span class='ocrx_word' id='word_1_60' title='bbox 1278 463 1400 503; x_wconf 89' lang='lat' dir='ltr'>valde</span> <span class='ocrx_word' id='word_1_61' title='bbox 1428 461 1607 502; x_wconf 84' lang='lat' dir='ltr'>familia-</span> 
     </span>
     <span class='ocr_line' id='line_1_8' title="bbox 143 518 1655 573; baseline -0.003 -11"><span class='ocrx_word' id='word_1_62' title='bbox 143 523 253 562; x_wconf 84' lang='lat' dir='ltr'>riter</span> <span class='ocrx_word' id='word_1_63' title='bbox 281 523 436 564; x_wconf 82' lang='lat' dir='ltr'>vivere.</span> <span class='ocrx_word' id='word_1_64' title='bbox 495 521 579 562; x_wconf 90' lang='lat' dir='ltr'>Nos</span> <span class='ocrx_word' id='word_1_65' title='bbox 604 521 848 573; x_wconf 86' lang='lat' dir='ltr'>provinciae</span> <span class='ocrx_word' id='word_1_66' title='bbox 870 520 1153 572; x_wconf 85' lang='lat' dir='ltr'>praefecimus</span> <span class='ocrx_word' id='word_1_67' title='bbox 1171 518 1379 559; x_wconf 90' lang='lat' dir='ltr'>Caelium:</span> <span class='ocrx_word' id='word_1_68' title='bbox 1410 531 1605 571; x_wconf 88' lang='lat' dir='ltr'>puerum,</span> <span class='ocrx_word' id='word_1_69' title='bbox 1628 529 1655 568; x_wconf 82' lang='lat'>3</span> 
     </span>
     <span class='ocr_line' id='line_1_9' title="bbox 144 576 1607 633; baseline -0.003 -13"><span class='ocrx_word' id='word_1_70' title='bbox 144 579 335 633; x_wconf 83' lang='lat' dir='ltr'>inquies,</span> <span class='ocrx_word' id='word_1_71' title='bbox 382 581 423 620; x_wconf 90' lang='lat' dir='ltr'>et</span> <span class='ocrx_word' id='word_1_72' title='bbox 460 580 637 619; x_wconf 87' lang='lat' dir='ltr'>fortasse</span> <span class='ocrx_word' id='word_1_73' title='bbox 674 578 837 618; x_wconf 88' lang='lat' dir='ltr'>fatuum</span> <span class='ocrx_word' id='word_1_74' title='bbox 881 579 923 617; x_wconf 91' lang='lat' dir='ltr'>et</span> <span class='ocrx_word' id='word_1_75' title='bbox 959 590 1041 617; x_wconf 87' lang='lat' dir='ltr'>non</span> <span class='ocrx_word' id='word_1_76' title='bbox 1083 589 1252 630; x_wconf 81' lang='lat' dir='ltr'>gravem</span> <span class='ocrx_word' id='word_1_77' title='bbox 1289 579 1330 616; x_wconf 92' lang='lat' dir='ltr'>et</span> <span class='ocrx_word' id='word_1_78' title='bbox 1359 589 1441 616; x_wconf 90' lang='lat' dir='ltr'>non</span> <span class='ocrx_word' id='word_1_79' title='bbox 1472 576 1607 616; x_wconf 82' lang='lat' dir='ltr'>eonti-</span> 
     </span>
     <span class='ocr_line' id='line_1_10' title="bbox 147 633 1607 687; baseline -0.002 -11"><span class='ocrx_word' id='word_1_80' title='bbox 147 639 332 680; x_wconf 85' lang='lat' dir='ltr'>nentem.</span> <span class='ocrx_word' id='word_1_81' title='bbox 412 635 648 677; x_wconf 83' lang='lat' dir='ltr'>Assentior:</span> <span class='ocrx_word' id='word_1_82' title='bbox 698 634 793 675; x_wconf 91' lang='lat' dir='ltr'>fieri</span> <span class='ocrx_word' id='word_1_83' title='bbox 837 647 921 675; x_wconf 89' lang='lat' dir='ltr'>non</span> <span class='ocrx_word' id='word_1_84' title='bbox 964 635 1101 687; x_wconf 85' lang='lat' dir='ltr'>potuit</span> <span class='ocrx_word' id='word_1_85' title='bbox 1149 634 1288 676; x_wconf 82' lang='lat' dir='ltr'>aliter.</span> <span class='ocrx_word' id='word_1_86' title='bbox 1356 633 1463 673; x_wconf 86' lang='lat' dir='ltr'>Nam</span> <span class='ocrx_word' id='word_1_87' title='bbox 1501 646 1607 685; x_wconf 86' lang='lat' dir='ltr'>quas</span> 
     </span>
     <span class='ocr_line' id='line_1_11' title="bbox 148 691 1608 745; baseline -0.002 -12"><span class='ocrx_word' id='word_1_88' title='bbox 148 695 282 734; x_wconf 90' lang='lat' dir='ltr'>multo</span> <span class='ocrx_word' id='word_1_89' title='bbox 321 695 417 735; x_wconf 88' lang='lat' dir='ltr'>ante</span> <span class='ocrx_word' id='word_1_90' title='bbox 456 695 551 733; x_wconf 84' lang='lat' dir='ltr'>tuas</span> <span class='ocrx_word' id='word_1_91' title='bbox 595 704 843 745; x_wconf 81' lang='lat' dir='ltr'>acceperam</span> <span class='ocrx_word' id='word_1_92' title='bbox 882 693 1051 741; x_wconf 79' lang='lat' dir='ltr'>literas,</span> <span class='ocrx_word' id='word_1_93' title='bbox 1094 691 1138 731; x_wconf 86' lang='lat' dir='ltr'>in</span> <span class='ocrx_word' id='word_1_94' title='bbox 1180 691 1333 742; x_wconf 91' lang='lat' dir='ltr'>quibus</span> <span class='ocrx_word' id='word_1_95' title='bbox 1371 691 1525 735; x_wconf 78' lang='grc' dir='ltr'><strong><em>ἐπέχειν</em></strong></span> <span class='ocrx_word' id='word_1_96' title='bbox 1565 692 1608 730; x_wconf 84' lang='lat' dir='ltr'>te</span> 
     </span>
     <span class='ocr_line' id='line_1_12' title="bbox 147 748 1608 803; baseline -0.004 -11"><span class='ocrx_word' id='word_1_97' title='bbox 147 751 393 803; x_wconf 86' lang='lat' dir='ltr'>scripseras,</span> <span class='ocrx_word' id='word_1_98' title='bbox 431 750 532 801; x_wconf 91' lang='lat' dir='ltr'>quid</span> <span class='ocrx_word' id='word_1_99' title='bbox 571 753 681 790; x_wconf 87' lang='lat' dir='ltr'>esset</span> <span class='ocrx_word' id='word_1_100' title='bbox 709 750 815 789; x_wconf 89' lang='lat' dir='ltr'>mihi</span> <span class='ocrx_word' id='word_1_101' title='bbox 844 749 1083 790; x_wconf 85' lang='lat' dir='ltr'>faciendum</span> <span class='ocrx_word' id='word_1_102' title='bbox 1114 749 1165 788; x_wconf 92' lang='lat' dir='ltr'>de</span> <span class='ocrx_word' id='word_1_103' title='bbox 1193 748 1493 799; x_wconf 70' lang='lat' dir='ltr'>relinquendo,</span> <span class='ocrx_word' id='word_1_104' title='bbox 1532 759 1608 788; x_wconf 90' lang='lat' dir='ltr'>eae</span> 
     </span>
     <span class='ocr_line' id='line_1_13' title="bbox 148 804 1608 861; baseline -0.003 -13"><span class='ocrx_word' id='word_1_105' title='bbox 148 820 215 848; x_wconf 90' lang='lat' dir='ltr'>me</span> <span class='ocrx_word' id='word_1_106' title='bbox 244 807 500 861; x_wconf 79' lang='lat' dir='ltr'>pungebant.</span> <span class='ocrx_word' id='word_1_107' title='bbox 547 807 750 847; x_wconf 81' lang='lat' dir='ltr'>Videbam</span> <span class='ocrx_word' id='word_1_108' title='bbox 773 807 898 854; x_wconf 87' lang='lat' dir='ltr'>enim,</span> <span class='ocrx_word' id='word_1_109' title='bbox 929 819 1037 858; x_wconf 91' lang='lat' dir='ltr'>quae</span> <span class='ocrx_word' id='word_1_110' title='bbox 1062 804 1141 845; x_wconf 90' lang='lat' dir='ltr'>tibi</span> <span class='ocrx_word' id='word_1_111' title='bbox 1171 809 1308 845; x_wconf 86' lang='lat' dir='ltr'>essent</span> <span class='ocrx_word' id='word_1_112' title='bbox 1337 806 1482 853; x_wconf 79' lang='grc' dir='ltr'><em>ἐποχῆς</em></span> <span class='ocrx_word' id='word_1_113' title='bbox 1510 817 1608 845; x_wconf 88' lang='lat' dir='ltr'>cau-</span> 
     </span>
     <span class='ocr_line' id='line_1_14' title="bbox 147 862 1610 917; baseline -0.003 -12"><span class='ocrx_word' id='word_1_114' title='bbox 147 877 238 914; x_wconf 85' lang='lat' dir='ltr'>sae3</span> <span class='ocrx_word' id='word_1_115' title='bbox 276 868 320 905; x_wconf 90' lang='lat' dir='ltr'>et</span> <span class='ocrx_word' id='word_1_116' title='bbox 357 866 478 905; x_wconf 88' lang='lat' dir='ltr'>erant</span> <span class='ocrx_word' id='word_1_117' title='bbox 516 864 685 905; x_wconf 87' lang='lat' dir='ltr'>eaedem</span> <span class='ocrx_word' id='word_1_118' title='bbox 713 864 842 904; x_wconf 86' lang='lat' dir='ltr'>mihi:</span> <span class='ocrx_word' id='word_1_119' title='bbox 884 876 1017 917; x_wconf 89' lang='lat' dir='ltr'>puero</span> <span class='ocrx_word' id='word_1_120' title='bbox 1057 863 1225 903; x_wconf 86' lang='lat' dir='ltr'>tradere</span> <span class='ocrx_word' id='word_1_121' title='bbox 1254 863 1348 902; x_wconf 82' lang='lat' dir='ltr'>me?</span> <span class='ocrx_word' id='word_1_122' title='bbox 1384 862 1508 903; x_wconf 84' lang='lat' dir='ltr'>fratri</span> <span class='ocrx_word' id='word_1_123' title='bbox 1537 875 1610 903; x_wconf 90' lang='lat' dir='ltr'>au-</span> 
     </span>
    </p>

    <p class='ocr_par' dir='ltr' id='par_1_3' title="bbox 108 921 1614 1256">
     <span class='ocr_line' id='line_1_15' title="bbox 108 921 1609 972; baseline -0.003 -10"><span class='ocrx_word' id='word_1_124' title='bbox 108 934 112 935; x_wconf 68' lang='grc'>’</span> <span class='ocrx_word' id='word_1_125' title='bbox 146 923 257 962; x_wconf 83' lang='lat' dir='ltr'>tem?</span> <span class='ocrx_word' id='word_1_126' title='bbox 298 922 408 962; x_wconf 90' lang='lat' dir='ltr'>illud</span> <span class='ocrx_word' id='word_1_127' title='bbox 445 933 529 962; x_wconf 91' lang='lat' dir='ltr'>non</span> <span class='ocrx_word' id='word_1_128' title='bbox 568 922 673 961; x_wconf 88' lang='lat' dir='ltr'>utile</span> <span class='ocrx_word' id='word_1_129' title='bbox 710 921 844 961; x_wconf 88' lang='lat' dir='ltr'>nobis.</span> <span class='ocrx_word' id='word_1_130' title='bbox 917 921 1024 961; x_wconf 90' lang='lat' dir='ltr'>Nam</span> <span class='ocrx_word' id='word_1_131' title='bbox 1063 922 1233 972; x_wconf 85' lang='lat' dir='ltr'>praeter</span> <span class='ocrx_word' id='word_1_132' title='bbox 1273 922 1445 959; x_wconf 83' lang='lat' dir='ltr'>fratrem</span> <span class='ocrx_word' id='word_1_133' title='bbox 1484 931 1609 959; x_wconf 90' lang='lat' dir='ltr'>nemo</span> 
     </span>
     <span class='ocr_line' id='line_1_16' title="bbox 147 975 1610 1031; baseline -0.002 -11"><span class='ocrx_word' id='word_1_134' title='bbox 147 982 260 1028; x_wconf 90' lang='lat' dir='ltr'>erat,</span> <span class='ocrx_word' id='word_1_135' title='bbox 301 992 425 1031; x_wconf 91' lang='lat' dir='ltr'>quem</span> <span class='ocrx_word' id='word_1_136' title='bbox 465 979 556 1019; x_wconf 85' lang='lat' dir='ltr'>siue</span> <span class='ocrx_word' id='word_1_137' title='bbox 599 978 854 1019; x_wconf 85' lang='lat' dir='ltr'>contumelia</span> <span class='ocrx_word' id='word_1_138' title='bbox 889 978 1124 1029; x_wconf 89' lang='lat' dir='ltr'>quaestori,</span> <span class='ocrx_word' id='word_1_139' title='bbox 1174 975 1309 1017; x_wconf 87' lang='lat' dir='ltr'>nobili</span> <span class='ocrx_word' id='word_1_140' title='bbox 1347 977 1610 1029; x_wconf 87' lang='lat' dir='ltr'>praesertim,</span> 
     </span>
     <span class='ocr_line' id='line_1_17' title="bbox 147 1033 1607 1087; baseline -0.002 -10"><span class='ocrx_word' id='word_1_141' title='bbox 147 1037 415 1078; x_wconf 83' lang='lat' dir='ltr'>anteferrem.</span> <span class='ocrx_word' id='word_1_142' title='bbox 492 1037 672 1082; x_wconf 89' lang='lat' dir='ltr'>Tamen,</span> <span class='ocrx_word' id='word_1_143' title='bbox 721 1036 816 1075; x_wconf 91' lang='lat' dir='ltr'>dum</span> <span class='ocrx_word' id='word_1_144' title='bbox 864 1035 1108 1087; x_wconf 88' lang='lat' dir='ltr'>impendere</span> <span class='ocrx_word' id='word_1_145' title='bbox 1147 1034 1297 1074; x_wconf 88' lang='lat' dir='ltr'>Parthi</span> <span class='ocrx_word' id='word_1_146' title='bbox 1340 1033 1607 1082; x_wconf 84' lang='lat' dir='ltr'>videbantur,</span> 
     </span>
     <span class='ocr_line' id='line_1_18' title="bbox 147 1091 1612 1143; baseline -0.001 -9"><span class='ocrx_word' id='word_1_147' title='bbox 147 1096 375 1134; x_wconf 81' lang='lat' dir='ltr'>statueram</span> <span class='ocrx_word' id='word_1_148' title='bbox 403 1094 578 1133; x_wconf 87' lang='lat' dir='ltr'>fratrem</span> <span class='ocrx_word' id='word_1_149' title='bbox 606 1093 848 1143; x_wconf 90' lang='lat' dir='ltr'>relinquere</span> <span class='ocrx_word' id='word_1_150' title='bbox 887 1095 960 1132; x_wconf 83' lang='lat' dir='ltr'>aut</span> <span class='ocrx_word' id='word_1_151' title='bbox 997 1092 1124 1131; x_wconf 89' lang='lat' dir='ltr'>etiam</span> <span class='ocrx_word' id='word_1_152' title='bbox 1161 1091 1224 1131; x_wconf 84' lang='lat' dir='ltr'>rei</span> <span class='ocrx_word' id='word_1_153' title='bbox 1255 1091 1453 1143; x_wconf 87' lang='lat' dir='ltr'>publicae</span> <span class='ocrx_word' id='word_1_154' title='bbox 1484 1103 1612 1132; x_wconf 86' lang='lat' dir='ltr'>causa</span> 
     </span>
     <span class='ocr_line' id='line_1_19' title="bbox 149 1149 1613 1201; baseline -0.003 -10"><span class='ocrx_word' id='word_1_155' title='bbox 149 1155 296 1192; x_wconf 88' lang='lat' dir='ltr'>contra</span> <span class='ocrx_word' id='word_1_156' title='bbox 341 1151 511 1190; x_wconf 88' lang='lat' dir='ltr'>senatus</span> <span class='ocrx_word' id='word_1_157' title='bbox 548 1150 786 1190; x_wconf 89' lang='lat' dir='ltr'>consultum</span> <span class='ocrx_word' id='word_1_158' title='bbox 826 1149 917 1201; x_wconf 90' lang='lat' dir='ltr'>ipse</span> <span class='ocrx_word' id='word_1_159' title='bbox 952 1161 1191 1189; x_wconf 84' lang='lat' dir='ltr'>remanere:</span> <span class='ocrx_word' id='word_1_160' title='bbox 1233 1150 1304 1200; x_wconf 90' lang='lat' dir='ltr'>qui</span> <span class='ocrx_word' id='word_1_161' title='bbox 1340 1151 1613 1200; x_wconf 83' lang='lat' dir='ltr'>posteaquam</span> 
     </span>
     <span class='ocr_line' id='line_1_20' title="bbox 147 1206 1614 1256; baseline -0.002 -7"><span class='ocrx_word' id='word_1_162' title='bbox 147 1207 393 1249; x_wconf 86' lang='lat' dir='ltr'>incredibili</span> <span class='ocrx_word' id='word_1_163' title='bbox 422 1207 628 1248; x_wconf 83' lang='lat' dir='ltr'>felicitate</span> <span class='ocrx_word' id='word_1_164' title='bbox 658 1207 955 1256; x_wconf 85' lang='lat' dir='ltr'>discesserunt,</span> <span class='ocrx_word' id='word_1_165' title='bbox 987 1206 1154 1247; x_wconf 87' lang='lat' dir='ltr'>sublata</span> <span class='ocrx_word' id='word_1_166' title='bbox 1183 1206 1391 1247; x_wconf 80' lang='lat' dir='ltr'>dubitatio</span> <span class='ocrx_word' id='word_1_167' title='bbox 1422 1208 1496 1247; x_wconf 89' lang='lat' dir='ltr'>est.</span> <span class='ocrx_word' id='word_1_168' title='bbox 1543 1206 1614 1246; x_wconf 90' lang='lat' dir='ltr'>Vi-</span> 
     </span>
    </p>
   </div>
   <div class='ocr_carea' id='block_1_3' title="bbox 1436 1315 1538 1320">
    <p class='ocr_par' dir='ltr' id='par_1_4' title="bbox 1436 1315 1538 1320">
     <span class='ocr_line' id='line_1_21' title="bbox 1436 1315 1538 1320; baseline 0 0"><span class='ocrx_word' id='word_1_169' title='bbox 1436 1315 1538 1320; x_wconf 95' lang='lat' dir='ltr'> </span> 
     </span>
    </p>
   </div>
   <div class='ocr_carea' id='block_1_4' title="bbox 14 1373 1625 2071">
    <p class='ocr_par' dir='ltr' id='par_1_5' title="bbox 14 1373 1621 1794">
     <span class='ocr_line' id='line_1_22' title="bbox 240 1373 1614 1426; baseline -0.002 -15"><span class='ocrx_word' id='word_1_170' title='bbox 240 1377 274 1412; x_wconf 88' lang='lat'>2.</span> <span class='ocrx_word' id='word_1_171' title='bbox 308 1377 481 1426; x_wconf 73' lang='grc' dir='ltr'><em>πυρούς</em></span> <span class='ocrx_word' id='word_1_172' title='bbox 512 1380 578 1419; x_wconf 80' lang='grc' dir='ltr'>εἰς</span> <span class='ocrx_word' id='word_1_173' title='bbox 608 1378 642 1412; x_wconf 80' lang='grc' dir='ltr'>δ.</span> <span class='ocrx_word' id='word_1_174' title='bbox 668 1377 788 1412; x_wconf 50' lang='grc' dir='ltr'>ΑΜ]</span> <span class='ocrx_word' id='word_1_175' title='bbox 821 1377 883 1412; x_wconf 87' lang='lat' dir='ltr'>Du</span> <span class='ocrx_word' id='word_1_176' title='bbox 910 1377 993 1411; x_wconf 88' lang='lat' dir='ltr'>hast</span> <span class='ocrx_word' id='word_1_177' title='bbox 1017 1376 1176 1410; x_wconf 75' lang='lat' dir='ltr'>Waizen</span> <span class='ocrx_word' id='word_1_178' title='bbox 1209 1381 1318 1409; x_wconf 86' lang='lat' dir='ltr'>unter</span> <span class='ocrx_word' id='word_1_179' title='bbox 1350 1374 1414 1408; x_wconf 85' lang='lat' dir='ltr'>das</span> <span class='ocrx_word' id='word_1_180' title='bbox 1439 1373 1543 1410; x_wconf 85' lang='lat' dir='ltr'>Volk</span> <span class='ocrx_word' id='word_1_181' title='bbox 1567 1384 1614 1408; x_wconf 87' lang='lat' dir='ltr'>zu</span> 
     </span>
     <span class='ocr_line' id='line_1_23' title="bbox 150 1420 1615 1468; baseline -0.003 -10"><span class='ocrx_word' id='word_1_182' title='bbox 150 1423 275 1459; x_wconf 79' lang='lat' dir='ltr'>Athen</span> <span class='ocrx_word' id='word_1_183' title='bbox 306 1423 554 1468; x_wconf 61' lang='lat' dir='ltr'>ausgetheiltZ</span> <span class='ocrx_word' id='word_1_184' title='bbox 599 1424 643 1458; x_wconf 94' lang='lat' dir='ltr'>In</span> <span class='ocrx_word' id='word_1_185' title='bbox 668 1424 765 1458; x_wconf 91' lang='lat' dir='ltr'>Rom</span> <span class='ocrx_word' id='word_1_186' title='bbox 796 1435 876 1458; x_wconf 85' lang='lat' dir='ltr'>war</span> <span class='ocrx_word' id='word_1_187' title='bbox 909 1424 1010 1457; x_wconf 88' lang='lat' dir='ltr'>diess</span> <span class='ocrx_word' id='word_1_188' title='bbox 1042 1430 1152 1456; x_wconf 86' lang='lat' dir='ltr'>unter</span> <span class='ocrx_word' id='word_1_189' title='bbox 1183 1422 1264 1456; x_wconf 85' lang='lat' dir='ltr'>dem</span> <span class='ocrx_word' id='word_1_190' title='bbox 1290 1422 1430 1456; x_wconf 90' lang='lat' dir='ltr'>Namen</span> <span class='ocrx_word' id='word_1_191' title='bbox 1456 1420 1615 1463; x_wconf 78' lang='lat' dir='ltr'>largitio</span> 
     </span>
     <span class='ocr_line' id='line_1_24' title="bbox 150 1468 1618 1513; baseline -0.002 -10"><span class='ocrx_word' id='word_1_192' title='bbox 150 1471 397 1513; x_wconf 78' lang='lat' dir='ltr'>frumentaria</span> <span class='ocrx_word' id='word_1_193' title='bbox 421 1471 475 1504; x_wconf 85' lang='lat' dir='ltr'>als</span> <span class='ocrx_word' id='word_1_194' title='bbox 501 1470 586 1504; x_wconf 86' lang='lat' dir='ltr'>eine</span> <span class='ocrx_word' id='word_1_195' title='bbox 609 1472 679 1505; x_wconf 85' lang='lat' dir='ltr'>Art</span> <span class='ocrx_word' id='word_1_196' title='bbox 696 1470 1053 1512; x_wconf 83' lang='lat' dir='ltr'>Volksbestechung</span> <span class='ocrx_word' id='word_1_197' title='bbox 1076 1469 1204 1503; x_wconf 87' lang='lat' dir='ltr'>scharf</span> <span class='ocrx_word' id='word_1_198' title='bbox 1224 1469 1473 1502; x_wconf 87' lang='lat' dir='ltr'>verboten.—-</span> <span class='ocrx_word' id='word_1_199' title='bbox 1494 1468 1618 1511; x_wconf 73' lang='lat' dir='ltr'>placet</span> 
     </span>
     <span class='ocr_line' id='line_1_25' title="bbox 152 1513 1617 1560; baseline -0.003 -10"><span class='ocrx_word' id='word_1_200' title='bbox 152 1516 219 1551; x_wconf 73' lang='lat' dir='ltr'>hoc</span> <span class='ocrx_word' id='word_1_201' title='bbox 245 1517 336 1551; x_wconf 76' lang='lat' dir='ltr'>tibi?</span> <span class='ocrx_word' id='word_1_202' title='bbox 374 1517 509 1551; x_wconf 84' lang='lat' dir='ltr'>meinst</span> <span class='ocrx_word' id='word_1_203' title='bbox 531 1517 616 1560; x_wconf 90' lang='lat' dir='ltr'>Du,</span> <span class='ocrx_word' id='word_1_204' title='bbox 650 1516 714 1552; x_wconf 88' lang='lat' dir='ltr'>das</span> <span class='ocrx_word' id='word_1_205' title='bbox 746 1517 843 1560; x_wconf 79' lang='lat' dir='ltr'>gelle</span> <span class='ocrx_word' id='word_1_206' title='bbox 875 1527 916 1550; x_wconf 90' lang='lat' dir='ltr'>so</span> <span class='ocrx_word' id='word_1_207' title='bbox 950 1516 1017 1549; x_wconf 62' lang='lat' dir='ltr'>an?</span> <span class='ocrx_word' id='word_1_208' title='bbox 1036 1535 1081 1540; x_wconf 94' lang='lat'><strong>—</strong></span> <span class='ocrx_word' id='word_1_209' title='bbox 1121 1515 1212 1548; x_wconf 77' lang='lat' dir='ltr'>libri</span> <span class='ocrx_word' id='word_1_210' title='bbox 1237 1515 1283 1549; x_wconf 88' lang='lat' dir='ltr'>de</span> <span class='ocrx_word' id='word_1_211' title='bbox 1308 1525 1350 1547; x_wconf 90' lang='lat' dir='ltr'>re</span> <span class='ocrx_word' id='word_1_212' title='bbox 1375 1513 1545 1558; x_wconf 89' lang='lat' dir='ltr'>publica,</span> <span class='ocrx_word' id='word_1_213' title='bbox 1578 1513 1617 1547; x_wconf 86' lang='lat' dir='ltr'>in</span> 
     </span>
     <span class='ocr_line' id='line_1_26' title="bbox 152 1559 1617 1607; baseline -0.002 -11"><span class='ocrx_word' id='word_1_214' title='bbox 152 1563 287 1606; x_wconf 86' lang='lat' dir='ltr'>quibus</span> <span class='ocrx_word' id='word_1_215' title='bbox 324 1563 545 1606; x_wconf 81' lang='lat' dir='ltr'>largitiones</span> <span class='ocrx_word' id='word_1_216' title='bbox 582 1563 731 1607; x_wconf 83' lang='lat' dir='ltr'>quidem</span> <span class='ocrx_word' id='word_1_217' title='bbox 767 1563 803 1596; x_wconf 90' lang='lat' dir='ltr'>in</span> <span class='ocrx_word' id='word_1_218' title='bbox 842 1562 962 1605; x_wconf 82' lang='lat' dir='ltr'>cives,</span> <span class='ocrx_word' id='word_1_219' title='bbox 1011 1573 1085 1596; x_wconf 90' lang='lat' dir='ltr'>non</span> <span class='ocrx_word' id='word_1_220' title='bbox 1121 1568 1241 1595; x_wconf 90' lang='lat' dir='ltr'>autem</span> <span class='ocrx_word' id='word_1_221' title='bbox 1279 1559 1543 1595; x_wconf 82' lang='lat' dir='ltr'>liberalitatem</span> <span class='ocrx_word' id='word_1_222' title='bbox 1578 1559 1617 1594; x_wconf 89' lang='lat' dir='ltr'>in</span> 
     </span>
     <span class='ocr_line' id='line_1_27' title="bbox 151 1606 1619 1657; baseline -0.003 -13"><span class='ocrx_word' id='word_1_223' title='bbox 151 1609 321 1653; x_wconf 82' lang='lat' dir='ltr'>hospites</span> <span class='ocrx_word' id='word_1_224' title='bbox 345 1609 581 1643; x_wconf 85' lang='lat' dir='ltr'>damnavi.—</span> <span class='ocrx_word' id='word_1_225' title='bbox 614 1607 848 1657; x_wconf 73' lang='grc' dir='ltr'><em>προπύλῳ,</em></span> <span class='ocrx_word' id='word_1_226' title='bbox 874 1608 976 1652; x_wconf 89' lang='lat' dir='ltr'>quod</span> <span class='ocrx_word' id='word_1_227' title='bbox 1002 1608 1074 1642; x_wconf 86' lang='lat' dir='ltr'>sibi</span> <span class='ocrx_word' id='word_1_228' title='bbox 1098 1607 1332 1653; x_wconf 87' lang='lat' dir='ltr'>propositum</span> <span class='ocrx_word' id='word_1_229' title='bbox 1358 1618 1442 1641; x_wconf 87' lang='lat' dir='ltr'>esse</span> <span class='ocrx_word' id='word_1_230' title='bbox 1467 1606 1503 1640; x_wconf 90' lang='lat' dir='ltr'>in</span> <span class='ocrx_word' id='word_1_231' title='bbox 1523 1607 1619 1640; x_wconf 83' lang='lat' dir='ltr'>Aca-</span> 
     </span>
     <span class='ocr_line' id='line_1_28' title="bbox 153 1654 1617 1702; baseline -0.002 -12"><span class='ocrx_word' id='word_1_232' title='bbox 153 1656 275 1690; x_wconf 86' lang='lat' dir='ltr'>demia</span> <span class='ocrx_word' id='word_1_233' title='bbox 299 1656 456 1690; x_wconf 84' lang='lat' dir='ltr'>Athenis</span> <span class='ocrx_word' id='word_1_234' title='bbox 497 1655 647 1699; x_wconf 81' lang='lat' dir='ltr'>erigere</span> <span class='ocrx_word' id='word_1_235' title='bbox 679 1655 884 1700; x_wconf 83' lang='lat' dir='ltr'>scripserat</span> <span class='ocrx_word' id='word_1_236' title='bbox 916 1666 975 1699; x_wconf 88' lang='lat' dir='ltr'>ep.</span> <span class='ocrx_word' id='word_1_237' title='bbox 995 1655 1080 1696; x_wconf 84' lang='lat'>252,</span> <span class='ocrx_word' id='word_1_238' title='bbox 1099 1654 1154 1689; x_wconf 83' lang='lat'>26.</span> <span class='ocrx_word' id='word_1_239' title='bbox 1181 1654 1289 1688; x_wconf 89' lang='lat' dir='ltr'><strong><em>SCH.</em></strong></span> <span class='ocrx_word' id='word_1_240' title='bbox 1338 1655 1617 1702; x_wconf 81' lang='grc' dir='ltr'><em>προπυλαίῳ</em></span> 
     </span>
     <span class='ocr_line' id='line_1_29' title="bbox 14 1678 1620 1746; baseline -0.002 -11"><span class='ocrx_word' id='word_1_241' title='bbox 14 1678 25 1735; x_wconf 64' lang='grc' dir='ltr'>Ῑζ</span> <span class='ocrx_word' id='word_1_242' title='bbox 151 1702 241 1737; x_wconf 78' lang='lat' dir='ltr'>Ald.</span> <span class='ocrx_word' id='word_1_243' title='bbox 267 1703 354 1737; x_wconf 83' lang='lat' dir='ltr'>Asc.</span> <span class='ocrx_word' id='word_1_244' title='bbox 374 1702 406 1736; x_wconf 87' lang='lat'>2.</span> <span class='ocrx_word' id='word_1_245' title='bbox 435 1703 536 1738; x_wconf 87' lang='lat' dir='ltr'>Crat.</span> <span class='ocrx_word' id='word_1_246' title='bbox 561 1702 693 1738; x_wconf 88' lang='lat' dir='ltr'>Lamb.</span> <span class='ocrx_word' id='word_1_247' title='bbox 710 1721 754 1727; x_wconf 98' lang='lat'>—</span> <span class='ocrx_word' id='word_1_248' title='bbox 793 1713 920 1746; x_wconf 82' lang='lat' dir='ltr'>quum,</span> <span class='ocrx_word' id='word_1_249' title='bbox 947 1701 994 1735; x_wconf 87' lang='lat' dir='ltr'>da</span> <span class='ocrx_word' id='word_1_250' title='bbox 1018 1701 1127 1741; x_wconf 91' lang='lat' dir='ltr'>doch,</span> <span class='ocrx_word' id='word_1_251' title='bbox 1154 1700 1347 1734; x_wconf 86' lang='lat' dir='ltr'>wiewohl.</span> <span class='ocrx_word' id='word_1_252' title='bbox 1363 1719 1408 1725; x_wconf 90' lang='lat'>-</span> <span class='ocrx_word' id='word_1_253' title='bbox 1447 1700 1489 1733; x_wconf 88' lang='lat' dir='ltr'>de</span> <span class='ocrx_word' id='word_1_254' title='bbox 1508 1699 1620 1733; x_wconf 85' lang='lat' dir='ltr'>Eleu-</span> 
     </span>
     <span class='ocr_line' id='line_1_30' title="bbox 15 1735 1621 1794; baseline -0.002 -13"><span class='ocrx_word' id='word_1_255' title='bbox 15 1735 23 1775; x_wconf 41' lang='lat' dir='ltr'>i</span> <span class='ocrx_word' id='word_1_256' title='bbox 151 1749 230 1782; x_wconf 82' lang='lat' dir='ltr'>sine</span> <span class='ocrx_word' id='word_1_257' title='bbox 255 1759 325 1782; x_wconf 79' lang='lat' dir='ltr'>non</span> <span class='ocrx_word' id='word_1_258' title='bbox 351 1759 432 1791; x_wconf 84' lang='lat' dir='ltr'>cog.</span> <span class='ocrx_word' id='word_1_259' title='bbox 458 1749 483 1784; x_wconf 92' lang='lat' dir='ltr'>i.</span> <span class='ocrx_word' id='word_1_260' title='bbox 507 1760 539 1782; x_wconf 85' lang='lat' dir='ltr'>e.</span> <span class='ocrx_word' id='word_1_261' title='bbox 577 1759 827 1792; x_wconf 85' lang='lat' dir='ltr'>„quamquam</span> <span class='ocrx_word' id='word_1_262' title='bbox 852 1747 999 1793; x_wconf 87' lang='lat' dir='ltr'>Appius</span> <span class='ocrx_word' id='word_1_263' title='bbox 1025 1747 1223 1781; x_wconf 88' lang='lat' dir='ltr'>consilium</span> <span class='ocrx_word' id='word_1_264' title='bbox 1250 1746 1479 1794; x_wconf 73' lang='grc' dir='ltr'><em>προπύλαιον</em></span> <span class='ocrx_word' id='word_1_265' title='bbox 1504 1745 1621 1780; x_wconf 89' lang='lat' dir='ltr'>Eleu-</span> 
     </span>
    </p>

    <p class='ocr_par' dir='ltr' id='par_1_6' title="bbox 22 1791 1625 2071">
     <span class='ocr_line' id='line_1_31' title="bbox 152 1791 1621 1841; baseline -0.002 -11"><span class='ocrx_word' id='word_1_266' title='bbox 152 1794 233 1830; x_wconf 81' lang='lat' dir='ltr'>sine</span> <span class='ocrx_word' id='word_1_267' title='bbox 266 1794 429 1829; x_wconf 84' lang='lat' dir='ltr'>faciendi</span> <span class='ocrx_word' id='word_1_268' title='bbox 461 1795 618 1838; x_wconf 84' lang='lat' dir='ltr'>abiecit,</span> <span class='ocrx_word' id='word_1_269' title='bbox 655 1801 695 1829; x_wconf 88' lang='lat' dir='ltr'>tu</span> <span class='ocrx_word' id='word_1_270' title='bbox 727 1801 851 1828; x_wconf 88' lang='lat' dir='ltr'>tamen</span> <span class='ocrx_word' id='word_1_271' title='bbox 882 1795 928 1828; x_wconf 90' lang='lat' dir='ltr'>de</span> <span class='ocrx_word' id='word_1_272' title='bbox 953 1793 1176 1829; x_wconf 87' lang='lat' dir='ltr'>Academiae</span> <span class='ocrx_word' id='word_1_273' title='bbox 1209 1792 1385 1841; x_wconf 77' lang='grc' dir='ltr'><em>προπύλῳ</em></span> <span class='ocrx_word' id='word_1_274' title='bbox 1422 1803 1480 1826; x_wconf 90' lang='lat' dir='ltr'>me</span> <span class='ocrx_word' id='word_1_275' title='bbox 1512 1791 1621 1827; x_wconf 85' lang='lat' dir='ltr'>iubes</span> 
     </span>
     <span class='ocr_line' id='line_1_32' title="bbox 152 1837 1623 1886; baseline -0.002 -12"><span class='ocrx_word' id='word_1_276' title='bbox 152 1841 354 1884; x_wconf 81' lang='lat' dir='ltr'>cogitare.⁷&#39;</span> <span class='ocrx_word' id='word_1_277' title='bbox 395 1841 529 1875; x_wconf 89' lang='lat' dir='ltr'>Cicero</span> <span class='ocrx_word' id='word_1_278' title='bbox 557 1852 669 1884; x_wconf 88' lang='lat' dir='ltr'>quum</span> <span class='ocrx_word' id='word_1_279' title='bbox 694 1841 862 1875; x_wconf 87' lang='lat' dir='ltr'>audisset</span> <span class='ocrx_word' id='word_1_280' title='bbox 877 1841 1040 1885; x_wconf 89' lang='lat' dir='ltr'>Appium</span> <span class='ocrx_word' id='word_1_281' title='bbox 1058 1839 1240 1874; x_wconf 87' lang='lat' dir='ltr'>Eleusine</span> <span class='ocrx_word' id='word_1_282' title='bbox 1267 1838 1497 1886; x_wconf 79' lang='grc' dir='ltr'><em>προπύλαιον</em></span> <span class='ocrx_word' id='word_1_283' title='bbox 1522 1837 1623 1872; x_wconf 82' lang='lat' dir='ltr'>velle</span> 
     </span>
     <span class='ocr_line' id='line_1_33' title="bbox 22 1884 1622 1932; baseline -0.003 -11"><span class='ocrx_word' id='word_1_284' title='bbox 22 1889 24 1925; x_wconf 58' lang='lat' dir='ltr'>l</span> <span class='ocrx_word' id='word_1_285' title='bbox 151 1887 298 1930; x_wconf 83' lang='lat' dir='ltr'>facere,</span> <span class='ocrx_word' id='word_1_286' title='bbox 325 1887 429 1931; x_wconf 85' lang='lat' dir='ltr'>quasi</span> <span class='ocrx_word' id='word_1_287' title='bbox 455 1888 641 1921; x_wconf 78' lang='lat' dir='ltr'>rivalitate</span> <span class='ocrx_word' id='word_1_288' title='bbox 666 1887 823 1932; x_wconf 87' lang='lat' dir='ltr'>quadam</span> <span class='ocrx_word' id='word_1_289' title='bbox 849 1887 1029 1922; x_wconf 85' lang='lat' dir='ltr'>adductus</span> <span class='ocrx_word' id='word_1_290' title='bbox 1054 1887 1206 1921; x_wconf 86' lang='lat' dir='ltr'>volebat</span> <span class='ocrx_word' id='word_1_291' title='bbox 1231 1885 1268 1919; x_wconf 86' lang='lat' dir='ltr'>iu</span> <span class='ocrx_word' id='word_1_292' title='bbox 1285 1884 1486 1920; x_wconf 89' lang='lat' dir='ltr'>Academia</span> <span class='ocrx_word' id='word_1_293' title='bbox 1502 1885 1622 1918; x_wconf 90' lang='lat' dir='ltr'>Athe-</span> 
     </span>
     <span class='ocr_line' id='line_1_34' title="bbox 22 1930 1623 1981; baseline -0.003 -13"><span class='ocrx_word' id='word_1_294' title='bbox 22 1935 25 1976; x_wconf 66' lang='lat'>(</span> <span class='ocrx_word' id='word_1_295' title='bbox 152 1933 211 1968; x_wconf 77' lang='lat' dir='ltr'>nis</span> <span class='ocrx_word' id='word_1_296' title='bbox 248 1933 431 1967; x_wconf 88' lang='lat' dir='ltr'>eiusmodi</span> <span class='ocrx_word' id='word_1_297' title='bbox 464 1934 693 1981; x_wconf 70' lang='grc' dir='ltr'><em>προπύλαιον</em></span> <span class='ocrx_word' id='word_1_298' title='bbox 727 1934 887 1978; x_wconf 80' lang='lat' dir='ltr'>erigere.</span> <span class='ocrx_word' id='word_1_299' title='bbox 939 1934 984 1968; x_wconf 92' lang='lat' dir='ltr'>Id</span> <span class='ocrx_word' id='word_1_300' title='bbox 1022 1932 1256 1979; x_wconf 87' lang='lat' dir='ltr'>propositum</span> <span class='ocrx_word' id='word_1_301' title='bbox 1290 1931 1427 1965; x_wconf 91' lang='lat' dir='ltr'>deinde</span> <span class='ocrx_word' id='word_1_302' title='bbox 1461 1930 1623 1973; x_wconf 77' lang='lat' dir='ltr'>refrixit,</span> 
     </span>
     <span class='ocr_line' id='line_1_35' title="bbox 23 1977 1622 2045; baseline -0.001 -33"><span class='ocrx_word' id='word_1_303' title='bbox 23 1990 26 2045; x_wconf 63' lang='grc' dir='ltr'>Ι</span> <span class='ocrx_word' id='word_1_304' title='bbox 153 1991 265 2024; x_wconf 85' lang='lat' dir='ltr'>quum</span> <span class='ocrx_word' id='word_1_305' title='bbox 298 1980 463 2014; x_wconf 73' lang='lat' dir='ltr'>audisset</span> <span class='ocrx_word' id='word_1_306' title='bbox 492 1980 658 2025; x_wconf 89' lang='lat' dir='ltr'>Appium</span> <span class='ocrx_word' id='word_1_307' title='bbox 693 1991 766 2013; x_wconf 89' lang='lat' dir='ltr'>non</span> <span class='ocrx_word' id='word_1_308' title='bbox 797 1980 955 2025; x_wconf 85' lang='lat' dir='ltr'>amplius</span> <span class='ocrx_word' id='word_1_309' title='bbox 995 1979 1041 2013; x_wconf 88' lang='lat' dir='ltr'>de</span> <span class='ocrx_word' id='word_1_310' title='bbox 1082 1979 1153 2013; x_wconf 87' lang='lat' dir='ltr'>isto</span> <span class='ocrx_word' id='word_1_311' title='bbox 1188 1981 1404 2027; x_wconf 81' lang='grc' dir='ltr'><em>προπυλαίῳ</em></span> <span class='ocrx_word' id='word_1_312' title='bbox 1441 1977 1622 2021; x_wconf 80' lang='lat' dir='ltr'>cogitare.</span> 
     </span>
     <span class='ocr_line' id='line_1_36' title="bbox 24 2024 1625 2071; baseline -0.003 -10"><span class='ocrx_word' id='word_1_313' title='bbox 24 2046 26 2071; x_wconf 29' lang='grc' dir='ltr'><em>μ</em></span> <span class='ocrx_word' id='word_1_314' title='bbox 156 2026 273 2061; x_wconf 80' lang='lat' dir='ltr'><strong><em>ERN.</em></strong></span> <span class='ocrx_word' id='word_1_315' title='bbox 301 2027 408 2060; x_wconf 85' lang='lat' dir='ltr'><strong><em>SCH.</em></strong></span> <span class='ocrx_word' id='word_1_316' title='bbox 425 2046 469 2052; x_wconf 88' lang='lat'>——</span> <span class='ocrx_word' id='word_1_317' title='bbox 503 2028 547 2060; x_wconf 86' lang='lat' dir='ltr'>de</span> <span class='ocrx_word' id='word_1_318' title='bbox 572 2027 793 2069; x_wconf 79' lang='lat' dir='ltr'>Hortensio,</span> <span class='ocrx_word' id='word_1_319' title='bbox 829 2037 938 2070; x_wconf 88' lang='lat' dir='ltr'>quem</span> <span class='ocrx_word' id='word_1_320' title='bbox 963 2027 1124 2060; x_wconf 80' lang='lat' dir='ltr'>animam</span> <span class='ocrx_word' id='word_1_321' title='bbox 1150 2035 1262 2067; x_wconf 78' lang='lat' dir='ltr'>agere</span> <span class='ocrx_word' id='word_1_322' title='bbox 1296 2024 1500 2068; x_wconf 87' lang='lat' dir='ltr'>scripserat</span> <span class='ocrx_word' id='word_1_323' title='bbox 1532 2024 1625 2058; x_wconf 86' lang='lat' dir='ltr'>Cae·-</span> 
     </span>
    </p>
   </div>
   <div class='ocr_carea' id='block_1_5' title="bbox 155 2070 1623 2155">
    <p class='ocr_par' dir='ltr' id='par_1_7' title="bbox 155 2070 1623 2155">
     <span class='ocr_line' id='line_1_37' title="bbox 155 2070 1623 2116; baseline -0.001 -10"><span class='ocrx_word' id='word_1_324' title='bbox 155 2073 228 2107; x_wconf 76' lang='lat' dir='ltr'>lius</span> <span class='ocrx_word' id='word_1_325' title='bbox 255 2083 314 2116; x_wconf 88' lang='lat' dir='ltr'>ep.</span> <span class='ocrx_word' id='word_1_326' title='bbox 337 2073 417 2107; x_wconf 82' lang='lat'>272.</span> <span class='ocrx_word' id='word_1_327' title='bbox 453 2074 645 2107; x_wconf 84' lang='lat' dir='ltr'>Mortuum</span> <span class='ocrx_word' id='word_1_328' title='bbox 676 2083 757 2108; x_wconf 83' lang='lat' dir='ltr'>esse</span> <span class='ocrx_word' id='word_1_329' title='bbox 789 2072 918 2108; x_wconf 88' lang='lat' dir='ltr'>Rhodi</span> <span class='ocrx_word' id='word_1_330' title='bbox 949 2073 1096 2107; x_wconf 88' lang='lat' dir='ltr'>demum</span> <span class='ocrx_word' id='word_1_331' title='bbox 1122 2070 1299 2106; x_wconf 88' lang='lat' dir='ltr'>Ciceroni</span> <span class='ocrx_word' id='word_1_332' title='bbox 1323 2070 1530 2105; x_wconf 88' lang='lat' dir='ltr'>nuntiatum</span> <span class='ocrx_word' id='word_1_333' title='bbox 1556 2075 1623 2104; x_wconf 86' lang='lat' dir='ltr'>est.</span> 
     </span>
     <span class='ocr_line' id='line_1_38' title="bbox 156 2115 1622 2155; baseline -0.004 0"><span class='ocrx_word' id='word_1_334' title='bbox 156 2119 242 2155; x_wconf 77' lang='lat' dir='ltr'>vid.</span> <span class='ocrx_word' id='word_1_335' title='bbox 269 2120 372 2154; x_wconf 85' lang='lat' dir='ltr'>Brut.</span> <span class='ocrx_word' id='word_1_336' title='bbox 400 2130 430 2153; x_wconf 90' lang='lat' dir='ltr'>c.</span> <span class='ocrx_word' id='word_1_337' title='bbox 451 2121 482 2153; x_wconf 91' lang='lat'>1.</span> <span class='ocrx_word' id='word_1_338' title='bbox 510 2119 619 2154; x_wconf 81' lang='lat' dir='ltr'><strong><em>SCH.</em></strong></span> <span class='ocrx_word' id='word_1_339' title='bbox 1619 2115 1622 2120; x_wconf 90' lang='lat'>&#39;</span> 
     </span>
    </p>
   </div>
   <div class='ocr_carea' id='block_1_6' title="bbox 26 2174 1631 2779">
    <p class='ocr_par' dir='ltr' id='par_1_8' title="bbox 26 2174 1625 2222">
     <span class='ocr_line' id='line_1_39' title="bbox 26 2174 1625 2222; baseline -0.004 -8"><span class='ocrx_word' id='word_1_340' title='bbox 26 2204 27 2214; x_wconf 24' lang='grc' dir='ltr'><strong>ἶ</strong></span> <span class='ocrx_word' id='word_1_341' title='bbox 247 2178 280 2211; x_wconf 81' lang='lat'>3.</span> <span class='ocrx_word' id='word_1_342' title='bbox 319 2177 496 2211; x_wconf 79' lang='lat' dir='ltr'>Caelium.</span> <span class='ocrx_word' id='word_1_343' title='bbox 536 2176 574 2211; x_wconf 89' lang='lat' dir='ltr'>S.</span> <span class='ocrx_word' id='word_1_344' title='bbox 608 2188 668 2222; x_wconf 86' lang='lat' dir='ltr'>ep.</span> <span class='ocrx_word' id='word_1_345' title='bbox 696 2176 892 2220; x_wconf 86' lang='lat' dir='ltr'>CCLXX,</span> <span class='ocrx_word' id='word_1_346' title='bbox 919 2177 954 2212; x_wconf 83' lang='lat'>3.</span> <span class='ocrx_word' id='word_1_347' title='bbox 988 2187 1024 2212; x_wconf 81' lang='lat' dir='ltr'>u,</span> <span class='ocrx_word' id='word_1_348' title='bbox 1058 2177 1137 2209; x_wconf 83' lang='lat' dir='ltr'>bes.</span> <span class='ocrx_word' id='word_1_349' title='bbox 1168 2185 1215 2209; x_wconf 91' lang='lat' dir='ltr'>zu</span> <span class='ocrx_word' id='word_1_350' title='bbox 1241 2174 1498 2217; x_wconf 86' lang='lat' dir='ltr'>CCLXXIII,</span> <span class='ocrx_word' id='word_1_351' title='bbox 1520 2174 1554 2208; x_wconf 80' lang='lat'>4.</span> <span class='ocrx_word' id='word_1_352' title='bbox 1582 2191 1625 2199; x_wconf 94' lang='lat'><em>-</em></span> 
     </span>
    </p>

    <p class='ocr_par' dir='ltr' id='par_1_9' title="bbox 26 2219 1631 2779">
     <span class='ocr_line' id='line_1_40' title="bbox 159 2219 1626 2267; baseline -0.002 -12"><span class='ocrx_word' id='word_1_353' title='bbox 159 2223 312 2266; x_wconf 77' lang='lat' dir='ltr'>fatuum,</span> <span class='ocrx_word' id='word_1_354' title='bbox 340 2223 446 2257; x_wconf 87' lang='lat' dir='ltr'>einen</span> <span class='ocrx_word' id='word_1_355' title='bbox 468 2223 691 2258; x_wconf 81' lang='lat' dir='ltr'>Gecken.-</span> <span class='ocrx_word' id='word_1_356' title='bbox 719 2234 851 2266; x_wconf 56' lang='lat' dir='ltr'>grav„</span> <span class='ocrx_word' id='word_1_357' title='bbox 877 2228 1037 2267; x_wconf 81' lang='lat' dir='ltr'>gesetzt3</span> <span class='ocrx_word' id='word_1_358' title='bbox 1063 2225 1175 2261; x_wconf 64' lang='lat' dir='ltr'>cont„</span> <span class='ocrx_word' id='word_1_359' title='bbox 1200 2222 1296 2255; x_wconf 77' lang='lat' dir='ltr'>VVer</span> <span class='ocrx_word' id='word_1_360' title='bbox 1317 2220 1397 2255; x_wconf 89' lang='lat' dir='ltr'>sich</span> <span class='ocrx_word' id='word_1_361' title='bbox 1422 2231 1465 2255; x_wconf 90' lang='lat' dir='ltr'>zu</span> <span class='ocrx_word' id='word_1_362' title='bbox 1489 2219 1626 2264; x_wconf 83' lang='lat' dir='ltr'>ziigeln</span> 
     </span>
     <span class='ocr_line' id='line_1_41' title="bbox 26 2235 1627 2313; baseline -0.002 -12"><span class='ocrx_word' id='word_1_363' title='bbox 26 2235 28 2311; x_wconf 52' lang='lat' dir='ltr'>y</span> <span class='ocrx_word' id='word_1_364' title='bbox 158 2268 322 2301; x_wconf 78' lang='lat' dir='ltr'>weis.-—</span> <span class='ocrx_word' id='word_1_365' title='bbox 353 2269 418 2303; x_wconf 91' lang='lat' dir='ltr'>sed</span> <span class='ocrx_word' id='word_1_366' title='bbox 436 2270 519 2311; x_wconf 80' lang='lat' dir='ltr'>fieri</span> <span class='ocrx_word' id='word_1_367' title='bbox 534 2277 662 2303; x_wconf 86' lang='lat' dir='ltr'>cet.——</span> <span class='ocrx_word' id='word_1_368' title='bbox 695 2271 885 2313; x_wconf 70' lang='grc' dir='ltr'><em>ἐπέχειν,</em></span> <span class='ocrx_word' id='word_1_369' title='bbox 913 2269 1118 2311; x_wconf 84' lang='lat' dir='ltr'>haesitare,</span> <span class='ocrx_word' id='word_1_370' title='bbox 1144 2267 1330 2310; x_wconf 88' lang='lat' dir='ltr'>dubitare,</span> <span class='ocrx_word' id='word_1_371' title='bbox 1359 2273 1398 2300; x_wconf 90' lang='lat' dir='ltr'>ut</span> <span class='ocrx_word' id='word_1_372' title='bbox 1413 2267 1525 2312; x_wconf 88' lang='lat' dir='ltr'>paulo</span> <span class='ocrx_word' id='word_1_373' title='bbox 1541 2270 1627 2310; x_wconf 83' lang='lat' dir='ltr'>post</span> 
     </span>
     <span class='ocr_line' id='line_1_42' title="bbox 159 2313 1627 2359; baseline -0.002 -11"><span class='ocrx_word' id='word_1_374' title='bbox 159 2313 276 2357; x_wconf 73' lang='grc' dir='ltr'><em>ἐποχή</em></span> <span class='ocrx_word' id='word_1_375' title='bbox 296 2315 486 2349; x_wconf 76' lang='lat' dir='ltr'>dubitatio.</span> <span class='ocrx_word' id='word_1_376' title='bbox 512 2316 674 2350; x_wconf 83' lang='lat' dir='ltr'><strong><em>SCH.—</em></strong></span> <span class='ocrx_word' id='word_1_377' title='bbox 700 2317 743 2350; x_wconf 84' lang='lat' dir='ltr'>de</span> <span class='ocrx_word' id='word_1_378' title='bbox 766 2317 897 2359; x_wconf 79' lang='lat' dir='ltr'>relinq.</span> <span class='ocrx_word' id='word_1_379' title='bbox 924 2315 960 2349; x_wconf 88' lang='lat' dir='ltr'>in</span> <span class='ocrx_word' id='word_1_380' title='bbox 977 2316 1182 2358; x_wconf 84' lang='lat' dir='ltr'>Ansehung</span> <span class='ocrx_word' id='word_1_381' title='bbox 1208 2314 1274 2349; x_wconf 78' lang='lat' dir='ltr'>des</span> <span class='ocrx_word' id='word_1_382' title='bbox 1287 2313 1627 2347; x_wconf 73' lang='lat' dir='ltr'>Zuriickzulassen-</span> 
     </span>
     <span class='ocr_line' id='line_1_43' title="bbox 159 2359 1627 2406; baseline -0.002 -13"><span class='ocrx_word' id='word_1_383' title='bbox 159 2359 255 2401; x_wconf 82' lang='lat' dir='ltr'>den,</span> <span class='ocrx_word' id='word_1_384' title='bbox 296 2360 378 2394; x_wconf 89' lang='lat' dir='ltr'>dem</span> <span class='ocrx_word' id='word_1_385' title='bbox 412 2361 471 2394; x_wconf 87' lang='lat' dir='ltr'>ich</span> <span class='ocrx_word' id='word_1_386' title='bbox 498 2362 560 2396; x_wconf 89' lang='lat' dir='ltr'>die</span> <span class='ocrx_word' id='word_1_387' title='bbox 586 2362 994 2406; x_wconf 80' lang='lat' dir='ltr'>Interimsverwaltung</span> <span class='ocrx_word' id='word_1_388' title='bbox 1019 2361 1086 2395; x_wconf 90' lang='lat' dir='ltr'>der</span> <span class='ocrx_word' id='word_1_389' title='bbox 1101 2361 1267 2395; x_wconf 76' lang='lat' dir='ltr'>Provinz</span> <span class='ocrx_word' id='word_1_390' title='bbox 1293 2364 1565 2393; x_wconf 81' lang='lat' dir='ltr'>anvertrauete.</span> <span class='ocrx_word' id='word_1_391' title='bbox 1583 2377 1627 2382; x_wconf 87' lang='lat'><em>-</em></span> 
     </span>
     <span class='ocr_line' id='line_1_44' title="bbox 161 2404 1627 2451; baseline -0.001 -12"><span class='ocrx_word' id='word_1_392' title='bbox 161 2407 307 2439; x_wconf 72' lang='lat' dir='ltr'>tradere</span> <span class='ocrx_word' id='word_1_393' title='bbox 333 2407 574 2450; x_wconf 86' lang='lat' dir='ltr'>provinciam.</span> <span class='ocrx_word' id='word_1_394' title='bbox 613 2409 708 2443; x_wconf 90' lang='lat' dir='ltr'>Ueb.</span> <span class='ocrx_word' id='word_1_395' title='bbox 735 2408 807 2442; x_wconf 91' lang='lat' dir='ltr'>den</span> <span class='ocrx_word' id='word_1_396' title='bbox 834 2409 973 2442; x_wconf 81' lang='lat' dir='ltr'>Infinit.</span> <span class='ocrx_word' id='word_1_397' title='bbox 1003 2408 1070 2442; x_wconf 88' lang='lat' dir='ltr'>der</span> <span class='ocrx_word' id='word_1_398' title='bbox 1088 2408 1209 2451; x_wconf 83' lang='lat' dir='ltr'>Frage</span> <span class='ocrx_word' id='word_1_399' title='bbox 1234 2417 1263 2441; x_wconf 87' lang='lat' dir='ltr'>s.</span> <span class='ocrx_word' id='word_1_400' title='bbox 1281 2407 1434 2440; x_wconf 86' lang='lat' dir='ltr'>Ramsh.</span> <span class='ocrx_word' id='word_1_401' title='bbox 1460 2404 1627 2448; x_wconf 75' lang='lat'>§.168,6.</span> 
     </span>
     <span class='ocr_line' id='line_1_45' title="bbox 159 2451 1629 2498; baseline -0.001 -13"><span class='ocrx_word' id='word_1_402' title='bbox 159 2453 256 2485; x_wconf 68' lang='lat' dir='ltr'>illud</span> <span class='ocrx_word' id='word_1_403' title='bbox 281 2453 360 2486; x_wconf 76' lang='lat' dir='ltr'>scil.</span> <span class='ocrx_word' id='word_1_404' title='bbox 386 2454 500 2495; x_wconf 79' lang='lat' dir='ltr'>fratri</span> <span class='ocrx_word' id='word_1_405' title='bbox 524 2455 681 2489; x_wconf 78' lang='lat' dir='ltr'>tradere.</span> <span class='ocrx_word' id='word_1_406' title='bbox 722 2455 764 2489; x_wconf 91' lang='lat' dir='ltr'>In</span> <span class='ocrx_word' id='word_1_407' title='bbox 803 2466 876 2498; x_wconf 84' lang='lat' dir='ltr'>quo</span> <span class='ocrx_word' id='word_1_408' title='bbox 908 2455 1003 2488; x_wconf 75' lang='lat' dir='ltr'>illud</span> <span class='ocrx_word' id='word_1_409' title='bbox 1034 2453 1167 2488; x_wconf 85' lang='lat' dir='ltr'>melius</span> <span class='ocrx_word' id='word_1_410' title='bbox 1193 2454 1325 2487; x_wconf 86' lang='lat' dir='ltr'>abesse</span> <span class='ocrx_word' id='word_1_411' title='bbox 1350 2452 1444 2486; x_wconf 79' lang='lat' dir='ltr'>vidit</span> <span class='ocrx_word' id='word_1_412' title='bbox 1469 2451 1559 2485; x_wconf 80' lang='lat' dir='ltr'>Ern.</span> <span class='ocrx_word' id='word_1_413' title='bbox 1583 2468 1629 2475; x_wconf 88' lang='lat'>-·</span> 
     </span>
     <span class='ocr_line' id='line_1_46' title="bbox 162 2496 1629 2545; baseline -0.001 -14"><span class='ocrx_word' id='word_1_414' title='bbox 162 2500 316 2540; x_wconf 73' lang='lat' dir='ltr'>fratrem</span> <span class='ocrx_word' id='word_1_415' title='bbox 341 2500 469 2543; x_wconf 78' lang='lat' dir='ltr'>relinq.</span> <span class='ocrx_word' id='word_1_416' title='bbox 505 2499 543 2535; x_wconf 90' lang='lat' dir='ltr'>S.</span> <span class='ocrx_word' id='word_1_417' title='bbox 571 2512 629 2545; x_wconf 86' lang='lat' dir='ltr'>ep.</span> <span class='ocrx_word' id='word_1_418' title='bbox 648 2501 901 2544; x_wconf 82' lang='lat' dir='ltr'>CCLXVHI,</span> <span class='ocrx_word' id='word_1_419' title='bbox 923 2503 954 2535; x_wconf 92' lang='lat'>1.</span> <span class='ocrx_word' id='word_1_420' title='bbox 982 2500 1056 2545; x_wconf 82' lang='lat' dir='ltr'>vgl.</span> <span class='ocrx_word' id='word_1_421' title='bbox 1084 2500 1150 2534; x_wconf 86' lang='lat' dir='ltr'>mit</span> <span class='ocrx_word' id='word_1_422' title='bbox 1175 2499 1381 2539; x_wconf 90' lang='lat' dir='ltr'>CCLXIV,</span> <span class='ocrx_word' id='word_1_423' title='bbox 1399 2499 1433 2532; x_wconf 86' lang='lat'>2.</span> <span class='ocrx_word' id='word_1_424' title='bbox 1458 2516 1503 2523; x_wconf 94' lang='lat'>—</span> <span class='ocrx_word' id='word_1_425' title='bbox 1545 2496 1629 2539; x_wconf 80' lang='lat' dir='ltr'>feli-</span> 
     </span>
     <span class='ocr_line' id='line_1_47' title="bbox 162 2543 1630 2592; baseline -0.002 -13"><span class='ocrx_word' id='word_1_426' title='bbox 162 2546 284 2580; x_wconf 77' lang='lat' dir='ltr'>citate.</span> <span class='ocrx_word' id='word_1_427' title='bbox 321 2546 479 2579; x_wconf 83' lang='lat' dir='ltr'>Bibulus</span> <span class='ocrx_word' id='word_1_428' title='bbox 506 2547 602 2580; x_wconf 84' lang='lat' dir='ltr'>hatte</span> <span class='ocrx_word' id='word_1_429' title='bbox 631 2547 715 2581; x_wconf 89' lang='lat' dir='ltr'>dem</span> <span class='ocrx_word' id='word_1_430' title='bbox 738 2548 868 2592; x_wconf 77' lang='lat' dir='ltr'>K611ig</span> <span class='ocrx_word' id='word_1_431' title='bbox 893 2547 1040 2582; x_wconf 87' lang='lat' dir='ltr'>Orodes</span> <span class='ocrx_word' id='word_1_432' title='bbox 1066 2547 1102 2581; x_wconf 89' lang='lat' dir='ltr'>in</span> <span class='ocrx_word' id='word_1_433' title='bbox 1129 2546 1270 2581; x_wconf 82' lang='lat' dir='ltr'>seinem</span> <span class='ocrx_word' id='word_1_434' title='bbox 1303 2545 1461 2588; x_wconf 76' lang='lat' dir='ltr'>eigenen</span> <span class='ocrx_word' id='word_1_435' title='bbox 1486 2543 1630 2577; x_wconf 83' lang='lat' dir='ltr'>Reiche</span> 
     </span>
     <span class='ocr_line' id='line_1_48' title="bbox 164 2590 1629 2635; baseline -0.002 -10"><span class='ocrx_word' id='word_1_436' title='bbox 164 2592 309 2625; x_wconf 67' lang='lat' dir='ltr'>Harudel</span> <span class='ocrx_word' id='word_1_437' title='bbox 348 2592 535 2635; x_wconf 80' lang='lat' dir='ltr'>gemacht,</span> <span class='ocrx_word' id='word_1_438' title='bbox 580 2593 702 2627; x_wconf 89' lang='lat' dir='ltr'>indem</span> <span class='ocrx_word' id='word_1_439' title='bbox 738 2605 780 2628; x_wconf 91' lang='lat' dir='ltr'>er</span> <span class='ocrx_word' id='word_1_440' title='bbox 810 2595 932 2628; x_wconf 89' lang='lat' dir='ltr'>Einen</span> <span class='ocrx_word' id='word_1_441' title='bbox 976 2594 1044 2627; x_wconf 88' lang='lat' dir='ltr'>der</span> <span class='ocrx_word' id='word_1_442' title='bbox 1080 2593 1343 2627; x_wconf 79' lang='lat' dir='ltr'>vornehmsten</span> <span class='ocrx_word' id='word_1_443' title='bbox 1380 2590 1629 2625; x_wconf 71' lang='lat' dir='ltr'>Parthischen</span> 
     </span>
     <span class='ocr_line' id='line_1_49' title="bbox 165 2636 1629 2685; baseline -0.002 -14"><span class='ocrx_word' id='word_1_444' title='bbox 165 2638 396 2671; x_wconf 76' lang='lat' dir='ltr'>Heerfiihrer</span> <span class='ocrx_word' id='word_1_445' title='bbox 420 2649 596 2682; x_wconf 77' lang='lat' dir='ltr'>gewann,</span> <span class='ocrx_word' id='word_1_446' title='bbox 633 2640 712 2673; x_wconf 85' lang='lat' dir='ltr'>sich</span> <span class='ocrx_word' id='word_1_447' title='bbox 736 2651 858 2685; x_wconf 81' lang='lat' dir='ltr'>gegen</span> <span class='ocrx_word' id='word_1_448' title='bbox 884 2640 949 2675; x_wconf 88' lang='lat' dir='ltr'>ihn</span> <span class='ocrx_word' id='word_1_449' title='bbox 973 2651 1019 2674; x_wconf 88' lang='lat' dir='ltr'>zu</span> <span class='ocrx_word' id='word_1_450' title='bbox 1046 2642 1246 2684; x_wconf 78' lang='lat' dir='ltr'>emporen,</span> <span class='ocrx_word' id='word_1_451' title='bbox 1289 2648 1347 2671; x_wconf 89' lang='lat' dir='ltr'>um</span> <span class='ocrx_word' id='word_1_452' title='bbox 1372 2637 1501 2671; x_wconf 84' lang='lat' dir='ltr'>seinen</span> <span class='ocrx_word' id='word_1_453' title='bbox 1527 2636 1629 2670; x_wconf 88' lang='lat' dir='ltr'>Sohn</span> 
     </span>
     <span class='ocr_line' id='line_1_50' title="bbox 167 2678 1631 2727; baseline 0 -11"><span class='ocrx_word' id='word_1_454' title='bbox 167 2684 312 2718; x_wconf 83' lang='lat' dir='ltr'>Orodes</span> <span class='ocrx_word' id='word_1_455' title='bbox 337 2685 403 2718; x_wconf 81' lang='lat' dir='ltr'>auf</span> <span class='ocrx_word' id='word_1_456' title='bbox 423 2685 495 2726; x_wconf 85' lang='lat' dir='ltr'>den</span> <span class='ocrx_word' id='word_1_457' title='bbox 520 2685 649 2719; x_wconf 88' lang='lat' dir='ltr'>Thron</span> <span class='ocrx_word' id='word_1_458' title='bbox 681 2696 725 2719; x_wconf 91' lang='lat' dir='ltr'>zu</span> <span class='ocrx_word' id='word_1_459' title='bbox 761 2694 901 2722; x_wconf 85' lang='lat' dir='ltr'>setzen.</span> <span class='ocrx_word' id='word_1_460' title='bbox 949 2687 1064 2721; x_wconf 86' lang='lat' dir='ltr'>Diess</span> <span class='ocrx_word' id='word_1_461' title='bbox 1097 2695 1230 2727; x_wconf 81' lang='lat' dir='ltr'>zwang</span> <span class='ocrx_word' id='word_1_462' title='bbox 1263 2683 1336 2716; x_wconf 87' lang='lat' dir='ltr'>den</span> <span class='ocrx_word' id='word_1_463' title='bbox 1364 2683 1512 2718; x_wconf 84' lang='lat' dir='ltr'>Orodes</span> <span class='ocrx_word' id='word_1_464' title='bbox 1546 2678 1631 2716; x_wconf 67' lang='lat' dir='ltr'>zun&#39;i</span> 
     </span>
     <span class='ocr_line' id='line_1_51' title="bbox 167 2728 1630 2779; baseline -0.001 -16"><span class='ocrx_word' id='word_1_465' title='bbox 167 2729 382 2774; x_wconf 74' lang='lat' dir='ltr'>Riickzuge.</span> <span class='ocrx_word' id='word_1_466' title='bbox 428 2731 501 2766; x_wconf 86' lang='lat' dir='ltr'>Ein</span> <span class='ocrx_word' id='word_1_467' title='bbox 535 2730 607 2766; x_wconf 89' lang='lat' dir='ltr'>den</span> <span class='ocrx_word' id='word_1_468' title='bbox 638 2732 803 2768; x_wconf 76' lang='lat' dir='ltr'>Romern</span> <span class='ocrx_word' id='word_1_469' title='bbox 834 2732 1118 2779; x_wconf 79' lang='lat' dir='ltr'>gewohnliches</span> <span class='ocrx_word' id='word_1_470' title='bbox 1142 2729 1372 2767; x_wconf 81' lang='lat' dir='ltr'>Hult&#39;smittel</span> <span class='ocrx_word' id='word_1_471' title='bbox 1407 2730 1444 2765; x_wconf 87' lang='lat' dir='ltr'>in</span> <span class='ocrx_word' id='word_1_472' title='bbox 1476 2728 1630 2765; x_wconf 72' lang='lat' dir='ltr'>solchen</span> 
     </span>
    </p>
   </div>
   <div class='ocr_carea' id='block_1_7' title="bbox 0 0 36 1638">
    <p class='ocr_par' dir='ltr' id='par_1_10' title="bbox 0 0 36 1638">
     <span class='ocr_line' id='line_1_52' title="bbox 0 0 36 1638; baseline 0 0"><span class='ocrx_word' id='word_1_473' title='bbox 0 0 36 1638; x_wconf 95' lang='lat' dir='ltr'> </span> 
     </span>
    </p>
   </div>
   <div class='ocr_carea' id='block_1_8' title="bbox 14 2335 90 3043">
    <p class='ocr_par' dir='ltr' id='par_1_11' title="bbox 14 2335 90 3043">
     <span class='ocr_line' id='line_1_53' title="bbox 14 2335 90 3043; baseline 0 0"><span class='ocrx_word' id='word_1_474' title='bbox 14 2335 90 3043; x_wconf 95' lang='lat' dir='ltr'> </span> 
     </span>
    </p>
   </div>
  </div>
 </body>
</html>
