1795 3043
603 30 918 79 EPISTOLA
953 30 1135 80 cccli.
1513 42 1612 90 331

145 146 440 200 constitueras,
455 143 604 188 venire
621 144 841 187 voluisses.
902 145 1042 193 Quare
1057 145 1136 186 etsi
1155 145 1240 188 mei
1259 147 1465 189 commodi
1485 161 1614 190 causa

145 216 411 247 commovere
439 215 507 244 me
534 203 722 251 noluisti,
752 203 892 243 tamen
922 201 983 241 ita
1011 203 1222 244 existimes
1246 204 1373 245 velim
1401 217 1469 245 me
1498 207 1614 248 ante-

144 262 330 304 laturum
359 261 513 308 fuisse,
553 259 591 300 si
618 259 671 299 ad
709 270 776 299 me
805 256 1010 310 misisses,
1051 261 1309 301 voluntatem
1348 263 1462 302 tuam
1502 276 1614 304 com-

144 319 269 360 modo
313 330 419 358 meo.
487 315 554 359 Ad
583 327 654 364 ea,
701 328 811 368 quae
845 314 1077 368 scripsisti,
1119 318 1378 359 commodius
1414 320 1614 372 equidem

144 387 310 430 possem
325 375 376 416 de
395 373 570 427 singulis
589 372 642 414 ad
671 373 711 413 te
730 372 859 413 rebus
888 372 1090 422 scribere,
1120 375 1155 414 si
1184 375 1243 416 Μ.
1261 375 1443 425 Tullius,
1474 377 1614 423 scriba

143 445 283 481 meus,
328 432 510 473 adesset:
548 444 574 470 a
602 441 686 482 quo
723 430 829 471 mihi
870 430 1135 482 exploratum
1165 433 1251 479 est,
1300 433 1343 472 in
1374 434 1614 475 rationibus

143 489 349 531 duntaxat
376 487 623 540 referendis,
651 507 709 515 —
738 486 790 527 de
819 486 974 527 ceteris
1001 487 1127 528 rebus
1161 487 1376 530 affirmare
1405 503 1490 531 non
1519 504 1614 544 pos-

143 559 238 589 sum
264 569 324 577 —
351 545 459 587 nihil
488 556 584 585 eum
614 544 766 585 secisse
795 544 1022 593 scientem,
1065 544 1177 597 quod
1216 548 1323 586 esset
1359 549 1509 589 contra
1537 550 1614 590 aut

143 615 236 645 rem
266 604 341 645 aut
370 601 725 646 existimationem
752 602 889 642 tuam:
924 600 1045 653 dein,
1076 601 1112 642 si
1139 603 1349 643 rationum
1376 605 1617 646 referenda-

143 673 240 703 rum
268 661 335 702 ius
364 662 483 701 vetus
514 660 557 699 et
586 670 676 698 mos
704 658 904 709 antiquus
934 660 1142 712 maneret,
1182 672 1248 700 me
1285 661 1520 702 relaturum
1550 676 1616 704 ra-

143 718 304 770 tiones,
345 716 427 757 nisi
461 717 604 756 tecum
633 727 711 768 pro
755 715 1058 757 coniunctione
1093 717 1262 756 nostrae
1293 718 1617 760 necessitudinis

143 807 319 842 obersten
351 804 729 841 Schatzcommission
765 805 933 840 daselbst
966 805 1084 840 durch
1119 805 1268 841 Tullius
1298 808 1446 842 Laurea
1477 809 1617 844 einrei-

143 854 248 888 chen.
274 851 364 888 Sein
375 852 450 886 viel
461 853 588 898 spater
599 852 955 886 zuriickkehrender
965 853 1126 887 Ouastor
1143 852 1196 895 (Ξ,
1217 855 1612 897 ep.CCLXXXVIII.

141 901 178 936 3.
205 899 398 942 CCXCII,
422 899 474 940 4.)
500 898 646 932 mochte
671 898 873 933 unterdess
897 899 936 932 in
960 898 1091 942 Bezug
1115 899 1181 932 auf
1200 899 1262 933 die
1288 900 1466 945 besagten
1491 903 1616 937 Rech-

141 956 291 989 nungen
316 944 496 979 manchen
521 944 701 978 Umstand
727 945 897 979 bemerkt
928 944 1070 986 haben,
1105 945 1229 978 wobei
1262 946 1342 980 sein
1374 947 1527 992 eigenes
1552 950 1616 984 In-

141 998 286 1026 teresse
310 990 382 1026 in's
407 989 608 1034 Gedrsnge
628 991 732 1034 kam,
777 990 850 1024 und
882 990 979 1024 noch
1011 989 1137 1034 einige
1170 992 1471 1037 Abanderungen
1505 995 1615 1030 darin

142 1047 190 1072 zu
214 1038 367 1071 macheu
392 1038 609 1071 wiinschen.
667 1038 737 1071 Als
768 1047 810 1071 er
842 1036 912 1069 den
942 1036 1076 1070 Cicero
1106 1036 1197 1070 ietzt
1223 1048 1282 1071 um
1307 1038 1369 1073 die
1392 1041 1615 1077 Erlaubniss

142 1084 239 1118 dazu
272 1084 465 1125 ersuchte,
498 1083 608 1116 horte
633 1093 694 1125 er,
733 1082 817 1116 dass
843 1082 967 1115 dieser
990 1081 1046 1116 sie
1071 1083 1186 1116 sehon
1218 1084 1286 1117 der
1310 1084 1616 1123 Schatzkammer

141 1130 359 1174 iibergeben
389 1130 510 1172 hatte,
544 1129 641 1161 ohne
671 1127 775 1162 seine
807 1127 1066 1162 Zuriickkunft
1098 1129 1192 1162 nach
1225 1130 1321 1165 Rom
1359 1133 1613 1170 abzuwarten.

142 1176 332 1210 Hieriiber
355 1175 455 1209 hatte
481 1175 562 1209 sich
587 1185 660 1207 nun
685 1174 890 1209 Mescinius
915 1175 1035 1208 Rufus
1059 1175 1120 1209 bei
1136 1175 1271 1210 Cicero
1297 1177 1333 1211 in
1360 1179 1443 1213 dem
1462 1179 1616 1215 Schrei-

143 1222 217 1257 ben
239 1222 466 1265 beschwert,
491 1221 643 1254 worauf
655 1219 956 1264 gegenwartiges
981 1220 1044 1254 die
1058 1222 1233 1256 Antwort
1258 1222 1319 1259 ist.
1368 1225 1421 1260 Es
1437 1227 1615 1262 scheinen

142 1268 278 1303 iedoch
303 1269 365 1301 die
386 1266 666 1300 Beschwerden
691 1267 755 1300 des
778 1267 897 1300 Rufus
922 1277 992 1300 nur
1018 1267 1103 1301 eine
1132 1269 1203 1302 Art
1226 1280 1300 1303 von
1322 1270 1543 1318 Einleitung
1567 1285 1615 1309 zu

142 1314 227 1348 dem
240 1313 530 1358 Hauptgesuche
543 1323 720 1356 gewesen
745 1322 791 1345 zu
817 1311 911 1353 sein,
936 1312 1068 1346 womit
1092 1324 1134 1347 er
1160 1321 1236 1348 erst
1260 1326 1316 1349 am
1338 1316 1515 1353 Schlusse
1540 1321 1616 1355 sei-

144 1370 210 1394 nes
240 1360 366 1394 Briess
400 1358 696 1401 herausgeriickt
727 1369 828 1400 war,
866 1358 1028 1391 namlich
1057 1359 1262 1402 gleichsam
1293 1374 1363 1406 pro
1399 1365 1616 1403 redimenda

143 1416 242 1441 vexa
266 1406 350 1440 eine
375 1405 549 1439 ziemlich
573 1404 700 1438 starke
724 1403 989 1448 Anforderung
1006 1413 1051 1439 zu
1080 1405 1327 1452 befriedigen.
1376 1410 1512 1446 Cicero
1533 1419 1617 1458 sagt

144 1463 204 1498 ep.
228 1451 442 1495 CCLXIV‚
469 1452 503 1484 1.
530 1461 602 1483 von
628 1450 721 1484 ihm:
754 1456 809 1484 est
833 1449 947 1492 levis,
972 1450 1216 1496 libidinosus,
1242 1461 1373 1499 tagax3
1408 1458 1483 1492 und
1506 1471 1616 1495 wenn

144 1509 186 1532 er
210 1498 274 1532 ihn
300 1498 394 1532 auch
418 1497 583 1530 nachher
606 1495 644 1530 in
669 1496 765 1530 zwei
790 1495 1262 1541 Empfehlungsschreiben
1279 1512 1323 1534 an
1349 1502 1422 1536 den
1444 1505 1616 1540 Procon-

143 1544 202 1580 sul
227 1543 383 1579 Servius
417 1542 608 1587 Sulpicius
641 1541 810 1585 dagegen
841 1542 943 1584 lobt,
978 1553 1020 1576 so
1052 1554 1131 1577 war
1160 1544 1257 1579 doch
1287 1548 1394 1583 Alles
1428 1560 1499 1584 nur
1530 1552 1616 1587 eine

142 1590 239 1636 poli
251 1590 341 1624 tisc
353 1590 406 1622 he
429 1588 698 1623 Freundschaft
708 1588 763 1622 als
776 1588 896 1632 Folge
906 1587 1112 1623 derAmts-
1130 1591 1204 1625 und
1214 1592 1614 1634 Dienstverhiiltnisse.

235 1638 266 1670 l.
305 1636 450 1679 Quoquo
486 1635 603 1668 modo.
653 1633 719 1669 Sic
752 1641 857 1668 recte
885 1634 1087 1670 1Ed1584.
1117 1637 1370 1684 {Maru-Lag.
1405 1641 1492 1679 sch.
1518 1645 1615 1680 Liin.

143 1682 211 1717 cfr.
239 1682 340 1724 Offic.
360 1683 401 1725 3,
425 1681 453 1724 §.
473 1682 539 1715 117
565 1686 602 1714 et
627 1681 707 1715 118.
758 1681 833 1715 Quo
858 1682 965 1714 modo
992 1682 1090 1716 Cett.
1118 1694 1199 1717 cum
1224 1685 1301 1720 Md.
1345 1688 1543 1724 ORELLI.
1569 1710 1615 1718 —

143 1727 216 1762 mei
242 1739 369 1762 comm.
395 1738 450 1769 c.,
489 1726 631 1761 meiner
654 1727 982 1769 Bequemlichkeit
1004 1738 1150 1772 wegen.
1193 1731 1248 1764 tui
1280 1733 1376 1767 mala
1400 1735 1497 1770 coni.
1522 1737 1614 1773 Ern.

144 1774 392 1818 Marc-Lag.
425 1772 511 1808 sch.
536 1773 630 1807 Lun.
656 1772 745 1808 Vid.
772 1773 928 1813 Bened.‚
954 1773 1019 1816 qui
1045 1775 1082 1809 h.
1104 1776 1130 1811 l.
1160 1787 1288 1812 verum
1321 1779 1426 1816 vidit.
1467 1782 1542 1818 ΟΕ.
1568 1803 1614 1810 -—

143 1820 179 1855 si
202 1821 251 1854 ad
276 1831 331 1852 me
355 1819 517 1852 misisses
541 1818 567 1852 i.
595 1829 626 1853 e.
652 1818 684 1852 si
709 1818 799 1853 mihi
824 1819 1078 1864 significasses
1105 1833 1150 1856 eo
1177 1828 1214 1856 te
1243 1825 1410 1870 venisse,
1448 1840 1523 1872 quo
1549 1840 1614 1863 an-

145 1873 205 1901 tea
227 1865 487 1900 constitueras.
537 1865 614 1899 Csr.
640 1864 686 1899 ad
710 1865 862 1900 Divers.
884 1866 1001 1910 XVI,
1027 1867 1060 1901 9.
1089 1868 1315 1914 (CCXClI):
1343 1873 1490 1915 „Curio
1515 1876 1614 1920 misi,

145 1919 185 1947 ut
208 1911 354 1946 medico
379 1912 498 1945 honos
518 1911 734 1945 habeatur.⁷'
779 1912 988 1947 MANUT.
1011 1932 1056 1939 —
1102 1925 1218 1959 aquo.
1252 1918 1401 1953 Ernest.
1419 1921 1518 1957 coni.
1540 1923 1616 1956 Be-

144 1957 231 1993 ned.
276 1957 520 2001 Mart.-Lag.
556 1956 643 1992 Sch.
684 1957 778 1992 Liin.
810 1959 854 1992 de
883 1970 963 2002 quc.
1022 1960 1131 1995 Haud
1169 1962 1364 2008 displicet:
1397 1978 1420 2000 a
1461 1979 1529 2012 quo
1562 1974 1614 2002 ta-

144 2015 227 2039 men
242 2003 455 2048 significare
471 2009 632 2048 potesta
651 2004 755 2038 cuius
769 2004 953 2048 partibus,
976 2016 1061 2039 von
1088 2007 1257 2042 dessen
1285 2009 1341 2045 Se
1356 2010 1366 2045 i
1381 2017 1392 2044 t
1406 2024 1445 2055 e‚·
1473 2014 1533 2047 vel
1545 2025 1614 2060 per

147 2049 421 2089 ἀμαχάλουθοῃ,
439 2060 487 2093 „a
506 2060 580 2094 quo
595 2049 684 2083 mihi
696 2051 933 2095 exploratum
944 2057 999 2086 est
1010 2052 1105 2087 nihil
1120 2054 1255 2089 factum
1272 2059 1388 2092 esse.⁷'
1415 2060 1613 2097 ORELLI.

144 2115 191 2122 —
213 2096 254 2130 in
278 2096 485 2129 rationibus
503 2096 772 2139 ..referendi-3,
806 2096 869 2131 bei
904 2097 972 2132 der
1001 2098 1384 2147 Rechnungsablage,
1423 2106 1485 2140 die
1518 2108 1614 2141 nach

145 2141 214 2177 der
237 2142 421 2185 Meinung
444 2142 511 2176 des
536 2142 742 2176 Mescinius
759 2142 894 2177 Cicero
918 2144 1093 2188 zugleich
1111 2146 1177 2181 mit
1200 2148 1341 2183 seinem
1359 2151 1520 2187 Quastor
1545 2154 1614 2187 der

145 2187 372 2223 Romischen
398 2187 700 2222 Schatzkammer
723 2189 826 2223 hatte
850 2190 1031 2234 vorlegen
1063 2192 1138 2226 und
1171 2193 1380 2240 deponiren
1415 2198 1476 2241 (ad
1508 2210 1613 2234 aera-

147 2233 244 2268 rium
268 2234 426 2276 referre)
452 2235 585 2269 sollen.
623 2234 662 2270 S.
691 2235 796 2269 Orat.
827 2235 866 2270 in
896 2236 1026 2271 Pison.
1052 2248 1082 2272 c.
1104 2239 1160 2274 25.
1188 2259 1231 2265 —
1278 2252 1378 2286 rem,
1410 2245 1612 2287 Interesse,

147 2280 375 2323 Vermogen.
401 2279 433 2314 si
458 2280 631 2314 nimirum
656 2280 799 2324 aliquid
824 2282 862 2316 in
887 2282 1095 2319 rationibus
1119 2286 1301 2332 scriptum
1326 2289 1478 2335 fuisset,
1511 2292 1612 2335 quod

148 2325 368 2360 Mescinium
401 2332 638 2368 quaestorem
669 2328 774 2361 lucro
801 2334 951 2374 sperato
988 2329 1173 2374 privasset
1203 2334 1265 2368 vel
1289 2334 1457 2370 damnum
1484 2338 1519 2372 ei
1543 2338 1614 2373 im-

147 2377 346 2416 portasset.
391 2371 499 2406 SCH.
531 2392 576 2399 —-
623 2374 780 2408 existim.
826 2381 940 2419 guten
981 2375 1075 2421 Ruf;
1114 2379 1215 2423 quod
1244 2381 1381 2415 sactum
1417 2389 1537 2426 esset,
1580 2384 1613 2418 si

148 2417 285 2452 Cicero
318 2417 356 2451 in
389 2418 599 2454 referendis
629 2420 837 2455 rationibus
871 2428 1106 2464 quaestorem
1138 2436 1243 2460 suum
1276 2437 1350 2461 non
1380 2428 1614 2465 adhibuisset

147 2463 254 2508 quasi
280 2463 397 2497 malae
420 2463 511 2499 fidei
541 2473 764 2510 suspectum.
804 2467 912 2502 SGH.
940 2487 983 2494 -
1031 2470 1090 2504 ius
1124 2476 1225 2505 vetus
1255 2477 1289 2506 et
1318 2484 1396 2507 mos
1428 2476 1612 2520 antiquus,

149 2520 260 2554 quum
285 2509 370 2553 lege
396 2509 491 2543 Iulia
522 2512 683 2546 nondum
717 2513 792 2547 lata
825 2514 989 2550 rationes
1019 2516 1057 2550 in
1090 2518 1286 2562 provincia
1315 2530 1388 2553 non
1421 2522 1611 2566 relinque-

147 2556 296 2590 bantur.
346 2555 453 2589 Tunc
476 2556 573 2590 enim
598 2568 662 2591 eas
684 2558 730 2593 ad
756 2559 884 2594 urbem
912 2567 1079 2597 rectores
1107 2564 1386 2609 provinciarum
1418 2578 1498 2602 cum
1533 2569 1610 2604 suis

148 2601 410 2646 quaestoribus
457 2603 708 2639 conferebant.
775 2607 902 2641 MAN
905 2606 983 2642 UT.
1025 2627 1070 2634 —
1117 2621 1173 2643 me
1208 2611 1422 2646 relaturum.
1470 2615 1610 2650 Mart.-

149 2648 240 2693 Lag.
266 2647 352 2683 Sch.
377 2648 470 2682 Liin.
496 2659 551 2682 me
573 2650 664 2684 scito
688 2651 797 2687 relat.
823 2663 872 2687 ex
896 2653 1200 2698 interpolatione.
1252 2657 1326 2691 OR.
1363 2659 1496 2695 Cicero
1521 2661 1612 2696 liisst

150 2705 190 2730 es
216 2694 270 2729 oft
295 2705 377 2738 aus,
412 2694 485 2728 wie
517 2694 587 2730 wir
621 2696 656 2730 in
695 2698 766 2732 den
799 2698 916 2744 vorig.
948 2700 1066 2736 Bries.
1096 2702 1260 2747 gesehen
1292 2703 1422 2741 haben.
1447 2726 1491 2733 —
1540 2719 1610 2743 non
