1795 3043
227 75 325 122 104
477 69 540 114 M.
578 69 632 114 Τ.
671 67 1011 115 CICERONIS
1047 68 1421 115 EPISTOLAE.

227 181 444 232 Tuccium,
474 181 760 220 accusatorem
787 194 921 232 suum,
950 182 1044 233 post
1061 178 1180 221 ludos
1208 179 1415 221 Romanos
1443 191 1562 221 reum
1582 181 1675 234 lege

230 239 374 280 Plotia
402 238 452 276 dc
480 237 523 276 vi
554 238 671 289 fecit,
701 238 781 277 hoc
811 239 1003 289 consilio,
1033 237 1145 289 quod
1174 238 1357 289 videbat,
1387 237 1423 277 si
1444 239 1676 278 extraordi-

231 295 377 335 narius
406 306 501 333 reus
518 306 639 333 nemo
664 296 919 346 accessisset,
948 294 1028 334 sibi
1057 296 1138 334 hoc
1166 307 1274 334 anno
1306 307 1473 334 causam
1500 307 1588 334 esse
1616 295 1678 334 di-

234 351 421 392 cendam.
479 351 664 391 Dubium
692 364 819 403 porro
849 352 914 392 illi
944 364 1028 391 non
1058 352 1172 404 erat,
1211 351 1311 402 quid
1340 352 1530 391 futurum
1558 352 1674 391 esset.

234 407 403 448 Nemini
434 407 514 446 hoc
545 407 709 447 deferre
740 410 1029 448 munusculum
1059 409 1221 455 maluit,
1255 420 1379 458 quam
1406 420 1479 447 suo
1509 420 1677 448 accusa-

235 465 333 505 tori.
392 464 537 515 Itaque
577 465 667 504 sine
705 466 793 504 ullo
823 465 1108 516 subscriptore
1147 464 1362 505 descendit
1402 465 1444 503 et
1474 465 1678 505 Tuccium

235 533 354 561 reum
381 521 496 560 fecit.
551 521 607 561 At
638 533 728 573 eg0,
758 521 880 561 simul
910 523 1036 572 atque
1066 521 1229 574 audivi,
1258 521 1476 561 invocatus
1506 521 1559 561 ad
1587 521 1680 561 sub-

235 578 358 617 sellia
388 578 451 617 rei
472 589 676 618 occurro:
709 591 847 631 surgo,
877 590 1013 630 neque
1038 578 1209 619 verbum
1225 578 1276 618 (16
1305 590 1352 617 1·6
1381 578 1517 617 facio:
1546 579 1680 618 totum

238 634 530 685 Sempronium
558 647 690 685 usque
718 647 767 675 eo
798 648 976 688 perago,
1004 637 1051 674 ut
1079 635 1320 675 Vestorium
1359 646 1525 686 quoque
1553 636 1683 675 inter-

238 747 442 782 calumniae
467 747 673 781 damnatum
698 759 792 792 esse,
819 749 903 783 dass
929 760 969 783 er
995 750 1055 784 fiir
1085 749 1193 784 einen
1217 749 1581 784 verliiumderischen
1606 751 1684 783 An-

238 793 371 836 klager
406 803 452 826 zu
482 794 738 837 allgemeinem
771 796 876 829 Iubel
910 796 1050 829 erkli'trt
1082 796 1142 830 ist.
1170 815 1213 820 —
1254 807 1301 829 an
1327 797 1466 829 causa?
1513 796 1577 831 Sic
1601 796 1681 829 Md.

239 839 381 875 Bened.
418 839 514 873 Sane
555 848 743 884 corrupte.
794 841 868 876 Sed
902 842 939 875 in
977 842 1034 875 his
1069 842 1178 876 latet:
1212 843 1312 876 Cur?
1347 842 1505 885 quaeris·
1553 842 1684 876 Animi

241 896 351 919 causa
371 885 508 928 (5611165
518 886 774 920 Muthwillens
793 889 950 930 halbcr.)
978 888 1054 921 Cur
1077 889 1291 932 absorptum
1317 899 1338 921 a
1353 889 1505 923 Quaeris
1527 894 1683 933 propter

241 931 426 974 antiquam
452 932 671 976 scripturam
699 934 821 975 Quur;
847 934 963 968 animi
976 945 1045 979 per
1068 934 1323 979 compendium
1349 935 1535 967 redactum
1561 934 1598 967 in
1623 946 1682 969 αη.

242 978 343 1012 Crat.
371 979 464 1020 quod
488 979 520 1011 is
544 980 582 1012 in
608 990 730 1013 causa.
757 981 880 1014 Ceteri
909 981 1072 1020 Quaeris,
1098 992 1167 1024 qua
1191 981 1230 1013 in
1254 991 1384 1023 causa,
1418 980 1516 1022 quod
1543 986 1579 1013 et
1603 980 1683 1013 lan-

241 1024 393 1067 guidum
411 1030 465 1057 est
481 1031 517 1057 et
530 1025 596 1058 vix
611 1032 823 1070 corruptum
840 1033 949 1060 esset.
965 1027 1094 1060 Animi
1107 1033 1226 1060 autem
1242 1027 1460 1069 causa‚quia
1476 1037 1519 1059 ea
1535 1036 1683 1060 accusa-

242 1069 295 1103 tio
314 1070 608 1113 petulantissima
626 1072 707 1106 suit.
740 1073 933 1106 ORELLI.
950 1092 992 1097 —
1016 1074 1072 1107 Μ.
1088 1074 1268 1106 Tuccium.
1288 1083 1316 1106 5.
1332 1073 1522 1106 Drakenb.
1539 1083 1583 1106 zu
1599 1072 1681 1107 Liv.

243 1126 301 1160 ep.
316 1116 372 1149 20.
401 1116 536 1150 Dieser
554 1118 652 1151 hatte
668 1119 737 1151 den
757 1118 997 1163 Sempronius
1014 1119 1225 1163 aligeklagt,
1249 1119 1314 1152 der
1332 1119 1512 1162 dagegen,
1531 1129 1588 1151 um
1602 1118 1684 1151 Zeit

243 1171 289 1195 zu
315 1162 513 1205 gewinnen
538 1163 612 1196 und
632 1165 771 1198 andere
795 1165 969 1209 Richter,
1004 1166 1064 1198 die
1088 1166 1146 1198 fiir
1173 1167 1236 1198 (135
1262 1165 1434 1207 folgende
1448 1165 1545 1207 Iahr,
1571 1165 1684 1197 abzu-

243 1215 407 1249 wal-ten,
440 1208 548 1242 ienen
574 1210 638 1243 des
666 1212 931 1246 Verbrechens
963 1211 1220 1256 gewaltthatig
1244 1211 1419 1244 verilbter
1445 1210 1686 1244 Selbstrache

243 1252 344 1287 kraft
368 1254 432 1288 des
458 1255 675 1289 Plotischen
702 1257 881 1290 Gesetzes
906 1258 1091 1301 anklagte.
1124 1257 1174 1291 So
1200 1257 1342 1298 wiirde,
1370 1257 1501 1289 dachte
1527 1268 1579 1299 er,
1606 1256 1686 1290 sein

244 1299 400 1342 eigener
424 1301 586 1335 Prozess
611 1303 839 1336 verschoben
865 1304 1028 1338 werden.
1075 1304 1185 1337 Denn
1204 1303 1560 1346 Criminalprozesse
1585 1305 1686 1345 (cau-

244 1356 308 1381 sae
334 1347 665 1392 extraordinariae,
692 1350 879 1393 publicae)
911 1351 1090 1393 gehorten
1117 1360 1162 1383 zu
1188 1349 1258 1382 dcn
1283 1350 1515 1390 Prozessen,
1541 1350 1687 1382 welche

243 1392 318 1425 den
358 1392 621 1436 burgerlichen
661 1395 962 1429 Rechtshandeln
1008 1396 1143 1439 (causis
1174 1395 1344 1439 privatis)
1392 1395 1598 1438 vorgingen
1631 1395 1686 1429 315

244 1448 379 1471 causae
411 1440 752 1484 extraordinariae,
787 1449 895 1475 extra
935 1442 1101 1475 ordinem
1134 1441 1308 1485 agendae.
1368 1440 1494 1474 Ueber
1528 1441 1589 1474 die
1621 1441 1686 1475 lex

246 1483 374 1518 Plotia
406 1485 454 1528 (d.
482 1485 506 1519 i.
542 1486 606 1519 des
645 1487 944 1523 Vollistribunen
973 1489 1121 1522 Plotius
1155 1488 1214 1520 od.
1247 1487 1433 1528 Plautius)
1467 1487 1513 1520 de
1546 1486 1582 1520 vi
1608 1488 1684 1531 vgl.

247 1530 323 1565 Cic.
359 1536 450 1565 orat.
485 1542 542 1575 pr.
568 1532 648 1567 Mil.
674 1535 729 1566 13.
763 1533 911 1568 Sallust.
943 1534 1051 1568 Catil.
1078 1535 1121 1568 31
1148 1534 1232 1575 (32).
1258 1552 1303 1558 -—
1339 1533 1522 1566 extr-[cord.
1549 1544 1636 1566 reus
1661 1533 1684 1568 1.

246 1587 281 1610 6.
307 1576 411 1610 cuius
436 1587 545 1610 causa
569 1588 642 1611 non
668 1579 817 1619 ordine,
845 1587 882 1613 ut
908 1580 1002 1614 aliae
1027 1590 1169 1621 causae,
1196 1579 1262 1612 sed
1286 1579 1406 1623 primo
1432 1580 1515 1612 loco
1540 1590 1687 1623 semper

245 1629 442 1665 ageretur,
468 1623 583 1667 igitur
606 1636 652 1657 Ξ
675 1627 974 1660 extraordinaria
1007 1637 1135 1668 causa,
1174 1636 1269 1668 quae
1299 1625 1420 1658 statim
1453 1631 1535 1658 ante
1561 1635 1687 1659 omnes

247 1679 375 1702 causas
397 1670 540 1712 agenda
566 1677 672 1704 esset.
701 1671 809 1706 Sinn:
836 1672 924 1706 weil
952 1683 992 1706 er
1017 1673 1096 1714 sah,
1123 1671 1220 1714 dass,
1246 1682 1354 1705 wenn
1379 1670 1467 1703 kein
1494 1670 1688 1704 Criminal-

246 1714 409 1749 Prozess
435 1715 670 1749 dazwischen
695 1717 811 1758 kalne,
839 1719 1069 1752 seinHandel
1095 1719 1189 1750 noch
1215 1718 1252 1750 in
1278 1717 1416 1751 diesem
1431 1717 1539 1750 Iahre
1555 1717 1687 1751 wiirde

246 1771 534 1804 vorgenommen
559 1763 722 1798 werden.
750 1783 791 1789 --
817 1766 903 1809 quid
925 1766 1086 1807 futurum
1110 1768 1199 1797 esset
1224 1763 1302 1797 scil.
1330 1774 1369 1796 se
1395 1763 1600 1797 damnatum
1623 1763 1687 1806 iri,

247 1807 332 1841 dass
358 1818 419 1851 er,
444 1819 554 1841 wenn
580 1820 619 1843 es
645 1810 740 1842 noch
765 1810 802 1843 in
829 1811 966 1845 diesem
992 1812 1100 1844 Iahre
1125 1821 1206 1843 zum
1233 1809 1380 1853 Spruch
1404 1809 1532 1852 kame,
1558 1809 1687 1842 seinen

247 1853 404 1896 eigenen
436 1854 598 1889 Prozess
638 1856 823 1890 verlieren
865 1857 1005 1891 wiirdc.
1037 1876 1078 1882 -
1129 1856 1194 1890 hoc
1223 1855 1490 1899 munusculum,
1529 1855 1687 1889 Keinem

246 1899 378 1933 wollte
403 1911 444 1933 er
468 1901 558 1934 aber
582 1901 702 1935 lieber
726 1902 824 1936 diess
850 1903 1140 1937 Geschenkchen
1165 1902 1353 1945 zuspielen
1380 1901 1413 1935 d.
1430 1901 1454 1936 i.
1481 1900 1589 1935 einen
1606 1901 1688 1935 Cri-

246 1945 514 1990 minalprozess
539 1948 742 1990 aufhalsen‚
768 1950 821 1982 als
833 1950 940 1993 Dein,
967 1950 1034 1983 der
1059 1950 1121 1983 11111
1147 1948 1317 1991 verklagt
1343 1948 1455 1989 113116,
1481 1948 1563 1981 dem
1588 1947 1688 1980 Tuc-

247 1991 338 2025 cius.
379 1992 506 2035 Gegen
533 1993 660 2027 diesen
686 1995 909 2029 schmiedete
936 2008 976 2029 er
1001 1996 1115 2029 daher
1139 1995 1247 2028 einen
1270 1994 1420 2028 solchen
1445 1994 1617 2028 Prozess.
1644 2012 1686 2018 -—

245 2038 503 2082 subscriptore,
534 2051 609 2082 „er
632 2040 715 2073 kam
740 2042 817 2074 also
844 2042 900 2076 ins
921 2043 1056 2076 Forum
1081 2041 1339 2085 angesssegen,
1367 2040 1454 2073 aber
1480 2041 1575 2073 ohne
1602 2040 1686 2073 dass

246 2083 379 2127 irgend
394 2084 543 2118 Iemand
559 2085 637 2119 sein
653 2086 872 2131 Klaglibell,
898 2088 972 2122 wie
998 2099 1037 2122 es
1060 2087 1389 2130 Rechtsgebrauch
1412 2095 1504 2127 war,
1530 2085 1595 2119 mit
1619 2096 1687 2118 un-

246 2130 475 2164 terzeichnet
509 2131 648 2166 hatte.“
696 2133 912 2167 ledermann
937 2134 1119 2178 weigerte
1149 2134 1228 2166 sich
1258 2132 1356 2165 (11655
1381 2142 1426 2164 zu
1452 2131 1561 2172 thun‚
1597 2131 1688 2165 weil

247 2186 286 2209 es
312 2177 479 2220 sogleich
512 2177 548 2210 in
580 2178 639 2213 die
665 2182 798 2223 Augen
823 2180 905 2218 fiel,
940 2181 1022 2214 dass
1055 2190 1093 2213 es
1129 2180 1212 2213 eine
1255 2178 1434 2212 salsche
1470 2177 1687 2221 Anklage

247 2222 458 2265 (calumnia)
490 2234 580 2257 war.
630 2226 756 2260 Ueber
791 2226 853 2260 die
884 2227 1147 2270 subscriptores
1178 2236 1206 2259 5.
1243 2224 1288 2257 3(1
1315 2224 1357 2258 Q.
1394 2224 1513 2257 Fratr.
1552 2224 1624 2267 111,
1649 2224 1684 2258 4.

247 2268 400 2311 (CLIII)
433 2280 466 2302 u.
493 2269 657 2306 Divinat.
694 2272 730 2306 in
759 2273 872 2309 Vcrr.
908 2274 961 2307 15.
988 2273 1165 2306 Pandect.
1201 2269 1395 2310 XLVIII,
1423 2271 1455 2311 1,
1482 2272 1514 2304 7.
1541 2269 1686 2303 Gellius

246 2314 303 2357 11,
329 2315 361 2348 4.
386 2333 431 2339 -—-
478 2315 583 2350 Tucc.
615 2329 645 2351 r.
681 2319 785 2361 fecit,
822 2318 896 2352 und
925 2319 1068 2352 machte
1102 2317 1205 2351 seine
1236 2315 1526 2359 Criminalklage
1565 2326 1686 2359 gegen

245 2360 409 2394 Tuccius
435 2361 631 2406 anhangig.
668 2383 709 2388 —
741 2365 789 2397 ud
812 2365 906 2399 sulm.
932 2376 964 2398 r.
1003 2374 1175 2404 occurre,
1212 2363 1306 2396 laus⁷
1333 2362 1390 2394 ich
1427 2372 1512 2395 zur
1544 2362 1686 2396 Hiilfe

244 2418 365 2450 gegen
390 2407 452 2440 ibn
480 2408 607 2442 herbei
635 2409 707 2442 und
732 2418 833 2444 setze
857 2411 954 2444 mich
978 2411 1041 2443 auf
1063 2410 1144 2442 eine
1158 2409 1264 2442 Bank
1289 2408 1354 2441 des
1378 2408 1598 2451 Beklagten,
1624 2418 1685 2441 wo

245 2453 308 2486 die
341 2453 513 2486 Freunde
551 2455 623 2487 und
657 2456 929 2500 Vertheidiger
965 2457 1161 2490 desselben
1193 2455 1415 2489 beisammen
1446 2464 1583 2487 sassen.
1632 2453 1684 2488 So

246 2508 437 2532 occurrere
462 2499 507 2532 ad
530 2501 796 2544 vadimonium3
822 2503 866 2535 ad
892 2513 999 2546 opem
1023 2501 1210 2535 serendam
1236 2501 1316 2534 Liv.
1344 2500 1531 2542 XXXVI,
1555 2500 1613 2533 24.
1639 2499 1685 2532 ad

244 2555 390 2579 causam
415 2544 606 2579 dicendam
631 2547 759 2583 Valer.
786 2549 886 2583 Max.
910 2549 977 2588 IV,
1003 2549 1037 2588 4,
1063 2551 1094 2582 7.
1121 2547 1166 2581 ad
1192 2546 1389 2581 concilium
1419 2546 1501 2580 Liv.
1535 2545 1685 2588 XXXI,

243 2591 300 2624 29.
333 2591 379 2624 ad
410 2597 552 2636 tempus
588 2593 665 2629 Cic.
691 2594 859 2638 Philipp.
877 2596 907 2632 1,
926 2595 960 2628 4.
987 2594 1032 2627 ad
1057 2594 1183 2627 horam
1209 2603 1346 2626 coenae
1372 2592 1526 2625 Sueten.
1561 2591 1679 2635 Calig.

243 2636 300 2670 25.
341 2638 573 2682 supplicibus
606 2639 681 2673 Cic.
720 2639 848 2673 Deiot.
882 2642 913 2673 1.
962 2651 1145 2683 „accurro
1187 2639 1305 2683 Neap.
1342 2638 1446 2673 Vict.
1471 2638 1505 2672 2.
1551 2637 1680 2671 Lamb.

245 2688 362 2718 contr.
404 2684 512 2718 Md.“
572 2684 765 2720 ORELLI.
797 2704 842 2710 -
882 2697 991 2729 usque
1027 2696 1067 2719 eo
1103 2696 1267 2730 perago,
1308 2683 1359 2717 ita
1395 2695 1476 2717 eum
1512 2683 1682 2717 oratione

244 2729 419 2773 exagito,
455 2729 505 2764 ita
530 2741 626 2764 vexo
653 2730 728 2774 (ich
753 2731 896 2766 arbeite
930 2731 992 2766 ihn
1026 2732 1237 2767 dermassen
1269 2731 1503 2773 zusammen),
1538 2736 1576 2764 ut
1601 2730 1680 2765 Ve-
