1795 3043
0 2304 10 2647 ἴ

5 2762 8 2780 1

0 2784 13 3043 ΞΕ

456 82 773 132 EPISTOLA
808 81 925 128 CCC
931 81 1106 129 LXXX.
1412 84 1514 134 541

215 210 532 259 EPISTOLA
567 209 867 258 cchxxx
906 208 987 266 (aa
1020 211 1112 256 Ate.
1146 210 1203 257 x
1237 184 1372 270 149*

107 300 189 336 Ser.
217 299 256 336 in
280 301 444 335 Cumano
468 298 654 345 postridie
677 298 782 334 None
801 295 892 332 Mai.
917 298 962 333 A.
990 297 1032 332 U.
1060 297 1101 332 C.
1129 298 1207 333 705.
1242 299 1290 341 (a.
1310 297 1352 332 C.
1374 297 1454 343 49.)

51 379 218 427 Inopiam
243 378 393 414 consilii
419 379 589 423 que-itur
613 377 802 425 petitque,
828 383 870 410 ut
893 377 966 412 sibi
992 377 1175 422 quidquid
1199 376 1334 412 habeat
1358 377 1403 413 ad
1420 387 1513 415 con·

186 425 380 462 solandum
403 424 1012 516 pomeribatgxffgilffquilffafum
1037 424 1173 460 Servio
1197 424 1372 470 Sulpicio

531 552 716 587 CICERO
750 551 943 587 ATTICO
978 549 1017 586 S.

162 623 196 664 Ο
227 623 356 666 vitam
384 622 604 664 miseram!
661 623 877 675 maiusque
906 622 1086 671 malum,
1126 620 1214 662 tam
1243 619 1315 660 diu
1345 621 1509 669 timere,

50 693 176 731 quam
214 683 278 722 est
315 681 422 722 illud
463 681 622 733 ipsum,
670 680 782 732 quod
818 680 1008 720 timetur!
1070 678 1261 729 Servius,
1308 679 1356 717 ut
1385 680 1512 718 antea

50 738 224 791 scripsi,
255 751 383 790 quum
410 739 592 778 venisset
621 737 754 779 Nonis
783 734 928 789 Maiis,
970 735 1173 788 postridie
1202 735 1254 776 ad
1282 747 1350 775 me
1380 735 1511 775 venit.

49 794 114 835 Ne
152 795 311 836 diutius
345 797 387 835 te
424 797 613 847 teneam,
664 794 825 835 nullius
862 794 1029 834 consilii
1068 793 1225 834 exitum
1261 792 1513 833 invenimus.

49 851 276 904 Nunquam
299 852 386 894 vidi
406 853 620 892 hominem
639 851 996 905 perturbatiorem
1015 852 1144 890 metu:
1175 862 1312 902 neque
1336 850 1514 889 hercule

51 908 281 960 quidquam
317 910 512 957 timebat,
561 909 672 961 quod
707 922 791 950 non
833 909 943 948 esset
980 907 1226 948 timendum:
1272 907 1393 947 illum
1429 905 1515 948 sibi

48 965 226 1015 iratum,
257 967 372 1007 hunc
400 979 484 1007 non
513 967 716 1015 amicum3
754 965 1003 1006 horribilem
1032 965 1255 1015 utriusque
1272 963 1515 1016 victoriam,

52 1035 180 1074 quum
210 1025 385 1076 propter
415 1025 588 1064 alterius
607 1024 924 1070 crudelitatem,
957 1022 1130 1062 alterius
1150 1020 1392 1068 audaciam,
1424 1022 1514 1061 tum

49 1082 225 1133 propter
254 1081 475 1132 utriusque
504 1080 801 1121 difficultatem
829 1078 1144 1132 pecuniariam,
1183 1090 1265 1129 qua
1295 1078 1389 1118 erui
1417 1090 1514 1117 nus-

51 1149 177 1188 quam
200 1138 283 1177 nisi
301 1150 352 1177 ex
372 1137 631 1189 privatorum
652 1137 772 1177 bonis
795 1138 950 1189 posset.
1006 1135 1144 1186 Atque
1161 1134 1268 1175 haec
1289 1135 1349 1175 ita
1371 1135 1517 1175 multis

52 1206 149 1234 cum
177 1195 364 1235 lacrimis
393 1194 671 1245 loquebatur,
716 1197 764 1234 ut
789 1207 867 1246 ego
898 1194 1077 1233 mirarer
1106 1205 1176 1232 eas
1202 1194 1286 1231 tam
1315 1193 1517 1234 diuturna

51 1251 223 1292 miseria
259 1264 344 1291 non
374 1251 600 1292 exaruisse.
657 1250 766 1290 Mihi
796 1250 966 1302 quidem
995 1250 1120 1289 etiam
1148 1249 1362 1300 lippitudo
1391 1249 1516 1298 haec,

53 1310 230 1362 propter
257 1320 383 1359 quam
413 1320 496 1348 non
526 1308 616 1360 ipse
646 1306 697 1347 ad
728 1309 770 1347 te
801 1306 966 1355 scribo,
997 1307 1086 1346 sine
1114 1306 1205 1346 ulla
1231 1306 1408 1346 lacrima
1437 1308 1516 1357 est,

54 1366 127 1406 sed
158 1366 323 1418 saepius
359 1365 503 1405 odiosa
532 1367 594 1404 est
634 1367 810 1416 propter
846 1365 1026 1416 vigilias.
1087 1362 1364 1410 Quamobrem
1395 1362 1516 1414 quid·
1537 1371 1570 1412 2

55 1422 158 1474 quid
185 1423 316 1463 habes
347 1422 397 1462 ad
429 1421 754 1473 consolandum,
785 1422 939 1474 collige
969 1422 1010 1460 et
1038 1421 1114 1460 illa
1145 1419 1304 1469 scribe,
1345 1432 1430 1460 non
1462 1431 1516 1461 ex

56 1481 252 1520 doctrina
297 1491 435 1531 neque
473 1492 523 1519 ex
557 1478 701 1518 librist
759 1478 924 1522 namid
957 1478 1130 1529 quidem
1159 1477 1270 1517 domi
1301 1480 1388 1526 θεῖς
1442 1476 1517 1520 sed

53 1537 200 1577 nescio
231 1548 314 1588 quo
343 1535 464 1576 modo
503 1535 759 1576 imbecillior
797 1537 860 1575 est
889 1535 1120 1582 medicina,
1173 1546 1298 1586 quam
1325 1533 1517 1577 morbus,

56 1595 176 1635 Haec
216 1593 358 1646 potius
399 1594 626 1645 conquire,
678 1592 729 1631 de
758 1592 1002 1644 Hispaniis,
1056 1591 1107 1631 de
1137 1591 1350 1640 Massilia;
1405 1602 1517 1643 quae
1554 1606 1557 1608 ·

56 1651 227 1703 quidem
255 1651 357 1690 sat-is
374 1650 489 1691 bella
505 1650 676 1690 Servius
706 1647 848 1690 affert:
886 1650 958 1701 qui
989 1649 1116 1689 etiam
1136 1649 1188 1688 de
1207 1648 1367 1689 duabus
1388 1649 1519 1701 legio-

56 1707 185 1750 nibus
214 1709 452 1749 luculemos
481 1709 676 1748 auctores
706 1719 796 1747 esse
826 1705 1007 1747 dicebat.
1066 1706 1185 1747 Haec
1214 1705 1344 1759 igitur
1379 1706 1414 1746 si
1443 1706 1518 1746 ha·

149 1857 183 1890 1.
216 1854 376 1889 Servius.
412 1852 451 1887 S.
478 1852 599 1897 vorig.
625 1853 689 1887 Br.
714 1853 743 1896 §.
760 1853 793 1887 2.
819 1872 865 1879 —-
912 1853 1070 1896 exitum,
1100 1852 1233 1887 keines
1256 1853 1395 1888 Planes
1419 1853 1520 1887 Aus-

58 1912 162 1945 weg,
196 1900 434 1945 gliicklichen
459 1899 604 1943 Erfolg.
630 1918 675 1924 —
710 1900 873 1944 perturb.
897 1904 1003 1943 ruet„
1038 1900 1174 1943 „mehr
1196 1910 1324 1933 ausser
1348 1900 1524 1942 Fassung

59 1960 128 1982 vor
144 1948 319 1983 Furcht.⁷’
352 1947 433 1980 Der
457 1952 543 1988 gule
561 1945 717 1980 Servius
743 1946 842 1981 hatte
859 1958 975 1990 gerne
996 1946 1234 1980 schwimmen
1248 1949 1395 1989 mogen,
1422 1944 1523 1978 ohne

59 2005 144 2029 nass
167 2005 214 2028 zu
238 1992 403 2028 werden.
439 1992 589 2026 WIEL.
622 2011 666 2018 -—
712 1992 785 2026 sibi
807 1993 945 2026 iratum
968 1992 1210 2036 Pompeium,
1242 1991 1375 2026 iratum
1400 1989 1523 2027 omni-

58 2042 150 2085 bus,
185 2039 250 2084 qui
275 2039 311 2073 in
338 2038 445 2073 Italia
470 2044 743 2081 remanserant;
781 2038 915 2073 Servio
941 2038 1111 2084 Sulpicio
1136 2037 1272 2081 magis,
1310 2038 1374 2082 qui
1398 2037 1521 2073 filium

59 2099 141 2122 cum
159 2087 319 2122 Caesare
334 2084 575 2119 Brundisium
600 2085 763 2119 miserat.
787 2084 995 2120 MANUT.
1028 2085 1068 2120 S.
1095 2085 1255 2129 ep.359,
1276 2084 1310 2118 2.
1336 2102 1382 2109 —
1409 2083 1522 2130 fiune,

61 2135 256 2169 Caesarem
281 2131 415 2167 Servio
442 2142 513 2164 non
539 2131 715 2172 amicum,
746 2131 832 2174 quia
856 2132 1004 2166 dixerat
1028 2131 1067 2165 in
1090 2137 1239 2174 senatu,
1270 2141 1344 2164 non
1368 2130 1526 2175 placere

60 2180 134 2215 sibi
168 2190 251 2214 eum
281 2178 319 2212 in
344 2177 544 2223 Hispanias
578 2177 634 2211 ire
668 2184 796 2211 contra
820 2178 994 2222 Pompeii
1027 2178 1186 2222 legatos.
1220 2177 1428 2212 MANUT.
1476 2175 1520 2211 S.

62 2238 123 2272 ep.
144 2228 234 2269 365,
262 2227 295 2259 1.
323 2243 368 2249 —
406 2225 581 2266 alterius,
607 2224 779 2269 Pompeii
804 2225 1066 2258 crudelitatem.
1091 2243 1136 2249 —
1168 2224 1247 2267 diff.
1269 2235 1370 2268 pec.,
1402 2222 1522 2256 Geld-

60 2270 330 2316 verlegenheit.
363 2270 428 2305 Sic
451 2270 526 2305 Md.
557 2271 680 2304 Oxon.
701 2273 733 2304 l.
752 2270 785 2304 2.
812 2271 911 2306 Man.
938 2271 1064 2305 Lamb.
1092 2270 1196 2307 Vict.
1212 2271 1246 2305 2.
1279 2269 1522 2314 pecuniarum

61 2321 149 2354 Asc.
175 2321 207 2353 l.
242 2319 340 2352 Crat.
371 2317 472 2352 vict.
502 2319 535 2352 l.
571 2317 659 2352 Bos.
699 2316 831 2352 Graev.
865 2318 954 2351 Ern.
995 2317 1081 2351 Sch.
1112 2317 1205 2352 Liin.
1243 2317 1316 2350 ΟΒ.
1358 2334 1402 2340 --
1450 2325 1522 2359 qua

61 2366 143 2399 erui
167 2370 258 2406 cet„
284 2373 432 2397 woraus
448 2375 529 2397 man
552 2363 630 2397 sich
646 2362 748 2397 nicht
769 2363 903 2397 anders
918 2363 1231 2406 herausarbeiten,
1256 2362 1521 2396 heraushelfen

60 2412 206 2454 Minue,
247 2410 300 2444 als
332 2409 447 2443 durc'h
479 2410 549 2443 den
574 2410 680 2443 Raub
706 2410 798 2443 alles
822 2409 1186 2452 Privatvermiigens.
1223 2409 1390 2443 Gronov.
1417 2417 1520 2451 susp.

62 2468 152 2502 quae
184 2456 324 2490 erui..
344 2481 353 2491 .
375 2460 533 2500 possent.
570 2474 615 2481 -
663 2456 853 2501 lippitudo,
901 2456 938 2490 S.
972 2467 1031 2501 ep.
1056 2457 1135 2491 387.
1170 2474 1215 2481 —
1253 2454 1350 2499 ipse,
1390 2453 1521 2498 eigen-

61 2504 211 2547 h'andig.
247 2521 298 2583 k—
346 2506 497 2547 propter
535 2502 709 2547 vigilias,
755 2501 845 2538 weil
887 2501 947 2538 ich
984 2502 1160 2537 desshalb
1197 2501 1270 2535 fast
1310 2511 1378 2545 gar
1415 2499 1520 2534 nicht

57 2550 224 2585 schlasen
276 2558 359 2583 ann.

152 2620 187 2654 2.
211 2628 254 2651 ez
266 2616 454 2660 doctrina,
480 2627 544 2652 aus
568 2617 899 2664 philosophISchen
916 2618 1090 2654 Schulen.
1110 2636 1150 2642 -
1176 2616 1237 2659 id,
1265 2614 1519 2659 dergleichen.

4 2663 7 2697 ξ
63 2663 102 2699 S.
127 2663 276 2698 Ramsh.
302 2664 331 2706 §.
356 2665 442 2707 159,
474 2664 516 2707 2,
549 2674 581 2697 a.
611 2683 657 2690 —
702 2668 794 2699 satis
818 2666 932 2709 bellu,
976 2663 1182 2699 cuiusmodi
1215 2663 1405 2704 volumus,
1443 2671 1518 2694 non

62 2709 224 2744 secunda
249 2709 414 2743 Caesari.
444 2709 650 2745 MANUT.
699 2722 794 2756 „aus
817 2711 954 2746 beiden
976 2716 1065 2756 gute
1089 2708 1374 2743 Nachrichten.''
1397 2726 1443 2734 —-
1474 2707 1520 2741 de

62 2756 200 2791 duabus
224 2755 432 2800 legionibus
454 2766 476 2790 a
499 2757 680 2801 Caesare,
721 2763 762 2793 ut
784 2757 1000 2802 serebatur,
1032 2755 1283 2791 alienissimis.
1317 2753 1426 2790 SCH.
1474 2752 1517 2790 S.
