1795 3043
232 73 334 121 208
498 69 563 116 M.
600 71 654 115 T.
693 70 1029 118 CICERONIS
1064 72 1433 121 EPISTOLAE.

234 182 317 223 Sed
346 182 393 222 ut
422 180 500 222 tibi
530 182 738 234 placebitz
782 185 995 237 faciesque
1024 198 1113 238 me,
1141 186 1186 226 in
1217 199 1342 238 quem
1372 187 1482 228 diem
1510 188 1698 230 Romana

233 240 426 280 incidant
455 239 673 293 mysteria,
714 242 939 282 certiorem
978 244 1021 283 et
1051 255 1133 294 quo
1163 245 1284 284 modo
1315 244 1524 285 hiemaris.
1587 246 1698 286 Cura

235 299 283 337 ut
321 298 471 337 valeas.
543 297 644 337 Post
685 298 953 341 Leuctricam
996 313 1181 354 pugnam
1220 302 1289 342 die
1327 303 1698 356 septingentesimo

233 354 492 407 sexagesimo
522 355 682 407 quinto.

387 505 704 552 EPISTOLA
740 506 946 553 CCLIII.
1017 507 1098 565 (ad
1132 509 1236 553 Div.
1273 509 1400 554 XIII.
1437 511 1541 568 54.)

358 593 454 637 (Ser.
482 594 692 628 Laodiceae
717 604 842 629 mense
866 594 1005 629 Martio
1030 597 1075 629 A.
1103 595 1145 629 U.
1174 596 1213 630 C.
1239 597 1315 631 704.
1345 598 1390 639 (a.
1420 597 1461 631 C.
1485 597 1560 640 50.)

234 662 386 698 Gratias
412 663 576 697 Thermo
602 663 691 707 agit,
719 664 820 706 quod
845 663 1053 698 liberaliter
1078 664 1245 698 tractarit
1263 665 1489 711 Marcilium,
1512 665 1696 712 petitque,

544 716 585 743 ut
610 721 761 754 operam
787 710 870 753 det,
900 721 946 744 ne
971 721 1098 745 socrus
1124 711 1204 745 eius
1230 723 1294 746 rea
1318 713 1393 747 fiat.

602 779 789 813 CICERO
822 779 1039 813 THERMO
1070 780 1258 817 PROPR.
1292 780 1331 816 S.

277 871 280 874 ·
348 850 484 898 Quum
524 851 658 890 multa
693 851 799 891 mihi
837 852 956 903 grata
991 852 1108 903 sunt,
1149 863 1255 903 quae
1295 853 1341 892 tu
1370 851 1575 892 adductus
1603 862 1698 890 mea

234 907 599 947 commendatione
628 908 786 949 fecisti:
830 910 918 948 tum
945 909 990 948 in
1019 909 1187 960 primis,
1218 909 1329 960 quod
1357 909 1414 948 M.
1436 908 1697 957 Marcilium,

234 964 359 1004 amici
390 966 516 1015 atque
544 965 785 1015 interpretis
813 966 897 1005 mei
927 964 1081 1014 filium,
1122 965 1418 1006 liberalissime
1448 965 1694 1006 tractavisti.

234 1022 360 1061 Venit
390 1023 502 1062 enim
531 1022 783 1062 Laodiceam
816 1024 857 1062 ct
887 1022 966 1062 tibi
996 1022 1106 1073 apud
1137 1035 1203 1062 me
1232 1022 1420 1074 mihique
1450 1024 1624 1075 propter
1654 1024 1697 1061 te

233 1080 391 1132 gratias
420 1079 622 1119 maximas
652 1080 747 1131 egit.
810 1080 960 1131 Quare,
991 1079 1100 1130 quod
1131 1080 1341 1130 reliquum
1370 1081 1445 1128 est,
1475 1094 1499 1119 a
1521 1082 1562 1119 te
1582 1079 1697 1130 peto,

234 1137 432 1187 quoniam
472 1136 582 1188 apud
620 1138 760 1188 gratos
800 1136 990 1176 homines
1028 1135 1277 1176 beneficium
1306 1138 1452 1189 ponis,
1494 1138 1618 1176 uteo
1648 1136 1700 1175 li·

233 1192 403 1233 bentius
436 1194 489 1232 iis
519 1194 756 1233 commodes
796 1205 1049 1244 operamque
1078 1194 1169 1245 des,
1207 1194 1347 1245 quoad
1381 1193 1485 1233 fides
1523 1194 1597 1233 tua
1625 1205 1698 1244 pa-

231 1250 386 1302 tietur,
415 1251 462 1289 ut
493 1263 636 1289 socrus
667 1250 942 1290 adolescentis
972 1263 1044 1289 rea
1073 1263 1126 1289 ne
1151 1249 1234 1289 fiat.
1296 1251 1385 1302 Ego
1415 1263 1543 1301 quum
1574 1252 1699 1290 antea

232 1307 416 1348 studiose
448 1306 787 1347 commendabam
815 1306 1082 1357 Marcilium,
1118 1308 1208 1346 tum
1236 1308 1367 1346 multo
1397 1319 1511 1347 nunc
1541 1307 1697 1346 studio-

231 1435 428 1465 contemno
464 1435 600 1463 statuas
632 1426 740 1462 nobis
776 1426 929 1461 honoris
963 1437 1072 1460 causa
1094 1426 1237 1471 positas
1270 1426 1361 1470 (vid.
1385 1427 1456 1470 Ep.
1481 1427 1619 1469 XXX,
1639 1426 1696 1461 26.

231 1477 351 1521 CCL,
375 1479 407 1511 7.
444 1475 746 1517 CCXXXVIII,
770 1475 862 1517 15.),
905 1484 1058 1516 quarum
1093 1473 1358 1517 inscriptiones
1385 1473 1501 1506 falsae
1528 1480 1562 1507 et
1587 1473 1696 1506 fictae

230 1530 333 1564 sunt,
360 1522 570 1557 assentandi
595 1532 722 1563 causa3
758 1522 822 1554 sed
855 1520 887 1553 si
919 1519 1002 1562 ipse
1035 1519 1219 1552 eiusmodi
1250 1526 1524 1553 monumentum
1554 1519 1696 1563 fecero,

231 1569 271 1604 id
295 1569 405 1603 nobis
431 1579 554 1603 veram
581 1567 738 1612 gloriam
763 1567 906 1600 afferet.
930 1565 1165 1599 ERNESTI.
1192 1584 1234 1589 —
1273 1567 1467 1609 mysteria,
1500 1576 1604 1599 sacra
1628 1566 1697 1599 bo-

230 1627 302 1650 nae
327 1617 453 1654 Deae,
488 1625 582 1658 quae
616 1614 837 1658 plerumque
862 1611 1001 1645 fiebant
1026 1612 1111 1645 Kal.
1138 1611 1268 1654 Maiis,
1303 1611 1488 1645 interdum
1519 1623 1609 1645 vero
1646 1611 1695 1645 ob

229 1662 535 1697 intercalationes
561 1661 644 1694 loco
670 1660 924 1693 movebantur.
964 1657 1055 1693 vid.
1075 1658 1240 1691 Gronov.
1269 1658 1376 1692 Obss.
1392 1659 1459 1701 IV,
1472 1659 1505 1692 9.
1531 1658 1695 1702 Appian.

229 1709 269 1743 in
295 1709 475 1752 Excerpt.
502 1707 609 1742 SCH.
650 1706 689 1740 S.
715 1716 762 1739 zu
794 1717 853 1749 ep.
873 1704 978 1743 CCL,
999 1704 1053 1737 14.
1083 1715 1118 1738 u.
1144 1714 1187 1737 zu
1216 1704 1244 1746 §.
1259 1704 1313 1737 12.
1348 1704 1510 1737 Liberal.
1538 1703 1575 1737 in
1601 1704 1695 1738 dies.

228 1755 371 1789 Briese.
392 1774 437 1779 -
465 1758 548 1798 post
573 1753 718 1786 Leuctr.
741 1762 856 1796 pugn.
885 1750 917 1784 d.
936 1751 959 1784 i.
988 1750 1049 1783 bei
1073 1750 1246 1783 Bovillae
1271 1750 1460 1784 zwischen
1478 1750 1633 1784 Clodius
1658 1761 1694 1785 u.

228 1802 339 1845 Milo,
364 1800 543 1835 wodurch
570 1800 631 1833 die
658 1798 870 1833 Sicherheit
897 1808 930 1832 u.
947 1797 1054 1830 Ruhe
1081 1796 1118 1829 in
1137 1797 1230 1830 Rom
1257 1796 1352 1829 eben
1377 1807 1418 1830 so
1442 1796 1586 1830 wieder
1610 1797 1698 1830 her-

229 1848 382 1893 gestellt
408 1847 558 1890 wurde,
594 1845 669 1879 wie
703 1844 890 1878 ehemahls
923 1843 983 1876 die
1015 1843 1123 1876 Ruhe
1157 1842 1453 1876 Griechenlands
1486 1843 1579 1875 nach
1611 1842 1694 1877 dem

228 1895 451 1929 beriihmten
478 1893 593 1936 Siege
619 1892 683 1925 des
708 1889 983 1935 Epaminondas
1009 1889 1101 1922 iiber
1133 1888 1194 1922 die
1219 1888 1423 1933 Spartaner
1449 1888 1510 1922 bei
1533 1889 1696 1923 Leuctra

229 1941 268 1976 in
292 1941 454 1974 Bootien
479 1942 546 1974 371
572 1950 639 1972 vor
661 1938 749 1972 Chr.
792 1937 926 1971 Cicero
960 1935 1111 1968 bedient
1143 1935 1222 1968 sich
1251 1935 1315 1968 des
1342 1935 1486 1979 Tages,
1524 1946 1568 1969 an
1600 1936 1695 1969 wel-

229 1989 335 2022 chem
361 1985 514 2020 Clodius
540 1984 709 2029 getodtet
734 1994 828 2026 war,
855 1994 937 2017 zum
964 1982 1100 2015 Datum
1125 1981 1247 2015 seines
1264 1981 1401 2023 Briets,
1427 1981 1516 2015 weil
1542 1981 1606 2014 ihn
1631 1980 1694 2015 die

228 2045 334 2069 sacra
358 2033 480 2066 bonae
504 2033 610 2066 Deae
636 2042 679 2064 an
707 2030 881 2072 Clodius,
923 2029 990 2062 der
1021 2028 1124 2061 diese
1158 2028 1256 2061 eiust
1286 2028 1456 2071 gestohrt
1489 2028 1611 2070 hatte,
1651 2038 1693 2061 so
1765 2038 1766 2041 ¹

228 2081 325 2116 eben
350 2080 578 2114 erinnerten.
627 2078 751 2112 VVenn
777 2088 856 2110 man
883 2075 945 2109 die
971 2075 1062 2108 Zahl
1087 2074 1155 2107 der
1181 2074 1284 2117 Tage
1309 2085 1392 2106 vom
1418 2074 1462 2107 20
1479 2074 1616 2108 Ianuar
1628 2074 1695 2108 702

228 2118 298 2177 im,
331 2137 391 2163 WO
418 2124 768 2177 Clodius-getodtet·
791 2122 945 2161 wurde,
972 2121 1064 2154 nach
1091 2120 1172 2153 dem
1197 2120 1295 2153 alten
1321 2119 1512 2171 Kalender
1538 2120 1695 2173 berech-

227 2184 310 2220 net3
350 2186 390 2209 so
422 2183 521 2207 muss
555 2172 679 2205 dieser
704 2169 813 2203 Br1ef
840 2180 896 2203 am
928 2169 984 2202 24.
1006 2167 1173 2201 Februar
1199 2166 1283 2208 704,
1316 2165 1419 2199 mcht
1444 2177 1499 2199 am
1529 2166 1562 2199 5.
1587 2167 1695 2201 Marz

228 2221 476 2270 geschrieben
501 2218 594 2253 sein.
642 2217 747 2251 Nach
773 2216 855 2249 dem
879 2215 1049 2258 Anfange
1074 2213 1198 2246 dieses
1212 2212 1338 2246 Briefs
1362 2212 1411 2245 ist
1436 2223 1477 2245 er
1502 2212 1585 2245 eine
1602 2213 1695 2246 Ant-
1762 2211 1763 2223 ¹

228 2276 329 2306 wort
368 2267 432 2302 auf
467 2265 576 2300 einen
608 2263 737 2305 Brief,
781 2262 853 2296 den
892 2272 933 2294 er
976 2271 1031 2293 am
1063 2261 1118 2293 17.
1139 2259 1308 2292 Februar
1342 2269 1426 2291 vom
1459 2258 1611 2292 Attikus
1647 2269 1695 2293 zu

228 2315 418 2353 Laodicea
442 2313 662 2347 bekommen
688 2310 799 2344 hatte.
850 2307 983 2342 Cicero
1010 2305 1186 2339 brauchte
1217 2305 1344 2338 mehre
1370 2305 1474 2348 Tage
1506 2315 1573 2337 zur
1595 2306 1695 2339 Aus-

228 2363 427 2405 arbeitung
451 2360 576 2396 seiner
599 2358 798 2399 Antwort,
824 2354 899 2390 wie
922 2363 1004 2387 man
1030 2362 1094 2385 aus
1119 2351 1202 2408 dem
1226 2350 1438 2396 Postscript
1462 2351 1492 2393 §.
1518 2351 1562 2386 23
1589 2361 1623 2385 u.
1649 2351 1695 2386 24
1758 2400 1759 2404 Ἰ

230 2410 386 2446 ersieht.

476 2472 484 2483 ·’
532 2460 756 2496 THERMO.
805 2458 844 2494 S.
874 2467 920 2491 zu
946 2467 1005 2501 ep.
1023 2455 1205 2489 CCXXX
1237 2453 1286 2487 im
1311 2453 1395 2488 Ans.

322 2515 354 2548 1.
380 2512 534 2555 interpr.
561 2509 585 2542 i.
602 2519 633 2541 e.
660 2517 734 2550 quo
761 2517 840 2540 sum
867 2513 953 2537 usus
980 2502 1186 2545 interprete
1213 2499 1521 2543 (Dollmetscher)
1547 2498 1583 2531 in
1604 2509 1694 2543 pro-

229 2560 365 2595 vincia.
387 2578 431 2583 —
469 2555 650 2593 quoniam.
686 2552 723 2587 S.
752 2563 811 2596 ep.
827 2549 1012 2591 CCXLII,
1031 2550 1065 2582 3.
1083 2566 1125 2571 -
1158 2547 1220 2581 z'z's.
1248 2546 1312 2581 Sic
1337 2544 1481 2589 scripsi.
1515 2544 1572 2578 his
1596 2545 1691 2579 Cett.

232 2605 430 2641 ORELLI.
449 2597 494 2629 -ἶ
529 2601 658 2646 quoad.
692 2598 779 2634 Viri
804 2596 905 2630 docti
930 2596 967 2629 in
993 2594 1094 2628 Bz'hl.
1118 2593 1248 2637 philol.
1275 2593 1375 2636 Lips.
1396 2594 1495 2643 T777.
1515 2593 1550 2634 3,
1575 2602 1612 2635 p.
1631 2592 1693 2626 198

229 2653 326 2698 quod
350 2651 445 2686 coni.
472 2650 588 2683 Immo
615 2644 814 2689 aliquoties
840 2643 876 2676 in
903 2642 971 2675 hac
1001 2641 1160 2674 formula
1184 2645 1256 2673 cet.
1283 2639 1377 2683 quod
1401 2648 1438 2671 ιιι
1463 2639 1580 2681 quoad
1614 2648 1693 2671 mu-

229 2699 400 2741 tandum,
433 2702 474 2730 ut
504 2695 585 2730 Lib.
606 2693 741 2736 l3‚61.
776 2689 856 2723 Lib.
880 2688 989 2728 14,4.
1023 2687 1116 2730 quod
1140 2690 1244 2730 potes
1273 2685 1351 2719 Md.
1377 2683 1519 2717 Bened.
1549 2683 1692 2735 ΟΒ..-

230 2746 332 2788 Ῑὶάεε,
359 2742 471 2778 deine
496 2744 724 2783 Amtstreue‚
741 2732 1151 2778 Gewissenhastigkeit.
1171 2751 1212 2757 -
1245 2735 1284 2764 ut
1307 2741 1351 2765 ne
1374 2741 1438 2764 rea
1461 2730 1547 2773 fiat,
1571 2740 1608 2764 in
1635 2739 1693 2764 ius
