1795 3043
549 82 868 134 EPISTOLA
902 82 1127 132 CCLVII.
1469 89 1571 137 219

111 201 292 245 Brutum
321 213 347 243 a
373 211 440 242 me
467 198 600 241 amari
627 198 845 251 intelligis.
912 198 1023 245 Quid
1059 199 1122 238 est
1150 208 1322 250 causae,
1360 208 1437 238 cur
1465 197 1571 238 mihi

112 271 196 300 non
228 260 272 300 in
302 258 456 311 optatis
483 257 540 297 sit
569 257 794 309 complecti
825 256 1039 295 hominem
1069 255 1288 295 florentem
1319 256 1457 295 aetate
1482 255 1570 306 opi-

111 315 207 365 bus,
239 315 469 357 honoribus
496 314 679 367 ingenio,
709 312 856 353 liberis
883 313 1146 364 propinquis,
1176 312 1372 352 affinibus
1402 312 1569 360 amicis3

111 375 318 427 collegam
348 384 485 414 meum
522 371 775 424 praesertim
804 371 846 410 et
874 370 918 409 in
950 369 1040 421 ipsa
1068 369 1239 422 collegii
1267 369 1391 409 laude
1420 372 1462 409 et
1491 369 1570 409 sci-

113 432 230 471 entia
256 431 488 471 studiosum
515 428 625 468 mei?
664 428 782 467 Haec
813 438 862 467 eo
892 426 1084 479 pluribus
1113 426 1288 477 scripsi,
1328 427 1438 478 quod
1467 439 1571 467 non-

113 488 225 528 nihil
266 486 557 541 significabant
596 486 695 525 tuae
734 484 884 524 literae
921 483 1196 523 subdubitare
1226 491 1290 533 te,
1326 497 1409 535 qua
1440 496 1572 524 essem

114 557 215 597 erga
244 545 363 585 illum
392 544 621 585 voluntate.
681 541 814 581 Credo
844 542 886 580 te
915 540 1080 580 audisse
1104 540 1286 590 aliquid:
1316 541 1467 581 falsum
1494 543 1571 590 est,

114 602 220 642 mihi
251 601 397 652 crede,
428 600 463 640 si
494 599 596 651 quid
627 598 792 638 audisti.
864 598 1006 638 Genus
1043 597 1331 637 institutorum
1369 600 1410 637 et
1445 598 1572 638 ratio-

114 670 215 700 num
246 671 430 699 mearum
459 655 841 696 dissimilitudinem
878 655 1126 694 nonnullam
1164 654 1293 694 habet
1330 667 1426 694 cum
1456 655 1574 695 illius

114 715 478 757 administratione
509 713 769 765 provinciae.
810 712 877 752 Ex
906 724 955 752 eo
976 712 1146 763 quidam
1173 711 1374 763 suspicati
1397 712 1572 752 fortasse

116 775 213 813 sunt
243 773 476 812 animorum
507 770 792 817 contentione,
822 781 905 808 non
936 769 1181 820 opinionum
1209 768 1482 816 dissensione,
1506 780 1574 808 me

116 828 169 871 ab
210 841 259 869 co
298 829 554 880 discrepare.
612 826 732 867 Nihil
774 828 911 866 autem
948 826 1032 865 feci
1071 838 1255 877 unquam
1292 837 1430 876 neque
1469 825 1573 873 dixi,

115 885 227 938 quod
257 888 405 925 contra
443 885 561 925 illius
598 883 949 923 existimationem
989 895 1080 922 esse
1117 884 1283 924 vellem.
1350 883 1453 923 Post
1492 884 1574 923 hoc

116 943 332 995 negotium
362 943 502 982 autem
540 942 582 980 et
618 941 898 980 temeritatem
934 940 1068 979 nostri
1096 939 1344 980 Dolabellae
1379 939 1578 992 depreca-

116 1001 251 1041 torem
279 1011 344 1039 me
373 1011 449 1052 pro
480 997 599 1038 illius
629 998 822 1048 periculo
849 995 1049 1048 praebeo,
1107 996 1211 1036 Erat
1240 997 1283 1035 in
1315 996 1459 1036 eadem
1490 998 1576 1049 epi·
1599 1003 1626 1043 3

118 1058 228 1097 stola
267 1058 493 1108 „veternus
539 1054 766 1095 civitatis.”
843 1052 1085 1093 Gaudebam
1123 1064 1222 1093 sane
1261 1055 1303 1093 et
1339 1055 1578 1106 congelasse

117 1116 307 1154 nostrum
344 1113 523 1153 amicum
562 1110 754 1151 laetabar
792 1110 893 1152 otio,
959 1111 1160 1151 Extrema
1194 1110 1361 1163 pagella.
1400 1111 1581 1163 pupugit

117 1183 184 1212 me
219 1172 292 1211 tuo
328 1168 626 1222 chirographo.
685 1167 794 1215 Quid
834 1165 926 1208 ais?
983 1167 1202 1208 Caesarem
1241 1179 1354 1208 nunc
1394 1167 1582 1209 defendit

120 1227 278 1271 Curio?
309 1226 403 1278 quis
432 1228 513 1267 hoc
544 1226 714 1278 putaret
742 1227 911 1277 praeter
939 1225 1037 1265 me?
1081 1224 1215 1275 Nam,
1247 1224 1307 1265 ita
1327 1225 1478 1277 vivam,
1504 1238 1582 1278 pu-

117 1285 220 1326 tavi.
279 1284 350 1324 Dii
388 1283 665 1322 immortales!
704 1294 828 1332 quam
869 1294 944 1334 ego
973 1281 1105 1321 risum
1141 1282 1330 1321 nostrum
1368 1281 1579 1323 desidero!

123 1373 318 1409 CLXXX.
340 1391 384 1397 -—
424 1372 593 1406 Brutum.
625 1372 714 1407 Von
740 1370 809 1403 den
836 1369 917 1404 drei
935 1370 1126 1404 Tochtern
1151 1370 1216 1403 des
1241 1369 1385 1414 Appius
1418 1381 1498 1405 war
1522 1370 1585 1406 die

123 1420 208 1454 eine
233 1419 300 1452 mit
325 1418 409 1451 dem
434 1418 590 1450 anesten
620 1416 745 1451 Soline
770 1416 835 1450 des
854 1416 1070 1460 Pompeius,
1097 1415 1157 1450 die
1181 1416 1320 1449 andere
1346 1416 1412 1450 mit
1431 1417 1583 1460 Brutus,

122 1465 187 1499 die
213 1465 325 1499 dritte
351 1464 415 1497 mit
443 1464 640 1497 Cornelius
664 1463 844 1497 Lentulus
869 1463 1063 1496 vermahlt.
1085 1482 1124 1487 —
1162 1462 1351 1505 complecti
1374 1474 1518 1507 amore,
1546 1463 1584 1497 in

124 1513 207 1546 dem
234 1509 644 1545 sreundschaftlichsten
671 1508 912 1544 Verhaltniss
938 1518 984 1541 zu
1010 1508 1189 1541 leben.-—
1234 1509 1370 1542 liberis.
1402 1510 1458 1544 Er
1482 1511 1584 1543 hatte

124 1558 207 1593 drei
233 1558 396 1591 'I'ochter
423 1558 465 1599 (s.
492 1567 548 1599 ep.
569 1555 742 1590 CXCIV.
769 1554 960 1588 CCXXII.
988 1554 1157 1594 CCLXI)
1192 1564 1225 1587 u.
1253 1554 1459 1599 adoptirtc,
1492 1556 1582 1590 weil

125 1615 168 1639 er
191 1603 303 1638 keine
328 1601 454 1637 Sohne
477 1602 590 1643 hatte,
616 1600 677 1634 die
701 1599 835 1634 beiden
862 1599 987 1635 Soline
1011 1600 1134 1634 seines
1159 1600 1327 1634 Bruders
1352 1602 1391 1635 C.
1416 1601 1583 1643 Clodius,

123 1650 187 1685 die
220 1661 292 1683 nun
326 1647 441 1693 Appii
473 1647 622 1681 Claudii
655 1646 772 1680 maior
812 1657 847 1680 u.
886 1646 1007 1680 minor
1042 1652 1203 1690 genannt
1241 1647 1397 1681 wurden
1432 1648 1486 1691 (S.
1522 1660 1583 1693 ep.

125 1694 352 1735 CCXXIII).
372 1713 416 1719 —-
457 1694 638 1736 collegam
662 1693 699 1726 in
725 1698 975 1736 auguratu.--
1016 1692 1054 1725 in
1079 1693 1160 1736 ipsa
1185 1693 1315 1735 colleg.
1343 1694 1450 1728 laude
1475 1698 1508 1728 et
1532 1705 1583 1728 sc.

122 1747 168 1777 εἰ.
194 1742 284 1784 mei,
317 1739 391 1773 und
415 1739 482 1775 der
513 1740 551 1773 in
584 1740 665 1774 dem
691 1738 1076 1773 wissenschaftlichen
1101 1738 1244 1773 werke
1278 1740 1324 1773 de
1356 1740 1438 1774 iure
1471 1752 1584 1785 augu-

123 1788 214 1832 rali,
249 1787 429 1822 wodurch
454 1797 494 1820 er
519 1787 599 1820 sich
625 1786 684 1820 ein
709 1796 750 1820 so
784 1785 1011 1819 riihmliches
1036 1785 1244 1821 Verdienst
1276 1797 1335 1819 uin
1367 1787 1432 1820 das
1458 1787 1585 1821 Colle-

125 1835 227 1880 gium
253 1833 421 1877 erwarb,
457 1833 564 1868 einen
603 1831 840 1865 offentlichen
864 1831 1013 1865 Beweis
1043 1831 1168 1865 §einer
1192 1832 1366 1876 Achtung
1396 1834 1456 1867 sur
1486 1833 1583 1867 mich

125 1881 302 1924 abgelegt
326 1880 399 1912 hat.
434 1877 472 1913 S.
498 1891 556 1923 ep.
575 1879 779 1922 CCXLIX,
800 1880 833 1913 3.
859 1878 1038 1913 CCLXV.
1056 1897 1101 1903 —
1144 1879 1312 1912 nonnihil
1344 1879 1392 1912 ist
1423 1879 1584 1923 richtige

125 1927 279 1969 Lesart3
313 1924 408 1958 deun
434 1924 471 1958 in
497 1924 622 1960 Callus
647 1925 805 1959 Worten
837 1935 882 1958 an
907 1925 1062 1959 Cicero:
1094 1924 1179 1958 Scio
1213 1935 1291 1958 eum
1317 1925 1385 1958 tibi
1414 1937 1485 1959 non
1511 1935 1585 1960 esse

128 1973 230 2015 odio,
255 1972 316 2015 lag
340 1982 409 2004 nur
435 1970 517 2005 eine
540 1971 677 2005 leichte
702 1971 929 2015 Andeutung
954 1981 1025 2004 von
1044 1971 1214 2006 Zweifcl.
1231 1991 1275 1997 —
1304 1972 1450 2007 subdub.
1478 1976 1521 2006 te.
1547 1983 1582 2006 v.

128 2023 163 2053 ie
181 2019 284 2052 abest
302 2029 322 2051 a
335 2017 411 2052 Md.
436 2017 537 2053 Vict.
549 2020 578 2052 1.
590 2018 622 2051 2.
652 2018 786 2052 GraeV.
803 2017 943 2051 Bencd.
960 2017 1139 2051 Toleravi
1157 2017 1229 2051 litt.
1246 2017 1370 2051 inclin.
1388 2018 1584 2052 ORELLI.

127 2085 172 2091 --
205 2064 375 2098 dissimil.
407 2064 493 2108 Vgl.
520 2075 578 2109 ep.
599 2064 796 2105 CCXXII,
823 2066 841 2098 7
867 2075 923 2097 am
948 2063 1068 2098 Ende.
1088 2083 1131 2089 -—
1168 2064 1279 2097 emim.
1307 2068 1419 2108 cont„
1450 2074 1585 2107 wegen

128 2109 423 2154 Misshelligkeit
447 2121 603 2144 unserer
629 2110 842 2144 Gemiither.
862 2130 905 2135 —
943 2110 1067 2152 exist„
1100 2110 1231 2143 bonam
1256 2111 1396 2144 samam.
1417 2130 1461 2136 —-
1498 2110 1585 2145 Post

131 2184 139 2191 .
156 2184 185 2191 ..
210 2157 437 2200 Dolabellae,
463 2156 534 2191 seit
559 2168 670 2190 unser
687 2156 888 2190 Dolabella
912 2157 992 2190 sich
1017 2156 1054 2189 in
1081 2155 1150 2189 den
1177 2157 1466 2191 unbesonnenen
1485 2157 1586 2190 Han-

129 2203 191 2238 del
217 2203 448 2247 eingelassen
481 2203 561 2246 hat,
596 2203 644 2236 im
675 2203 815 2237 Namen
850 2202 917 2237 der
948 2202 1116 2238 Provinz
1149 2203 1306 2238 Cilicien
1343 2204 1413 2237 den
1439 2203 1585 2249 Appius

131 2250 374 2292 anzuklagen.
409 2249 449 2284 S.
476 2260 532 2294 ep.
553 2250 719 2284 CCLXI.

220 2297 254 2329 3.
287 2298 478 2336 „veternus
503 2296 706 2339 civitatis''‚
744 2295 806 2328 Du
832 2293 995 2339 sprichst
1019 2293 1056 2328 in
1081 2293 1336 2339 demselbigen
1361 2295 1488 2329 Briefe
1512 2305 1585 2328 von

133 2340 201 2374 der
216 2339 469 2385 Schlassucht,
493 2342 615 2376 worin
641 2342 702 2376 die
723 2340 829 2375 Stadt
852 2341 1031 2374 versallen
1056 2341 1123 2375 sei.
1162 2341 1287 2376 Calius
1312 2341 1460 2375 schrieb
1485 2341 1585 2374 diess

136 2387 172 2421 in
199 2397 256 2430 ep.
274 2386 457 2429 CCXLII,
480 2389 517 2422 4:
558 2389 631 2424 nisi
667 2399 735 2432 ego
769 2398 849 2420 cnm
874 2387 1039 2431 aquariis
1064 2394 1100 2421 et
1126 2388 1345 2422 tabernariis
1370 2398 1585 2432 pugnarem,

136 2438 310 2467 veternus
342 2433 526 2467 civitatem
560 2441 789 2480 occupasset.
809 2453 853 2459 —
899 2435 1108 2476 congelasse
1140 2435 1290 2468 bezieht
1320 2435 1399 2468 sich
1431 2434 1495 2467 auf
1515 2433 1586 2467 sol-

134 2479 256 2523 gcnde
281 2479 414 2512 Worte
439 2479 502 2514 des
522 2480 647 2516 Calius
671 2481 707 2514 in
734 2480 987 2523 demselbigen
1012 2480 1156 2514 Briefe:
1190 2480 1342 2515 Curioni
1368 2487 1493 2513 nostro
1519 2479 1586 2513 tri-

135 2525 294 2559 bunatus
320 2524 536 2567 conglaciat.
563 2547 608 2553 -
640 2532 799 2560 extrema
825 2527 977 2571 pagella
1010 2527 1045 2560 h.
1073 2537 1103 2561 e.
1128 2526 1254 2561 infima
1282 2527 1454 2571 pagellae
1485 2536 1583 2570 pars.

137 2571 228 2608 vid.
255 2571 404 2605 Ramsh.
432 2571 613 2613 §.152.-
658 2573 905 2617 chirographo
932 2577 1003 2606 tuo.
1037 2573 1174 2607 Ultima
1200 2573 1295 2606 enim
1321 2573 1434 2606 verba
1458 2578 1588 2616 suapte

137 2627 244 2651 manu
271 2616 472 2661 scripserat
487 2618 648 2659 Caelius,
675 2630 784 2662 quum
811 2620 848 2652 iu
873 2620 1019 2662 reliqua
1044 2620 1201 2664 epistola
1226 2618 1456 2652 amanuensis
1475 2629 1588 2663 opera

138 2673 225 2698 usus
252 2669 360 2697 esset.
387 2663 591 2699 MANUT.
626 2666 773 2700 Caelius
800 2677 858 2710 ep.
880 2666 1064 2707 CCXLII,
1085 2666 1116 2699 5.
1145 2664 1363 2710 scripserat:
1394 2664 1510 2698 Curio

137 2709 336 2752 transfugit
362 2709 407 2742 ad
432 2712 611 2754 populum
630 2717 665 2745 et
686 2723 756 2756 pro
773 2711 929 2746 Caesare
954 2712 1057 2754 loqui
1077 2710 1209 2755 coepit.
1224 2730 1267 2736 —
1288 2715 1445 2755 putaret,
1458 2711 1589 2746 Mart.-

136 2755 227 2800 Lag.
254 2754 350 2791 coni.
374 2757 542 2800 putarit?
571 2758 664 2792 Wcr
690 2759 790 2793 hatte
806 2758 883 2793 Das
910 2758 1080 2802 gedacht,
1106 2768 1234 2792 ausser
1255 2758 1400 2793 miri-
1424 2757 1588 2794 desidero
