1795 3043
177 77 281 126 332
437 72 505 120 Μ.
541 73 598 118 Τ.
633 71 976 119 CICERONIS
1010 70 1383 120 EPISTOLAE.

127 183 159 223 2
176 185 452 226 contulissem
480 183 859 237 confecissemque‚
897 197 980 225 non
1011 185 1156 226 fuisse.
1216 183 1335 233 Quod
1363 184 1493 237 igitur
1519 184 1644 225 fecis-

178 255 269 283 sem
300 243 352 283 ad
381 242 552 288 urbem,
594 241 631 281 si
669 242 926 282 consuetudo
956 242 1134 293 pristina
1163 242 1372 293 maneret,
1416 240 1483 288 id,
1515 253 1645 292 quon-

178 298 265 340 iam
303 301 396 351 lege
438 298 551 339 Iulia
600 298 842 350 relinquere
881 300 1068 339 rationes
1116 300 1160 339 in
1204 297 1426 351 provincia
1473 309 1646 338 necesse

178 360 273 398 erat
302 354 554 406 easdemque
582 355 758 395 totidem
786 355 926 396 verbis
952 356 1116 396 referre
1146 355 1197 396 ad
1227 355 1461 406 aerarium,
1489 355 1572 395 feci
1600 353 1647 393 in

178 412 415 468 provincia.
473 411 622 463 Neque
647 412 708 452 ita
737 413 842 461 feci,
873 414 920 452 ut
949 415 989 453 te
1019 413 1071 453 ad
1100 425 1240 453 meum
1267 411 1491 452 arbitrium
1519 409 1647 452 addu-

179 483 344 519 cerem3
383 468 456 510 sed
484 469 618 509 tribui
645 469 726 509 tibi
760 470 945 517 tantum,
989 471 1193 521 quantum
1220 481 1287 509 me
1314 468 1513 509 tribuisse
1541 480 1648 508 nun-

178 539 306 581 quam
334 539 401 567 me
431 525 688 580 poenitebit:
716 527 853 567 totum
881 527 993 567 enim
1023 527 1205 568 scribam
1234 538 1386 573 meum,
1415 536 1540 577 quem
1567 523 1648 564 tibi

178 584 306 626 video
334 596 448 625 nunc
479 595 570 624 esse
599 584 851 635 suspectum,
881 583 962 624 tibi
990 583 1167 636 tradidi,
1197 585 1242 623 tu
1274 583 1314 623 ei
1343 582 1401 623 M.
1426 580 1649 633 Mindium,

179 642 357 683 fratrem
384 643 525 690 tuum,
565 639 811 682 adiunxisti.
880 639 1079 681 Rationes
1122 641 1342 682 consectae
1380 651 1447 680 me
1476 637 1650 679 absente

181 701 281 740 sunt
317 701 478 750 tecum,
524 696 578 738 ad
617 708 723 748 quas
764 709 842 750 ego
870 697 978 737 nihil
1007 697 1180 738 adhibui
1209 700 1379 750 praeter
1406 696 1648 737 lectionem.

180 756 249 797 Ita
280 756 427 809 accepi
455 754 613 795 librum
640 766 666 793 a
694 765 786 794 meo
814 765 935 794 servo
964 752 1119 802 scriba,
1149 757 1196 794 ut
1212 754 1393 795 eundem
1408 752 1649 806 acceperim

183 827 211 854 a
235 814 370 854 fratre
398 814 488 853 tuo.
547 809 594 851 Si
630 810 765 851 honos
800 811 837 852 is
881 810 981 862 fuit,
1021 812 1222 852 maiorem
1259 811 1339 851 tibi
1375 810 1534 851 habere
1564 821 1650 850 non

180 870 324 923 potui:
355 870 390 910 si
417 868 543 920 fides,
571 867 774 909 maiorem
801 867 885 908 tibi
911 867 1061 916 habui,
1092 880 1217 920 quam
1244 879 1380 919 paene
1409 867 1493 921 ipsi
1520 867 1650 907 mihi:

183 928 220 968 si
250 925 553 979 providendum
581 924 687 977 fuit,
715 938 770 967 ne
800 924 900 977 quid
933 925 1077 978 aliter,
1108 937 1158 966 ac
1186 924 1267 965 tibi
1296 926 1338 965 et
1363 925 1585 964 honestum
1606 925 1652 964 et

182 985 292 1025 utile
322 985 451 1035 esset,
479 983 733 1023 referretur:
763 995 848 1023 non
878 982 1024 1030 habui,
1054 982 1124 1023 cui
1153 981 1295 1034 potius
1324 980 1368 1021 id
1395 980 1552 1034 negotii
1582 980 1654 1020 da-

183 1053 299 1089 rem,
341 1052 466 1092 quam
500 1050 575 1084 **†
613 1039 768 1080 darem.
832 1039 945 1079 Illud
987 1039 1156 1090 quidem
1204 1040 1322 1080 certe
1372 1039 1532 1078 factum
1571 1039 1652 1084 est,

184 1098 298 1150 quod
328 1099 397 1139 lex
424 1096 622 1149 iubebat,
663 1098 711 1136 ut
740 1095 852 1148 apud
894 1096 997 1136 duas
1026 1096 1242 1147 civitates,
1277 1094 1580 1136 Laudicensem
1608 1094 1653 1134 et

183 1157 514 1208 Apameenscm‚
551 1165 659 1207 quae
687 1153 808 1194 nobis
839 1153 1018 1194 maxime
1047 1152 1320 1200 videbantur,
1361 1152 1562 1203 quoniam
1592 1151 1652 1191 ita

184 1255 310 1298 fuisse.
358 1254 400 1288 Si
424 1265 503 1288 mos
528 1253 703 1296 antiquus
729 1260 912 1291 maneret,
950 1259 989 1286 ut
1014 1254 1180 1287 rationes
1206 1259 1346 1287 tantum
1369 1253 1508 1286 Romae
1535 1253 1654 1286 refer-

186 1308 318 1336 rentur
343 1301 538 1344 (abgelegt
561 1299 749 1342 wurden),
774 1310 863 1334 sane
886 1309 956 1342 pro
987 1299 1250 1333 coniunctione.
1275 1305 1423 1333 nostrae
1447 1299 1655 1332 necessitu-

184 1347 309 1390 dinis,
345 1358 440 1391 quae
465 1347 563 1381 inter
588 1352 824 1389 quaestorem
849 1352 887 1379 et
910 1345 1172 1389 proconsulem
1197 1345 1418 1387 intercedit,
1450 1355 1575 1378 coram
1599 1350 1654 1378 te-

184 1404 269 1428 cum
293 1393 460 1427 rationes
485 1392 723 1427 contulissem
749 1398 786 1426 et
810 1390 1067 1425 confecissem.

278 1441 312 1474 2.
344 1440 393 1473 ad
416 1441 512 1483 urb„
534 1450 603 1472 vor
628 1438 696 1472 der
721 1437 840 1481 Stadt,
867 1448 929 1471 wo
955 1448 996 1471 er
1015 1438 1087 1472 den
1103 1436 1485 1481 Triumphbeschluss
1510 1436 1656 1470 abwar-

185 1491 251 1521 ten
275 1491 426 1520 musste.
450 1505 496 1511 —
543 1485 726 1529 quoniam.
768 1485 807 1520 S.
833 1483 991 1527 vorigen
1010 1483 1120 1517 Brief
1140 1482 1188 1516 im
1207 1483 1292 1517 Ans.
1319 1501 1364 1507 -
1410 1483 1556 1516 totidem
1575 1493 1656 1515 ver-

185 1533 263 1576 bis,
288 1543 360 1566 von
380 1533 491 1566 Wort
515 1541 561 1565 zu
586 1532 698 1565 Wort
723 1530 1017 1574 gleichlautend.
1050 1531 1190 1572 referre
1210 1530 1257 1562 ad
1271 1539 1392 1562 aerar.
1420 1541 1465 1561 =
1489 1529 1526 1562 in
1551 1539 1656 1562 aera-

186 1579 247 1614 rio
273 1579 476 1623 deponere.
527 1578 655 1612 Ueber
688 1577 749 1610 die
775 1578 839 1610 lex
864 1575 961 1609 Iulia
984 1586 1014 1610 S.
1041 1587 1100 1620 ep.
1117 1575 1311 1610 CCLXXI
1338 1587 1371 1609 u.
1400 1575 1584 1609 CCLXX.
1611 1594 1656 1599 —

185 1626 237 1659 ad
259 1636 377 1658 meum
400 1625 480 1659 arb.
507 1624 590 1658 add.
606 1649 616 1666 ‚
643 1623 808 1657 rationes
835 1621 924 1656 istas
949 1633 1023 1655 non
1050 1621 1100 1655 ita
1125 1621 1290 1663 confeci,
1317 1628 1355 1654 ut
1381 1622 1463 1654 solo
1489 1632 1573 1655 meo
1598 1631 1658 1654 ar-

186 1671 304 1706 bitrio
330 1682 500 1714 agerem,
525 1670 594 1704 tibi
619 1669 713 1703 nihil
738 1670 775 1703 in
801 1680 844 1703 ea
870 1679 912 1702 re
937 1668 1096 1701 liberum
1122 1673 1233 1701 esset.
1260 1686 1303 1692 —-
1352 1667 1479 1706 tribui,
1506 1667 1566 1700 ich
1592 1678 1658 1710 ge-

187 1718 295 1753 stand
321 1717 394 1751 Dir
418 1727 479 1752 zu.
504 1735 547 1741 —
594 1727 649 1750 me
669 1716 878 1759 poenitebit.
927 1713 992 1749 Sic
1016 1714 1095 1749 Md.
1122 1714 1222 1749 Vict.
1248 1715 1280 1747 1.
1307 1714 1339 1746 2.
1375 1714 1510 1747 Graev.
1535 1713 1657 1747 delev.

187 1775 245 1798 me
281 1763 400 1809 Neap.
442 1765 531 1797 Asc.
555 1765 586 1798 1.
632 1763 730 1797 Crat.
768 1762 897 1795 Lamb.
937 1760 1027 1794 Ern.
1068 1760 1211 1794 Bened.
1256 1760 1368 1793 Mart.
1394 1779 1412 1785 -
1444 1760 1535 1802 Lag.
1567 1758 1654 1794 Sch.

188 1811 286 1844 Liin.
310 1829 356 1835 —
403 1809 558 1853 tradidi,
585 1808 645 1842 ich
671 1809 765 1842 habe
791 1808 1019 1841 iiberlassen.
1044 1825 1088 1831 -
1133 1809 1250 1850 praet.
1277 1806 1379 1845 lect„
1406 1805 1460 1839 als
1486 1806 1571 1839 dass
1595 1805 1657 1838 ich

189 1857 246 1892 sie
272 1856 459 1890 durchlas.
487 1874 532 1880 —
578 1856 733 1897 librum,
769 1854 854 1888 eine
887 1852 1081 1888 Abschrist
1105 1853 1173 1886 der
1196 1852 1417 1895 Rechnung.
1443 1869 1487 1877 —
1532 1863 1556 1884 a
1578 1862 1658 1884 meo

187 1914 307 1938 servo.
356 1901 407 1937 So
434 1902 535 1935 hatte
566 1901 686 1935 Rufus
719 1901 790 1934 den
826 1898 1177 1935 Geheimschreiber
1209 1897 1274 1931 des
1306 1897 1441 1932 Cicero
1475 1897 1658 1930 hohnisch

189 1950 228 1985 in
254 1948 392 1983 seinem
416 1947 546 1982 Briese
570 1954 744 1991 gemunt,
771 1957 848 1981 was
874 1946 946 1980 ihm
972 1945 1097 1979 dieser
1122 1945 1187 1978 mit
1209 1943 1510 1987 Wiederholung
1533 1943 1660 1977 seiner

189 1997 327 2030 Worte
351 1995 406 2028 als
431 1994 516 2028 eine
542 1992 890 2028 Unschicklichkeit
922 1991 1114 2026 vorrfickt.
1169 1991 1280 2024 Denn
1317 1990 1408 2023 ietzt
1430 2000 1508 2024 war
1533 1990 1658 2024 dieser

189 2043 338 2078 Laurea
375 2041 435 2075 ein
468 2041 645 2083 libertus,
683 2039 781 2073 hiess
814 2039 990 2073 desshalb
1022 2038 1116 2071 nach
1151 2037 1283 2072 Cicero
1313 2035 1456 2069 Tullius
1481 2035 1554 2069 und
1578 2046 1658 2070 war

190 2089 325 2124 dessen
352 2087 488 2122 scriba.
531 2091 592 2121 ut.
609 2112 615 2119 .
631 2112 639 2120 .
655 2096 775 2130 accep.
802 2096 824 2119 α
850 2087 966 2127 fratre
991 2089 1075 2127 tuo,
1100 2094 1178 2117 was
1203 2083 1295 2116 eben
1321 2092 1363 2115 so
1388 2087 1454 2124 gut
1479 2092 1577 2124 war,
1602 2083 1658 2115 als

191 2136 293 2170 hatte
318 2134 379 2168 ich
400 2133 454 2167 sie
479 2144 550 2166 von
567 2132 726 2167 Deinem
752 2132 899 2166 Bruder
924 2132 1187 2175 empsangenz’'
1212 2129 1307 2162 ohne
1332 2127 1465 2162 dessen
1487 2127 1658 2163 Vorwis-

191 2192 259 2216 sen
292 2181 367 2214 und
403 2179 690 2222 Genehmigung
730 2178 864 2212 Cicero
906 2178 942 2211 in
978 2177 1118 2210 diesem
1156 2174 1354 2209 Geschafte
1397 2173 1658 2207 Nichts.thun

190 2228 343 2263 konnte.
371 2245 413 2250 —
459 2225 503 2260 Si
527 2225 638 2259 honos
662 2226 696 2258 is
719 2225 810 2268 fuit,
845 2235 952 2258 wenn
980 2223 1080 2256 diess
1103 2221 1199 2255 mein
1225 2220 1436 2253 Benehmen
1462 2220 1658 2254 ehrenvoll

191 2285 283 2308 war.
341 2272 382 2307 S.
411 2272 560 2306 Ramsh.
595 2272 621 2314 §.
641 2272 726 2314 159,
751 2272 783 2305 2.
819 2271 902 2305 Not.
941 2270 1081 2304 Grotef.
1112 2269 1141 2310 §.
1157 2267 1234 2301 211.
1262 2285 1304 2290 —
1352 2265 1386 2298 si
1409 2266 1513 2308 fides,
1546 2277 1657 2300 wenn

193 2331 234 2354 es
265 2318 326 2353 ein
357 2317 505 2353 Beweis
539 2328 611 2351 von
642 2318 828 2351 Zutrauen
869 2328 958 2351 war.
993 2334 1037 2340 —
1090 2324 1134 2347 ne
1157 2313 1544 2358 quid...referretur,
1571 2312 1657 2346 dass

191 2366 327 2402 Nichts
351 2363 485 2398 anders
509 2363 547 2398 in
571 2363 633 2398 die
658 2363 865 2407 Rechnung
899 2363 1028 2405 kdme,
1064 2360 1119 2393 als
1143 2360 1216 2393 wie
1243 2368 1283 2392 es
1307 2358 1431 2392 Deine
1454 2358 1557 2393 Ebre
1582 2358 1658 2392 und

193 2412 295 2448 Dein
318 2410 497 2446 Vortheil
521 2409 744 2444 erheischte.
778 2410 867 2444 utile
891 2407 1042 2443 bezieht
1063 2406 1143 2440 sich
1169 2406 1234 2439 aus
1253 2404 1315 2438 die
1341 2404 1660 2449 vollstfindigkeit

193 2460 263 2494 der
286 2457 510 2500 Rechnung,
535 2467 577 2490 so
602 2455 686 2490 dass
712 2467 753 2489 er
773 2455 906 2490 Nichts
929 2465 973 2488 zu
1000 2458 1170 2487 ersetzen
1200 2451 1399 2493 brauchte,
1425 2450 1556 2484 Nichts
1580 2450 1659 2483 ein-

191 2506 333 2540 biisste.
363 2522 404 2528 —
451 2513 557 2547 quam
581 2515 655 2546 ιη-
681 2502 816 2535 darem.
873 2499 1055 2536 Graevius
1080 2497 1224 2532 addidit
1238 2509 1345 2541 quam
1370 2498 1429 2531 cui
1453 2497 1549 2531 dedi.
1582 2495 1658 2531 Sed

193 2558 352 2595 utraque
377 2548 625 2594 appendicula
648 2547 756 2582 facile
783 2557 959 2581 caremus.
1007 2545 1114 2580 SCH.
1151 2544 1215 2580 Sic
1239 2543 1316 2577 Md.
1344 2543 1442 2579 Vict.
1462 2545 1492 2576 l.
1510 2543 1544 2576 2.
1582 2542 1657 2575 Be-

192 2597 280 2632 ned.
314 2596 386 2630 del.
418 2606 525 2638 quam
556 2595 681 2628 darem
714 2594 807 2628 Ern.
840 2594 931 2629 Seh.
962 2592 1057 2626 Lim.
1089 2602 1196 2634 quam
1230 2589 1353 2623 Tullio
1385 2589 1528 2622 scribae
1553 2588 1654 2623 Crat.

192 2654 303 2689 quam
333 2642 389 2676 M.
427 2641 550 2675 Tullio
582 2641 748 2674 Laureae
778 2640 907 2674 Lamb.
930 2639 1028 2672 1566.
1061 2638 1179 2673 Varie
1212 2647 1299 2670 sane
1329 2635 1477 2680 expleri
1513 2640 1654 2679 potest:

192 2701 229 2724 v.
262 2699 294 2722 c.
326 2698 433 2732 quam
463 2687 524 2722 cni
566 2687 792 2721 mandaram.
852 2684 1047 2720 ORELLI.
1079 2703 1119 2708 —
1175 2684 1233 2716 lea:
1263 2681 1369 2716 Iulia.
1404 2700 1447 2707 -
1501 2680 1658 2714 maxime

193 2733 296 2773 vict.
319 2734 352 2769 2.
391 2733 572 2769 maximae
602 2734 698 2769 Cett.
736 2732 810 2767 ΟΒ.
840 2751 883 2758 —-
938 2729 1121 2776 quoniam.
1158 2728 1196 2764 S.
1231 2729 1259 2773 ἕ.
1280 2728 1313 2763 2.
1340 2746 1383 2754 -
1437 2728 1491 2761 ita
1521 2736 1660 2761 necesse
