1795 3043
199 86 301 134 380
459 83 523 130 Μ.
558 84 613 128 Τ.
650 82 989 131 CICERONIS
1025 85 1393 150 EPISTOLAE.

202 207 319 236 oram
357 195 523 247 quidem
559 194 814 236 maritimam
852 196 935 236 iam
974 197 1281 248 relinquemus3
1339 198 1561 252 Afranium
1593 211 1661 239 ex-

201 252 488 306 spectabimus
507 253 548 291 et
564 252 789 293 Petreium.
847 254 953 294 Nam
982 255 1025 293 in
1048 252 1233 294 Labieno
1264 268 1414 306 parum
1443 257 1506 294 est
1529 255 1660 308 digui-

200 310 312 350 tatis.
370 309 455 350 llic
492 310 538 348 tu
575 309 619 348 in
657 322 722 350 me
761 310 890 358 illud;
950 311 1045 360 des,
1088 312 1130 351 id
1166 312 1290 352 feras.
1350 312 1467 352 Nihil
1504 311 1555 352 de
1592 325 1660 352 me

202 366 319 414 dico3
351 366 425 406 alii
454 365 652 409 viderint.
709 367 793 408 Hic
823 367 991 420 quidem
1021 381 1129 419 quae
1151 369 1297 409 ests-4⁴?
1356 369 1478 408 Domi
1495 370 1661 409 vestrae

201 423 302 464 estis
333 424 374 463 et
404 423 523 463 eritis
544 436 688 464 omnes
704 424 817 464 boni.
876 425 977 472 Quis
1007 428 1096 464 tum
1126 438 1170 465 se
1200 425 1305 465 mihi
1335 438 1419 465 non
1450 426 1659 467 ostendit?

201 480 296 532 quis
326 492 439 520 nunc
470 480 588 521 adest
615 482 696 522 hoc
726 480 872 522 bello?
931 483 1001 523 Sic
1030 483 1142 522 enim
1162 482 1245 522 iam
1266 482 1563 534 appellandum
1583 484 1660 524 est.

150 540 178 579 4
201 537 379 578 Vibullii
418 550 486 578 res
525 539 666 591 gestae
703 540 802 579 sunt
839 539 976 579 adhuc
1015 540 1235 580 maximae.
1296 539 1345 579 Id
1389 552 1439 580 ex
1469 539 1661 591 Pompeii

198 594 337 635 literis
359 607 604 647 cognosces:
664 595 710 635 in
741 595 891 647 quibus
908 597 1229 637 animadvertito
1255 597 1375 636 illum
1397 598 1553 644 locum,
1584 595 1660 635 ubi

197 653 444 700 erit-dmm.
501 652 694 704 Videbis,
737 653 788 693 de
819 653 958 692 Gnaeo
998 656 1140 693 nostro
1181 655 1271 706 ipse
1301 653 1512 693 Vibullius
1555 652 1659 703 quid

197 709 420 750 existimet.
482 709 572 756 Quo
603 709 729 761 igitur
757 710 864 749 haec
895 712 1056 762 spectat
1087 711 1252 752 oratio?
1312 711 1401 763 Ego
1432 722 1509 762 pro
1539 710 1660 750 Pom-

195 766 295 818 peio
316 765 514 806 lubenter
531 766 662 805 emori
682 777 868 817 possum.
926 767 1057 807 Facio
1079 768 1213 819 pluris
1235 769 1420 808 omnium
1443 768 1660 807 hominum

195 824 423 864 neminem.
483 823 565 862 Sed
594 835 677 862 non
707 823 788 863 ita:
830 835 945 870 „uno
977 825 1020 863 in
1053 836 1102 862 eo
1132 824 1272 864 iudico
1303 837 1418 877 spem
1449 824 1500 864 de
1521 825 1659 865 salute

196 880 261 920 rei
277 879 516 932 publicae.'’
557 879 781 933 Significas
799 881 910 920 enim
930 881 1148 932 aliquanto
1170 894 1302 933 secus,
1333 894 1455 933 quam
1472 880 1657 921 solebas:

195 939 243 977 ut
274 937 401 977 etiam
432 936 576 985 Italia,
619 937 654 977 si
684 938 761 977 ille
792 937 936 984 cedat,
975 939 1096 990 putes
1126 938 1371 979 cedendum.
1433 938 1553 985 Quod
1581 949 1659 990 ego

193 1007 275 1035 nec
305 995 368 1034 rei
388 994 585 1047 publicae
613 996 715 1046 puto
747 1006 837 1034 esse
867 995 973 1034 utile
1001 1007 1082 1035 nec
1112 994 1261 1035 liberis
1281 996 1407 1035 meis:
1437 997 1659 1047 praeterea

194 1064 334 1103 neque
365 1053 527 1092 rectum
556 1064 693 1103 neque
723 1052 957 1091 honestum.
999 1051 1081 1092 Sed
1101 1050 1206 1093 cur?
1247 1051 1498 1103 „Poterisne
1528 1051 1659 1105 igitur

194 1109 339 1150 videre
369 1108 647 1162 tyrannum3'’
705 1108 833 1156 Quasi
863 1108 1056 1161 intersit,
1085 1109 1253 1149 audiam
1285 1123 1338 1150 an
1371 1109 1555 1157 videam,
1586 1110 1660 1149 aut

193 1233 298 1262 ante:
344 1229 396 1262 Es
426 1230 520 1261 enim
551 1231 662 1261 etiam
695 1236 765 1263 cet.
809 1229 917 1264 SCH.
955 1249 999 1255 ·-
1057 1232 1259 1272 Afranium
1364 1230 1565 1272 Petreium,
1598 1229 1659 1263 die

193 1274 330 1308 beiden
354 1274 487 1317 Legati
523 1274 589 1307 des
613 1275 837 1319 Pompeius,
882 1275 943 1308 die
975 1275 1079 1309 seine
1103 1276 1140 1309 in
1168 1275 1332 1318 Spauien
1357 1276 1561 1309 stehenden
1586 1277 1660 1310 Le*

192 1320 333 1365 gionen
364 1320 669 1354 commandirten.
715 1320 755 1354 S.
790 1333 848 1366 ep.
872 1321 1019 1365 CCCX,
1044 1323 1078 1356 4.
1124 1321 1337 1363 CCCXIII,
1364 1323 1395 1355 1.
1432 1341 1474 1347 —
1521 1324 1560 1354 in
1585 1323 1659 1356 La-

193 1367 297 1400 bieno
325 1391 332 1399 .
353 1393 360 1400 .
380 1392 387 1400 .
415 1367 615 1409 dignitatis
650 1366 829 1410 (Wiirde,
872 1367 1073 1412 Achtung).
1132 1368 1279 1401 Friiher
1314 1367 1494 1401 urtheilte
1525 1368 1658 1401 Cicero

191 1414 329 1447 anders
362 1413 456 1446 iiber
493 1413 568 1447 ibn.
621 1412 659 1448 S.
693 1424 750 1458 ep.
778 1413 941 1448 CCCIV.
985 1413 1128 1458 CCCV‚
1162 1414 1196 1448 5.
1241 1413 1436 1457 CCCVII,
1470 1415 1489 1447 l
1521 1414 1596 1447 und
1625 1415 1657 1448 7.

192 1460 339 1503 CCCX,
364 1460 398 1493 4.
431 1459 598 1503 CCCXI,
623 1460 657 1494 2.
693 1460 982 1494 LucauiPhars.
1010 1461 1058 1502 V,
1083 1461 1167 1497 346:
1201 1459 1310 1493 sortis
1336 1460 1373 1493 in
1399 1460 1508 1493 armis
1534 1470 1660 1494 caesa-

192 1506 269 1541 reis
292 1505 481 1540 Labienus
513 1511 610 1539 erat:
652 1517 750 1540 nunc
782 1506 974 1550 transfuga
1006 1507 1093 1541 vilis
1119 1518 1201 1541 cum
1225 1505 1318 1539 duce
1343 1507 1512 1550 praelato
1538 1513 1658 1540 terras

191 1558 305 1596 atque
329 1562 492 1595 aequora
517 1552 663 1586 lustrat.
689 1571 733 1578 -
781 1553 854 1586 Hic
885 1557 922 1585 tu
954 1555 991 1585 in
1017 1564 1073 1586 me
1098 1553 1209 1591 illud,
1238 1552 1321 1585 hier
1345 1552 1452 1586 wirst
1469 1553 1532 1586 Du
1559 1552 1657 1586 mich

191 1610 237 1632 an
263 1598 328 1633 das
354 1598 591 1643 Sprichwort
616 1597 812 1631 erinnern:
849 1599 929 1641 des,
955 1600 993 1632 id
1016 1601 1137 1642 feras,
1171 1598 1245 1632 wie
1262 1598 1310 1632 du
1336 1598 1514 1642 ausgibst,
1541 1604 1658 1633 musst

192 1646 244 1680 du
268 1644 413 1679 wieder
438 1644 670 1678 einnehmen.
721 1643 785 1677 Sic
812 1644 903 1677 Cod.
929 1644 1071 1679 decurt.
1109 1647 1199 1679 Bos.
1241 1644 1375 1678 Graev,
1417 1645 1508 1678 Ern.
1559 1644 1658 1679 Sane

192 1691 434 1738 proverbium
469 1697 535 1725 est,
580 1690 693 1724 Locis
718 1689 887 1724 Terentii
922 1697 958 1724 et
987 1691 1124 1725 Catulli
1156 1702 1176 1724 a
1206 1690 1322 1723 Bosio
1354 1690 1476 1724 allatis
1504 1691 1654 1733 (Catuli.

190 1739 277 1781 CX,
301 1738 351 1780 4.)
376 1736 472 1771 adde
496 1737 622 1771 Plaut.
651 1737 792 1780 captiv.
816 1738 851 1779 5,
876 1740 911 1780 2,
938 1738 1002 1770 ll.-
1030 1738 1121 1772 Dice
1145 1737 1232 1781 quid
1255 1738 1349 1779 fers,
1386 1741 1424 1769 ut
1450 1738 1549 1779 feras
1573 1736 1657 1772 hinc

190 1785 287 1830 quod
306 1786 411 1828 petis.
452 1782 648 1818 Sententia
677 1783 788 1826 haec,
830 1789 868 1817 ut
897 1784 976 1817 fere
1008 1782 1225 1828 explanavit
1249 1782 1403 1816 Bosius:
1443 1793 1562 1826 „cave
1594 1793 1654 1827 ne,

189 1830 292 1875 quod
318 1830 356 1864 in
371 1829 465 1870 alios
489 1830 656 1871 confers,
681 1828 719 1863 in
745 1835 782 1863 te
800 1828 921 1872 ipsum
946 1829 1106 1872 recidat,
1133 1840 1182 1863 ex
1197 1836 1323 1862 vetere
1341 1828 1408 1861 illo
1431 1829 1654 1873 proverbio:

189 1879 274 1920 des,
299 1877 434 1920 ferasss'
471 1875 669 1910 ORELLI.
699 1892 745 1900 -·
791 1874 901 1910 Nihil
926 1902 934 1909 .
952 1901 982 1909 ..
1009 1877 1181 1909 viderint.
1222 1875 1289 1908 Ich
1319 1874 1414 1909 habe
1439 1874 1570 1909 Nichts
1596 1875 1656 1909 fiir

189 1924 289 1958 mich
321 1932 369 1956 zu
402 1931 535 1965 sagen3
584 1921 650 1955 das
682 1923 815 1965 miigen
844 1921 999 1955 Andere
1031 1921 1264 1955 ausmachen.
1298 1939 1340 1944 —-
1403 1921 1476 1955 Hic
1512 1922 1656 1965 quidem

189 1980 282 2014 quae
305 1973 359 2003 est
388 1979 410 1998 ³⁶
427 1978 449 1996 ἱ»
479 1969 498 2003 3
531 1967 611 2002 scil.
637 1966 820 2011 dignitas,
851 1967 942 2001 aber
966 1966 1041 2002 wie
1065 1967 1113 2002 ist
1139 1977 1178 2001 es
1204 1967 1301 2000 denn
1321 1966 1358 2000 in
1376 1966 1515 2002 diesem
1534 1968 1656 2002 Punct

189 2017 259 2051 der
290 2015 437 2050 Wiirde
468 2013 535 2049 mit
565 2013 693 2057 Euch,
733 2012 805 2047 den
839 2013 877 2047 in
912 2014 1007 2047 Rom
1043 2013 1462 2057 zuriickgebliebenen?
1503 2013 1655 2049 WIEL.

189 2062 331 2098 Schiitz
363 2062 551 2106 dagegen:
596 2060 678 2094 scil.
708 2058 873 2104 dignitas
904 2060 1089 2094 Luceriae
1122 2060 1367 2093 versantibus.
1400 2077 1445 2083 —-
1503 2060 1592 2095 Quis
1616 2086 1624 2093 .
1643 2086 1651 2094 .

190 2109 374 2143 ostendit?
420 2107 504 2151 quis
538 2111 614 2139 tum
644 2116 718 2138 non
750 2107 923 2152 promisit
954 2117 995 2141 se
1027 2116 1171 2140 causam
1202 2105 1257 2139 rei
1287 2104 1460 2149 publicae
1485 2106 1655 2139 omnibus

190 2154 336 2190 viribus
362 2153 598 2188 adiuturum³
628 2152 737 2186 SCH.
769 2153 848 2196 quis
874 2153 974 2186 istim
995 2164 1033 2186 se
1058 2152 1149 2188 God.
1177 2151 1258 2186 dec.
1283 2151 1372 2184 Bos.
1405 2153 1484 2195 quis
1509 2151 1593 2184 istic
1616 2162 1654 2185 se

191 2202 260 2237 Cd.
287 2201 325 2235 in
350 2211 445 2234 man.
472 2200 572 2234 1584.
597 2201 678 2244 quis
701 2200 800 2233 istim
824 2209 862 2232 se
884 2199 977 2233 mihi
1000 2198 1280 2242 nunc-ostendit.
1308 2196 1489 2232 Tunstall.
1517 2197 1590 2231 ΟΒ.
1608 2216 1654 2223 -

191 2249 315 2287 adest,
347 2247 425 2280 halt
450 2245 580 2280 Stand.

281 2294 315 2327 4.
359 2292 529 2326 Vibullii.
565 2290 603 2325 S.
629 2301 673 2325 zu
700 2303 760 2336 ep.
781 2290 1031 2334 CCCXX1V‚
1061 2292 1092 2324 1.
1119 2288 1397 2330 CCCXXXff,
1422 2289 1467 2322 A.
1494 2288 1568 2322 und
1590 2300 1650 2334 ep.

191 2339 384 2382 CCCXX,
411 2339 441 2372 1.
474 2356 519 2362 --
573 2347 616 2370 ex
640 2338 808 2382 Pompeii
829 2338 961 2371 literis.
994 2337 1119 2371 Lamb.
1146 2346 1189 2368 ex
1214 2338 1291 2368 eius
1317 2336 1364 2368 ad
1388 2333 1599 2379 Pompeium
1624 2336 1650 2369 l.

190 2385 368 2428 Richtige
392 2383 618 2425 Erklarung.
659 2383 785 2417 Ueber
810 2384 881 2417 den
907 2383 1027 2418 Genit.
1056 2381 1195 2415 obiecti
1225 2392 1254 2415 s.
1281 2381 1429 2414 Ramsh.
1454 2382 1482 2424 §.
1503 2383 1580 2416 103.
1607 2400 1652 2407 —

190 2432 255 2466 ubi
278 2434 350 2466 erit
373 2431 535 2472 διπλῆ,
571 2428 705 2472 dupla,
748 2440 808 2463 wo
842 2429 901 2464 ich
932 2429 991 2462 ein
1019 2426 1282 2463 Merkzeichen
1309 2427 1517 2470 beigesetzt
1541 2427 1650 2462 habe.

190 2478 279 2513 Fuit
303 2486 421 2522 genus
445 2482 575 2517 notae,
602 2486 709 2517 quam
734 2481 881 2509 veteres
901 2473 1128 2518 grammatici
1153 2473 1190 2507 in
1206 2473 1370 2517 margine
1386 2472 1651 2515 adscriberent,

191 2524 335 2568 duplici
360 2523 502 2566 figura,
534 2526 596 2555 aut
621 2521 688 2554 hac
713 2529 749 2562 >
781 2521 819 2555 in
845 2528 1014 2555 extremo
1040 2530 1169 2563 versu,
1211 2526 1272 2553 aut
1304 2521 1370 2553 hac
1403 2520 1438 2558 <
1464 2526 1547 2553 ante
1571 2519 1650 2564 pri-

188 2581 283 2604 mam
317 2569 518 2603 dictionem
550 2567 754 2609 collocata;
797 2567 927 2610 διπλῆ,
969 2565 1056 2609 quia
1093 2564 1247 2610 duplici·
1276 2566 1374 2599 linea
1413 2566 1648 2599 formaretur.

189 2615 397 2651 MANUT.
424 2634 467 2639 —
515 2615 634 2647 oratio
661 2619 806 2655 nostra,
836 2623 927 2646 mea.
952 2630 997 2638 --
1044 2612 1115 2646 Sed
1140 2623 1209 2645 non
1235 2615 1312 2655 ita,
1345 2613 1435 2645 aber
1460 2612 1527 2645 der
1551 2611 1649 2645 Mei-

189 2672 292 2706 nung
316 2662 379 2695 bin
404 2660 465 2695 ich
489 2659 608 2702 nicht,
640 2659 713 2693 wie
733 2659 795 2692 Du
822 2658 933 2701 ietzt,
965 2670 1073 2692 wcnn
1096 2658 1157 2692 Du
1183 2659 1252 2692 mir
1276 2658 1482 2691 schreibst:
1515 2668 1585 2689 uno
1611 2660 1649 2689 in

190 2719 231 2741 eo
257 2714 328 2742 cet,
369 2706 482 2742 Diess
514 2706 596 2740 sind
628 2705 689 2738 die
715 2706 848 2738 Vvorte
881 2705 946 2738 des
971 2704 1134 2739 Attikns.
1162 2723 1203 2729 —-
1260 2715 1357 2748 spem
1381 2703 1464 2737 scil.
1491 2702 1648 2747 positam

191 2764 289 2789 esse.
316 2772 358 2779 —
405 2753 476 2789 Sed
499 2753 583 2786 cur?
633 2751 777 2795 Attice,
813 2750 972 2796 inquies.
1001 2770 1042 2776 —
1091 2751 1234 2791 videre,
1268 2761 1335 2784 vor
1362 2752 1496 2794 Augen
1519 2749 1645 2785 seheri.
