1795 3043
256 92 357 140 214
513 88 579 135 Μ.
618 87 674 133 Τ.
711 85 1053 133 CICERONIS
1087 83 1458 132 EPISTOLAE.

260 201 347 249 est,
378 221 435 231 —-·
461 201 628 240 nullum
656 212 783 252 quum
813 199 923 252 dico,
952 211 1036 240 non
1066 199 1218 250 loquor
1244 195 1516 249 ὑπερβολικῶς
1542 219 1600 228 --
1628 199 1722 239 nul..
1782 0 1790 201 i

261 260 350 308 lus,
379 258 574 309 inquam,
614 269 667 297 ne
696 257 915 297 teruncius
945 256 1126 308 quidem.
1185 255 1278 295 Hac
1310 256 1450 295 autem
1479 267 1546 308 re,
1584 256 1722 296 incre·
1782 203 1787 353 Ι

210 317 238 357 5
262 315 393 354 dibile
432 316 520 366 est,
561 316 761 366 quantum
798 314 990 355 civitates
1028 313 1288 354 emerserint.
1346 310 1535 352 Accessit
1574 313 1721 355 altera.

263 372 374 412 Mira
404 373 525 412 erant
553 372 597 412 in
637 371 881 413 civitatibus
917 371 1101 424 ipsorum
1140 370 1254 410 furta
1284 369 1566 421 Graecorum,
1613 383 1723 422 quae
1781 359 1786 396 ’ἶ

264 429 532 480 magistratus
573 429 636 469 sui
672 430 873 469 fecerant.
942 427 1141 476 Quaesivi
1171 427 1260 478 ipse
1290 426 1342 466 de
1370 426 1443 473 iis,
1486 427 1559 477 qui
1603 428 1724 468 annis
1779 476 1781 478 μ

263 486 409 525 decem
440 487 641 539 proximis
670 487 959 539 magistratum
987 485 1211 538 gesserant.
1269 484 1427 536 Aperte
1463 482 1720 526 fatebantur.

263 544 411 593 ltaque
453 544 542 583 sine
580 545 669 584 ulla
697 544 929 595 ignominia
966 543 1051 582 suis
1086 541 1275 582 humeris
1310 539 1512 592 pecunias
1554 543 1723 593 populis

263 601 516 642 retulerunt.
574 600 728 652 Populi
767 602 906 641 autem
935 600 1054 640 nullo
1083 599 1241 651 gemitu
1270 597 1532 650 publicanis,
1572 597 1725 649 quibus
1783 598 1787 624 ²

266 657 348 697 hoc
378 657 468 709 ipso
498 658 632 698 lustro
660 657 773 698 nihil
801 658 1034 704 solverant,
1066 657 1191 696 etiam
1222 654 1453 707 superioris
1481 655 1606 695 lustri
1632 656 1725 697 red-
1783 627 1787 694 i

267 713 477 754 diderunt.
534 715 682 764 Itaque
711 713 949 765 publicanis
978 713 1023 752 in
1063 714 1200 752 oculis
1238 725 1392 753 sumus.
1459 712 1622 760 Gratis,
1662 713 1726 753 in·
1781 695 1787 813 1

267 771 383 822 quis,
414 771 530 811 viris.
591 771 817 811 Sensimus.
877 771 965 810 Iam
985 770 1125 810 cetera
1147 769 1385 810 iurisdictio
1414 781 1494 809 nec
1523 768 1726 821 impedita

267 829 310 867 et
341 829 524 868 clemens
554 839 650 867 cum
679 827 921 868 admirabili
949 827 1165 867 facilitate.
1224 826 1371 867 Aditus
1411 827 1549 866 autem
1578 826 1630 866 ad
1660 839 1727 868 me
1782 819 1787 930 t

267 884 440 925 minime
469 885 766 937 provinciales.
823 884 943 925 Nihil
972 896 1050 935 per
1079 883 1398 923 cubicularium.
1455 883 1566 923 Ante
1586 884 1727 924 lucem
1780 887 1781 890 ’

267 941 581 982 inambulabam
625 942 758 990 domi,
810 943 857 981 ut
897 941 996 981 olim
1042 940 1300 980 candidatus.
1375 940 1506 979 Grata
1541 941 1647 980 haec
1686 942 1728 980 et
1782 941 1787 987 Ι

268 1011 419 1051 magna
457 1000 645 1050 mihique
687 998 872 1038 nondum
916 996 1130 1038 laboriosa
1170 1009 1220 1036 ex
1259 997 1336 1037 illa
1380 997 1524 1037 vetere
1559 997 1727 1038 militia.
1781 1005 1787 1047 l

218 1064 247 1104 6
270 1055 400 1106 Nonis
430 1054 530 1097 Mai.
562 1057 605 1095 in
637 1055 831 1096 Ciliciam
869 1055 1126 1106 cogitabam:
1167 1052 1228 1093 ibi
1265 1065 1391 1105 quum
1421 1053 1590 1093 Iunium
1617 1066 1730 1095 men·
1781 1064 1788 1098 i

269 1124 358 1152 sem
380 1113 714 1164 consumsissem‚
733 1114 860 1163 atque
887 1111 1048 1151 utinam
1076 1112 1120 1150 in
1152 1111 1278 1162 pace!
1308 1132 1366 1140 -
1395 1122 1591 1162 magnum
1620 1111 1732 1151 enim
1781 1111 1787 1154 ἰ

267 1168 426 1209 bellum
454 1169 665 1221 impendet
694 1183 717 1209 a
749 1169 919 1210 Parthis
946 1188 1004 1199 --
1035 1167 1262 1215 Quintilem
1297 1167 1343 1206 in
1380 1167 1519 1207 reditu
1557 1180 1730 1219 ponere.
1782 1168 1786 1212 έ

269 1226 447 1266 Annuae
477 1227 588 1266 enim
617 1226 723 1266 mihi
753 1237 909 1278 operae
939 1238 978 1266 a.
993 1223 1033 1266 d.
1051 1223 1316 1265 111.Kalend.
1338 1224 1451 1264 Sext.
1481 1227 1732 1267 emerentur.
1782 1240 1788 1264 r

270 1360 442 1400 sumptus.
477 1355 515 1390 S.
545 1367 602 1401 ep.
620 1355 769 1401 CCLII,
786 1356 819 1391 2.
835 1374 880 1382 ——
915 1354 1128 1389 emerserint
1152 1364 1201 1388 ex
1226 1365 1314 1389 aere
1338 1354 1482 1400 alieno,
1510 1362 1627 1402 trop.
1652 1358 1733 1393 sich
1783 1360 1787 1390 l

272 1403 415 1438 wieder
439 1403 564 1437 erholt
589 1403 722 1436 haben.

363 1451 397 1484 5.
425 1449 590 1484 Accessit
613 1449 732 1483 altera
756 1446 839 1481 scil.
865 1457 940 1489 res,
965 1451 1053 1480 statt
1067 1446 1200 1481 dessen
1219 1457 1302 1480 man
1327 1447 1482 1481 alterum
1502 1446 1581 1482 scil.
1603 1459 1734 1495 genus,
1783 1464 1787 1483 1

273 1505 350 1530 was
365 1496 558 1532 Victor.l.
586 1496 679 1538 gibt,
705 1495 804 1528 h‘atte
830 1499 1015 1527 erwarten
1040 1493 1172 1526 sollen.
1190 1513 1233 1518 —
1258 1494 1336 1526 sine
1353 1494 1430 1527 ulla
1451 1494 1613 1538 ignom„
1639 1497 1737 1531 ohne
1782 1515 1784 1525 .

273 1541 337 1575 die
373 1541 545 1576 Schande
586 1541 691 1575 einer
729 1539 1000 1583 gerichtlichen
1039 1539 1350 1583 Verurtheilung.
1377 1559 1422 1565 —-
1469 1541 1616 1585 popul„
1662 1543 1736 1577 den
1781 1555 1786 1577 ι

275 1587 518 1622 Gemeinden.
544 1606 589 1613 ——
641 1587 741 1620 nullo
770 1586 930 1628 gemitu,
967 1586 1065 1619 ohne
1096 1584 1269 1619 Seuszen.
1295 1605 1339 1611 -
1386 1585 1453 1620 Izoc
1487 1587 1566 1630 ipso
1605 1588 1734 1629 lustro,
1771 1599 1785 1633 ,js

274 1634 313 1668 in
340 1634 412 1667 den
437 1633 808 1668 letztverstrichenen
834 1632 917 1665 iiins
938 1631 1084 1665 Iahren.
1101 1650 1146 1656 —
1189 1632 1298 1665 lustri
1321 1633 1422 1666 redd.
1449 1633 1530 1667 scil.
1557 1635 1737 1678 pecunias
1776 1635 1786 1675 φὶ

276 1680 440 1723 debitas,
479 1687 611 1723 trugen
644 1679 738 1714 auch
769 1677 831 1712 die
854 1678 969 1711 Reste
1001 1677 1068 1711 der
1098 1678 1237 1711 letzten
1270 1678 1352 1712 siint‘
1378 1679 1486 1712 Iahre
1520 1680 1578 1714 ab.
1604 1700 1649 1707 --
1695 1682 1737 1715 in
1775 1688 1785 1722 ῃ

277 1727 368 1760 ocul.
403 1737 517 1766 sum,
562 1726 633 1759 wir
666 1725 750 1760 sind
782 1724 842 1758 ein
867 1723 1053 1767 Liebling.
1078 1742 1122 1749 —
1168 1725 1250 1757 Iam
1273 1735 1319 1757 =
1343 1734 1414 1757 nun
1449 1725 1559 1768 aber,
1597 1727 1733 1763 serner.
1776 1726 1787 1762 h

277 1791 321 1798 --
360 1777 478 1806 cetera
510 1773 661 1813 iurisd.‚
693 1771 754 1805 die
779 1769 936 1814 iibrigen
963 1769 1275 1814 Obliegenheiten
1300 1770 1365 1803 des
1396 1771 1736 1808 Oberrichteramts
1774 1773 1786 1807 1¹!

277 1820 401 1853 ersiill'
441 1819 502 1852 ich
542 1819 646 1852 einer
689 1817 790 1852 Seits
829 1816 931 1850 nicht
969 1817 1066 1850 ohne
1104 1816 1319 1860 praktische
1352 1816 1634 1863 Gewandtheit‚
1672 1831 1737 1854 an·
1781 1831 1786 1853 i

278 1866 390 1899 derer
424 1865 524 1900 Seits
558 1864 625 1898 mit
651 1862 912 1906 Geliudigkeit
950 1862 1023 1896 und
1059 1862 1256 1906 allgemein
1291 1862 1556 1898 bewunderter
1578 1865 1737 1900 Leutse-
1782 1877 1786 1890 2

278 1911 426 1955 ligkeit.
475 1922 537 1944 uec
564 1937 571 1945 .
595 1937 602 1945 .
630 1914 674 1945 et.
710 1921 736 1944 S.
763 1909 915 1943 Ramsh.
947 1909 976 1951 §.
996 1909 1072 1943 177.
1097 1910 1125 1950 ⁴)
1151 1928 1195 1934 —
1236 1910 1474 1953 provincial„
1519 1910 1621 1953 „wie
1652 1924 1735 1946 man

277 1958 333 1991 sie
358 1958 395 1991 in
422 1958 489 1991 der
514 1957 679 1991 Provinz
703 1956 881 2000 gewohut
906 1954 1003 1995 ist;’'
1042 1965 1114 1988 von
1139 1955 1315 1988 manchen
1345 1956 1489 1989 meiner
1512 1957 1738 2002 Vorgfinger
1774 1964 1786 1992 lg

277 2005 363 2045 her,
396 2004 473 2038 bes.
501 2004 571 2038 seit
596 2002 742 2047 Appius
767 2001 932 2036 Pulcher
958 2000 1175 2035 Statilialter
1207 2012 1298 2036 war.
1317 2020 1361 2026 -—
1401 2001 1512 2035 Nihil
1537 2014 1607 2046 per
1636 2005 1737 2038 cubi-

277 2050 374 2093 cuL,
409 2050 490 2085 scil.
518 2049 660 2094 agitur;
695 2047 878 2084 Niemand
903 2048 1058 2081 braucht
1084 2047 1163 2080 sich
1196 2054 1271 2081 erst
1301 2057 1345 2080 an
1376 2048 1521 2082 meinen
1546 2049 1738 2084 Kammer-
1770 2082 1771 2085 ,

278 2097 408 2130 diener
443 2108 488 2130 zu
518 2096 690 2130 wenden.
716 2115 760 2120 —-
800 2094 997 2137 inambul.‚
1035 2094 1116 2137 geh'
1149 2093 1209 2127 ich
1239 2093 1303 2126 auf
1335 2093 1407 2127 und
1440 2095 1485 2128 ab
1518 2096 1562 2137 (S.
1584 2096 1736 2131 Ramsh.

279 2144 310 2186 ξ).
332 2144 414 2183 164,
434 2143 494 2183 II,
513 2145 574 2184 3.).
592 2162 636 2167 -
673 2141 840 2183 camiid„
876 2140 979 2183 „wie
1004 2139 1204 2181 ehemahls,
1229 2150 1335 2173 wann
1360 2139 1421 2173 ich
1445 2140 1542 2174 mich
1569 2152 1627 2175 um
1654 2143 1737 2177 eine
1783 2142 1785 2146 ’

279 2190 517 2223 Εἰιι·ριι;ίεΙΙε
543 2188 727 2222 bewarb.'‘
774 2188 884 2220 Denn
911 2197 953 2220 so
978 2186 1117 2220 kounte
1142 2186 1204 2219 ihn
1230 2185 1335 2219 ieder
1356 2185 1557 2220 Romische
1573 2188 1736 2233 Biirger,
1780 2197 1783 2223 1

279 2235 347 2269 der
372 2235 496 2269 seiuer
521 2234 678 2269 Dienste
703 2233 897 2277 benothigt
921 2243 1011 2274 war,
1039 2231 1285 2275 ungehindert
1311 2232 1506 2276 sprecheu.
1553 2234 1627 2267 Ein
1652 2236 1739 2269 sehr
1782 2245 1784 2248 ’

279 2281 495 2316 wirksames
527 2281 650 2314 Mittel
684 2280 764 2314 sich
792 2278 1029 2324 Popularitat
1063 2289 1108 2312 zu
1139 2278 1386 2311 verschaffen!
1411 2298 1455 2303 -
1505 2278 1621 2314 Grata
1651 2281 1737 2315 Izaec
1781 2298 1783 2311 ι

279 2334 365 2363 sunt
390 2332 422 2360 et
446 2337 583 2368 magna
609 2333 700 2369 cet.‚
734 2325 834 2359 diess
860 2325 981 2358 macht
1006 2324 1100 2357 mich
1135 2324 1275 2357 beliebt
1307 2324 1380 2357 und
1413 2323 1508 2358 wird
1538 2326 1609 2360 mir
1640 2328 1737 2361 hoch

279 2374 531 2417 angerec'nnet
558 2373 629 2405 und
657 2372 704 2405 ist
728 2372 799 2405 mii·
825 2372 919 2405 doch
946 2370 1047 2403 nicht
1070 2371 1245 2413 miffisam,
1273 2370 1318 2404 da
1342 2371 1400 2404 ich
1427 2371 1522 2406 mich
1547 2372 1618 2406 seit
1639 2374 1738 2407 alten

280 2421 409 2455 Zeiten
436 2421 503 2453 her
527 2430 571 2452 an
597 2418 727 2452 diesen
750 2417 888 2451 Dienst
921 2417 1097 2459 gewohnt
1128 2417 1232 2450 habe.
1283 2428 1326 2450 ex
1359 2417 1427 2450 illa
1462 2421 1529 2451 vet.
1557 2419 1655 2462 mil„
1690 2431 1738 2454 ex

282 2467 350 2501 illo
383 2472 573 2510 tempore,
604 2476 714 2507 quum
747 2475 804 2498 me
838 2462 1052 2497 ambitionis
1083 2461 1278 2507 occupatio
1313 2470 1350 2497 et
1379 2463 1583 2498 forensium
1614 2476 1737 2500 rerum
1765 2494 1767 2498 ,

281 2514 389 2548 labor
420 2512 633 2546 exercebat.
660 2510 765 2543 SCH.

373 2560 405 2594 6.
442 2558 539 2594 Non.
573 2557 670 2591 Mai.
703 2567 758 2589 am
791 2558 824 2590 7.
850 2554 927 2589 Mai
959 2554 1068 2588 denk’
1102 2555 1161 2588 ich
1196 2555 1288 2588 nach
1312 2555 1483 2589 Cilicien.
1505 2575 1548 2580 —
1586 2556 1625 2590 in
1660 2559 1736 2592 red.
1764 2562 1766 2565 ’

279 2616 388 2649 pom,
420 2605 482 2639 auf
506 2604 627 2638 meine
652 2601 861 2636 Riickreise
892 2610 939 2634 zu
970 2601 1207 2634 verwenden.
1253 2601 1292 2636 S.
1318 2613 1376 2645 ep.
1400 2601 1507 2641 CCL,
1523 2602 1555 2635 9.
1577 2622 1622 2628 —-
1659 2606 1738 2637 Λη-

285 2661 376 2684 nnae
405 2677 436 2685 ..
456 2677 463 2685 .
492 2653 714 2691 emerentur,
752 2648 878 2691 „denn
912 2646 977 2679 mit
1006 2646 1088 2680 dem
1112 2649 1168 2682 30.
1190 2647 1260 2681 Iul.
1286 2648 1375 2691 geht
1401 2647 1464 2681 das
1489 2647 1576 2680 Iahr
1599 2649 1737 2684 metues

283 2697 576 2731 Prolmdienstes
603 2706 647 2729 zu
666 2693 805 2729 Ende.”
837 2702 956 2726 annua
979 2693 1195 2736 provinciae
1220 2693 1488 2727 administratio
1512 2694 1734 2730 terminatur.

285 2743 349 2778 Sic
374 2744 562 2778 emeritum
589 2747 724 2788 tempus
750 2752 809 2786 ep.
823 2738 1016 2776 CCLXIX
1040 2750 1111 2785 pro
1136 2740 1346 2784 confectum,
1370 2746 1406 2774 et
1429 2744 1629 2775 emerentur
1652 2752 1738 2788 pro·
