<?xml version="1.0" encoding="UTF-8"?>
<!DOCTYPE html PUBLIC "-//W3C//DTD XHTML 1.0 Transitional//EN"
    "http://www.w3.org/TR/xhtml1/DTD/xhtml1-transitional.dtd">
<html xmlns="http://www.w3.org/1999/xhtml" xml:lang="en" lang="en">
 <head>
  <title>
</title>
<meta http-equiv="Content-Type" content="text/html;charset=utf-8" />
  <meta name='ocr-system' content='tesseract 3.04.00' />
  <meta name='ocr-capabilities' content='ocr_page ocr_carea ocr_par ocr_line ocrx_word'/>
</head>
<body>
  <div class='ocr_page' id='page_1' title='image "./epistolaeadattic02ciceuoft_0382.png"; bbox 0 0 1795 3043; ppageno 0'>
   <div class='ocr_carea' id='block_1_1' title="bbox 195 1358 223 1396">
    <p class='ocr_par' dir='ltr' id='par_1_1' title="bbox 195 1358 223 1396">
     <span class='ocr_line' id='line_1_1' title="bbox 195 1358 223 1396; textangle 90"><span class='ocrx_word' id='word_1_1' title='bbox 195 1358 223 1396; x_wconf 57' lang='lat' dir='ltr'>te</span> 
     </span>
    </p>
   </div>
   <div class='ocr_carea' id='block_1_2' title="bbox 236 89 1438 150">
    <p class='ocr_par' dir='ltr' id='par_1_2' title="bbox 236 89 1438 150">
     <span class='ocr_line' id='line_1_2' title="bbox 236 89 1438 150; baseline -0.007 -2"><span class='ocrx_word' id='word_1_2' title='bbox 236 99 336 150; x_wconf 77' lang='lat'>372</span> <span class='ocrx_word' id='word_1_3' title='bbox 494 93 558 140; x_wconf 90' lang='grc' dir='ltr'>Μ.</span> <span class='ocrx_word' id='word_1_4' title='bbox 594 93 650 138; x_wconf 93' lang='grc' dir='ltr'>Τ.</span> <span class='ocrx_word' id='word_1_5' title='bbox 691 90 1031 137; x_wconf 85' lang='lat' dir='ltr'>CICERONIS</span> <span class='ocrx_word' id='word_1_6' title='bbox 1066 89 1438 139; x_wconf 87' lang='lat' dir='ltr'>EPISTOLAE.</span> 
     </span>
    </p>
   </div>
   <div class='ocr_carea' id='block_1_3' title="bbox 348 204 1594 324">
    <p class='ocr_par' dir='ltr' id='par_1_3' title="bbox 348 204 1594 324">
     <span class='ocr_line' id='line_1_3' title="bbox 410 204 1533 265; baseline -0.004 -12"><span class='ocrx_word' id='word_1_7' title='bbox 410 205 725 253; x_wconf 82' lang='lat' dir='ltr'>EPISTOLA</span> <span class='ocrx_word' id='word_1_8' title='bbox 762 205 976 251; x_wconf 85' lang='lat' dir='ltr'>CCCXX.</span> <span class='ocrx_word' id='word_1_9' title='bbox 1025 204 1106 263; x_wconf 82' lang='lat' dir='ltr'>(ad</span> <span class='ocrx_word' id='word_1_10' title='bbox 1142 204 1232 250; x_wconf 82' lang='lat' dir='ltr'>Att.</span> <span class='ocrx_word' id='word_1_11' title='bbox 1284 204 1391 249; x_wconf 90' lang='lat' dir='ltr'>VII.</span> <span class='ocrx_word' id='word_1_12' title='bbox 1429 208 1533 265; x_wconf 82' lang='grc'><strong>23.)</strong></span> 
     </span>
     <span class='ocr_line' id='line_1_4' title="bbox 348 280 1594 324; baseline 0 -8"><span class='ocrx_word' id='word_1_13' title='bbox 348 283 431 317; x_wconf 77' lang='lat' dir='ltr'>scr.</span> <span class='ocrx_word' id='word_1_14' title='bbox 457 282 495 316; x_wconf 75' lang='lat' dir='ltr'>in</span> <span class='ocrx_word' id='word_1_15' title='bbox 522 280 721 316; x_wconf 74' lang='lat' dir='ltr'>Formiano</span> <span class='ocrx_word' id='word_1_16' title='bbox 747 281 818 317; x_wconf 89' lang='lat' dir='ltr'>1v.</span> <span class='ocrx_word' id='word_1_17' title='bbox 845 282 900 316; x_wconf 85' lang='lat' dir='ltr'>Id.</span> <span class='ocrx_word' id='word_1_18' title='bbox 929 282 1039 316; x_wconf 76' lang='lat' dir='ltr'>Febr.</span> <span class='ocrx_word' id='word_1_19' title='bbox 1065 281 1109 314; x_wconf 80' lang='grc' dir='ltr'><strong>Λ.</strong></span> <span class='ocrx_word' id='word_1_20' title='bbox 1137 280 1182 315; x_wconf 88' lang='lat' dir='ltr'>U.</span> <span class='ocrx_word' id='word_1_21' title='bbox 1210 281 1251 315; x_wconf 82' lang='lat' dir='ltr'>c,</span> <span class='ocrx_word' id='word_1_22' title='bbox 1278 281 1357 315; x_wconf 87' lang='lat'>705.</span> <span class='ocrx_word' id='word_1_23' title='bbox 1383 282 1429 324; x_wconf 84' lang='lat' dir='ltr'>(a.</span> <span class='ocrx_word' id='word_1_24' title='bbox 1456 281 1496 315; x_wconf 85' lang='lat' dir='ltr'>o.</span> <span class='ocrx_word' id='word_1_25' title='bbox 1521 281 1594 324; x_wconf 80' lang='lat'>49.)</span> 
     </span>
    </p>
   </div>
   <div class='ocr_carea' id='block_1_4' title="bbox 239 348 1703 476">
    <p class='ocr_par' dir='ltr' id='par_1_4' title="bbox 239 348 1703 476">
     <span class='ocr_line' id='line_1_5' title="bbox 239 348 1703 394; baseline -0.001 -9"><span class='ocrx_word' id='word_1_26' title='bbox 239 353 356 385; x_wconf 82' lang='lat' dir='ltr'>Laeta</span> <span class='ocrx_word' id='word_1_27' title='bbox 387 350 540 393; x_wconf 89' lang='lat' dir='ltr'>quidem</span> <span class='ocrx_word' id='word_1_28' title='bbox 573 362 594 384; x_wconf 82' lang='lat' dir='ltr'>a</span> <span class='ocrx_word' id='word_1_29' title='bbox 618 349 825 384; x_wconf 78' lang='lat' dir='ltr'>Philotimo</span> <span class='ocrx_word' id='word_1_30' title='bbox 858 350 1044 392; x_wconf 77' lang='lat' dir='ltr'>nuntiata,</span> <span class='ocrx_word' id='word_1_31' title='bbox 1085 348 1151 382; x_wconf 85' lang='lat' dir='ltr'>sed</span> <span class='ocrx_word' id='word_1_32' title='bbox 1184 348 1255 382; x_wconf 80' lang='lat' dir='ltr'>sibi</span> <span class='ocrx_word' id='word_1_33' title='bbox 1292 348 1507 383; x_wconf 84' lang='lat' dir='ltr'>tristissima</span> <span class='ocrx_word' id='word_1_34' title='bbox 1530 360 1703 394; x_wconf 84' lang='lat' dir='ltr'>quaeque</span> 
     </span>
     <span class='ocr_line' id='line_1_6' title="bbox 285 395 1657 439; baseline 0 -8"><span class='ocrx_word' id='word_1_35' title='bbox 285 397 435 431; x_wconf 77' lang='lat' dir='ltr'>veriora</span> <span class='ocrx_word' id='word_1_36' title='bbox 460 396 582 431; x_wconf 86' lang='lat' dir='ltr'>videri</span> <span class='ocrx_word' id='word_1_37' title='bbox 609 395 757 439; x_wconf 73' lang='lat' dir='ltr'>scribit3</span> <span class='ocrx_word' id='word_1_38' title='bbox 804 402 964 430; x_wconf 68' lang='lat' dir='ltr'>mutasse</span> <span class='ocrx_word' id='word_1_39' title='bbox 998 402 1119 428; x_wconf 83' lang='lat' dir='ltr'>tamen</span> <span class='ocrx_word' id='word_1_40' title='bbox 1144 395 1341 428; x_wconf 78' lang='lat' dir='ltr'>consilium</span> <span class='ocrx_word' id='word_1_41' title='bbox 1368 396 1414 429; x_wconf 87' lang='lat' dir='ltr'>de</span> <span class='ocrx_word' id='word_1_42' title='bbox 1439 396 1657 431; x_wconf 77' lang='lat' dir='ltr'>mulieribus</span> 
     </span>
     <span class='ocr_line' id='line_1_7' title="bbox 683 441 1258 476; baseline 0 0"><span class='ocrx_word' id='word_1_43' title='bbox 683 443 835 476; x_wconf 87' lang='lat' dir='ltr'>Romam</span> <span class='ocrx_word' id='word_1_44' title='bbox 862 441 1107 476; x_wconf 76' lang='lat' dir='ltr'>remittendis.</span> <span class='ocrx_word' id='word_1_45' title='bbox 1140 443 1258 476; x_wconf 82' lang='lat'>1—3.</span> 
     </span>
    </p>
   </div>
   <div class='ocr_carea' id='block_1_5' title="bbox 722 498 1206 534">
    <p class='ocr_par' dir='ltr' id='par_1_5' title="bbox 722 498 1206 534">
     <span class='ocr_line' id='line_1_8' title="bbox 722 498 1206 534; baseline 0 -1"><span class='ocrx_word' id='word_1_46' title='bbox 722 499 906 534; x_wconf 84' lang='lat' dir='ltr'>CICERO</span> <span class='ocrx_word' id='word_1_47' title='bbox 941 499 1132 534; x_wconf 90' lang='lat' dir='ltr'>ATTICO</span> <span class='ocrx_word' id='word_1_48' title='bbox 1167 498 1206 533; x_wconf 90' lang='lat' dir='ltr'>S.</span> 
     </span>
    </p>
   </div>
   <div class='ocr_carea' id='block_1_6' title="bbox 240 557 1703 1873">
    <p class='ocr_par' dir='ltr' id='par_1_6' title="bbox 240 557 1703 1805">
     <span class='ocr_line' id='line_1_9' title="bbox 352 557 1703 610; baseline -0.001 -10"><span class='ocrx_word' id='word_1_49' title='bbox 352 572 392 601; x_wconf 88' lang='lat' dir='ltr'>v.</span> <span class='ocrx_word' id='word_1_50' title='bbox 422 559 484 601; x_wconf 89' lang='lat' dir='ltr'>Id.</span> <span class='ocrx_word' id='word_1_51' title='bbox 516 557 645 599; x_wconf 87' lang='lat' dir='ltr'><strong>Febr.</strong></span> <span class='ocrx_word' id='word_1_52' title='bbox 671 560 837 610; x_wconf 85' lang='lat' dir='ltr'>vesperi</span> <span class='ocrx_word' id='word_1_53' title='bbox 868 572 893 599; x_wconf 85' lang='lat' dir='ltr'>a</span> <span class='ocrx_word' id='word_1_54' title='bbox 921 559 1151 599; x_wconf 77' lang='lat' dir='ltr'><strong>Philotimo</strong></span> <span class='ocrx_word' id='word_1_55' title='bbox 1180 557 1329 597; x_wconf 82' lang='lat' dir='ltr'>literas</span> <span class='ocrx_word' id='word_1_56' title='bbox 1357 557 1527 610; x_wconf 85' lang='lat' dir='ltr'>accepi,</span> <span class='ocrx_word' id='word_1_57' title='bbox 1563 557 1703 598; x_wconf 92' lang='lat' dir='ltr'>Domi-</span> 
     </span>
     <span class='ocr_line' id='line_1_10' title="bbox 241 614 1702 665; baseline -0.001 -9"><span class='ocrx_word' id='word_1_58' title='bbox 241 616 346 656; x_wconf 80' lang='lat' dir='ltr'>tium</span> <span class='ocrx_word' id='word_1_59' title='bbox 375 617 608 656; x_wconf 76' lang='lat' dir='ltr'>exercitum</span> <span class='ocrx_word' id='word_1_60' title='bbox 636 614 802 655; x_wconf 81' lang='lat' dir='ltr'>firmum</span> <span class='ocrx_word' id='word_1_61' title='bbox 832 615 1012 663; x_wconf 80' lang='lat' dir='ltr'>habere3</span> <span class='ocrx_word' id='word_1_62' title='bbox 1052 615 1248 655; x_wconf 85' lang='lat' dir='ltr'>cohortes</span> <span class='ocrx_word' id='word_1_63' title='bbox 1289 626 1340 655; x_wconf 79' lang='lat' dir='ltr'>ex</span> <span class='ocrx_word' id='word_1_64' title='bbox 1377 615 1557 665; x_wconf 83' lang='lat' dir='ltr'>Piceno,</span> <span class='ocrx_word' id='word_1_65' title='bbox 1597 615 1702 654; x_wconf 89' lang='lat' dir='ltr'>Len-</span> 
     </span>
     <span class='ocr_line' id='line_1_11' title="bbox 241 672 1703 720; baseline -0.001 -8"><span class='ocrx_word' id='word_1_66' title='bbox 241 675 331 713; x_wconf 88' lang='lat' dir='ltr'>tulo</span> <span class='ocrx_word' id='word_1_67' title='bbox 353 675 395 713; x_wconf 86' lang='lat' dir='ltr'>et</span> <span class='ocrx_word' id='word_1_68' title='bbox 414 675 594 713; x_wconf 84' lang='lat' dir='ltr'>Thermo</span> <span class='ocrx_word' id='word_1_69' title='bbox 617 672 882 720; x_wconf 74' lang='lat' dir='ltr'>ducentibus,</span> <span class='ocrx_word' id='word_1_70' title='bbox 915 684 1011 711; x_wconf 86' lang='lat' dir='ltr'>cum</span> <span class='ocrx_word' id='word_1_71' title='bbox 1032 672 1205 712; x_wconf 82' lang='lat' dir='ltr'>Domitii</span> <span class='ocrx_word' id='word_1_72' title='bbox 1237 672 1426 712; x_wconf 85' lang='lat' dir='ltr'>exercitu</span> <span class='ocrx_word' id='word_1_73' title='bbox 1457 672 1703 711; x_wconf 86' lang='lat' dir='ltr'>coniunctas</span> 
     </span>
     <span class='ocr_line' id='line_1_12' title="bbox 244 727 1702 780; baseline -0.001 -12"><span class='ocrx_word' id='word_1_74' title='bbox 244 742 355 779; x_wconf 82' lang='lat' dir='ltr'>esse3</span> <span class='ocrx_word' id='word_1_75' title='bbox 398 730 617 770; x_wconf 84' lang='lat' dir='ltr'>Caesarem</span> <span class='ocrx_word' id='word_1_76' title='bbox 645 729 874 769; x_wconf 82' lang='lat' dir='ltr'>intercludi</span> <span class='ocrx_word' id='word_1_77' title='bbox 901 741 1043 780; x_wconf 84' lang='lat' dir='ltr'>posse,</span> <span class='ocrx_word' id='word_1_78' title='bbox 1083 740 1259 779; x_wconf 88' lang='lat' dir='ltr'>eumque</span> <span class='ocrx_word' id='word_1_79' title='bbox 1289 728 1331 768; x_wconf 90' lang='lat' dir='ltr'>id</span> <span class='ocrx_word' id='word_1_80' title='bbox 1359 729 1534 777; x_wconf 78' lang='lat' dir='ltr'>timere3</span> <span class='ocrx_word' id='word_1_81' title='bbox 1575 727 1702 768; x_wconf 86' lang='lat' dir='ltr'>bono-</span> 
     </span>
     <span class='ocr_line' id='line_1_13' title="bbox 244 785 1701 837; baseline 0 -11"><span class='ocrx_word' id='word_1_82' title='bbox 244 800 336 826; x_wconf 82' lang='lat' dir='ltr'>rum</span> <span class='ocrx_word' id='word_1_83' title='bbox 377 787 536 827; x_wconf 81' lang='lat' dir='ltr'>animos</span> <span class='ocrx_word' id='word_1_84' title='bbox 572 788 785 826; x_wconf 85' lang='lat' dir='ltr'>recreatos</span> <span class='ocrx_word' id='word_1_85' title='bbox 824 786 1000 837; x_wconf 79' lang='lat' dir='ltr'>Romae,</span> <span class='ocrx_word' id='word_1_86' title='bbox 1051 785 1265 837; x_wconf 86' lang='lat' dir='ltr'>improbos</span> <span class='ocrx_word' id='word_1_87' title='bbox 1311 786 1431 837; x_wconf 88' lang='lat' dir='ltr'>quasi</span> <span class='ocrx_word' id='word_1_88' title='bbox 1468 785 1701 837; x_wconf 87' lang='lat' dir='ltr'>perculsos.</span> 
     </span>
     <span class='ocr_line' id='line_1_14' title="bbox 244 841 1701 893; baseline -0.002 -9"><span class='ocrx_word' id='word_1_89' title='bbox 244 845 362 884; x_wconf 86' lang='lat' dir='ltr'>Haeo</span> <span class='ocrx_word' id='word_1_90' title='bbox 392 845 533 884; x_wconf 87' lang='lat' dir='ltr'>metuo</span> <span class='ocrx_word' id='word_1_91' title='bbox 563 843 758 893; x_wconf 87' lang='lat' dir='ltr'>equidem</span> <span class='ocrx_word' id='word_1_92' title='bbox 787 854 841 882; x_wconf 90' lang='lat' dir='ltr'>ne</span> <span class='ocrx_word' id='word_1_93' title='bbox 871 842 955 882; x_wconf 89' lang='lat' dir='ltr'>sint</span> <span class='ocrx_word' id='word_1_94' title='bbox 984 843 1163 881; x_wconf 81' lang='lat' dir='ltr'>somnia:</span> <span class='ocrx_word' id='word_1_95' title='bbox 1206 841 1278 881; x_wconf 87' lang='lat' dir='ltr'>sed</span> <span class='ocrx_word' id='word_1_96' title='bbox 1307 844 1445 883; x_wconf 86' lang='lat' dir='ltr'>tamen</span> <span class='ocrx_word' id='word_1_97' title='bbox 1478 842 1550 883; x_wconf 89' lang='grc' dir='ltr'>Μ’.</span> <span class='ocrx_word' id='word_1_98' title='bbox 1581 841 1701 893; x_wconf 87' lang='lat' dir='ltr'>Lepi-</span> 
     </span>
     <span class='ocr_line' id='line_1_15' title="bbox 243 898 1701 952; baseline -0.001 -13"><span class='ocrx_word' id='word_1_99' title='bbox 243 901 364 947; x_wconf 89' lang='lat' dir='ltr'>dum,</span> <span class='ocrx_word' id='word_1_100' title='bbox 396 901 442 939; x_wconf 87' lang='lat' dir='ltr'>L.</span> <span class='ocrx_word' id='word_1_101' title='bbox 475 901 753 952; x_wconf 82' lang='lat' dir='ltr'>Torquatum,</span> <span class='ocrx_word' id='word_1_102' title='bbox 795 898 837 938; x_wconf 82' lang='lat' dir='ltr'>C.</span> <span class='ocrx_word' id='word_1_103' title='bbox 869 898 1056 939; x_wconf 87' lang='lat' dir='ltr'>Cassium</span> <span class='ocrx_word' id='word_1_104' title='bbox 1086 899 1300 939; x_wconf 90' lang='lat' dir='ltr'>tribunum</span> <span class='ocrx_word' id='word_1_105' title='bbox 1329 900 1389 950; x_wconf 92' lang='lat' dir='ltr'>pl.</span> <span class='ocrx_word' id='word_1_106' title='bbox 1420 921 1475 928; x_wconf 91' lang='lat'><em>—</em></span> <span class='ocrx_word' id='word_1_107' title='bbox 1514 899 1560 938; x_wconf 90' lang='lat' dir='ltr'>hi</span> <span class='ocrx_word' id='word_1_108' title='bbox 1589 899 1701 938; x_wconf 87' lang='lat' dir='ltr'>euim</span> 
     </span>
     <span class='ocr_line' id='line_1_16' title="bbox 245 955 1702 1007; baseline -0.002 -10"><span class='ocrx_word' id='word_1_109' title='bbox 245 960 340 998; x_wconf 88' lang='lat' dir='ltr'>suut</span> <span class='ocrx_word' id='word_1_110' title='bbox 370 956 617 1007; x_wconf 86' lang='lat' dir='ltr'>nobiscum,</span> <span class='ocrx_word' id='word_1_111' title='bbox 656 956 701 996; x_wconf 76' lang='lat' dir='ltr'>id</span> <span class='ocrx_word' id='word_1_112' title='bbox 735 958 818 1005; x_wconf 88' lang='lat' dir='ltr'>est,</span> <span class='ocrx_word' id='word_1_113' title='bbox 864 956 908 995; x_wconf 92' lang='lat' dir='ltr'>in</span> <span class='ocrx_word' id='word_1_114' title='bbox 939 957 1163 996; x_wconf 86' lang='lat' dir='ltr'>Formiano</span> <span class='ocrx_word' id='word_1_115' title='bbox 1203 978 1261 984; x_wconf 91' lang='lat'>—</span> <span class='ocrx_word' id='word_1_116' title='bbox 1296 955 1515 995; x_wconf 89' lang='lat' dir='ltr'>Philotimi</span> <span class='ocrx_word' id='word_1_117' title='bbox 1551 955 1702 996; x_wconf 81' lang='lat' dir='ltr'>literae</span> 
     </span>
     <span class='ocr_line' id='line_1_17' title="bbox 245 1013 1702 1065; baseline -0.002 -11"><span class='ocrx_word' id='word_1_118' title='bbox 245 1015 297 1054; x_wconf 86' lang='lat' dir='ltr'>ad</span> <span class='ocrx_word' id='word_1_119' title='bbox 316 1014 444 1054; x_wconf 86' lang='lat' dir='ltr'>vitam</span> <span class='ocrx_word' id='word_1_120' title='bbox 463 1015 783 1054; x_wconf 81' lang='lat' dir='ltr'>revocaverunt.</span> <span class='ocrx_word' id='word_1_121' title='bbox 818 1013 907 1065; x_wconf 81' lang='lat' dir='ltr'>Ego</span> <span class='ocrx_word' id='word_1_122' title='bbox 928 1015 1069 1053; x_wconf 82' lang='lat' dir='ltr'>autem</span> <span class='ocrx_word' id='word_1_123' title='bbox 1089 1014 1165 1052; x_wconf 86' lang='lat' dir='ltr'>illa</span> <span class='ocrx_word' id='word_1_124' title='bbox 1186 1013 1324 1052; x_wconf 88' lang='lat' dir='ltr'>metuo</span> <span class='ocrx_word' id='word_1_125' title='bbox 1346 1024 1399 1052; x_wconf 90' lang='lat' dir='ltr'>ne</span> <span class='ocrx_word' id='word_1_126' title='bbox 1418 1013 1584 1053; x_wconf 88' lang='lat' dir='ltr'>veriora</span> <span class='ocrx_word' id='word_1_127' title='bbox 1601 1013 1702 1064; x_wconf 85' lang='lat' dir='ltr'>sint,</span> 
     </span>
     <span class='ocr_line' id='line_1_18' title="bbox 243 1069 1699 1123; baseline -0.002 -12"><span class='ocrx_word' id='word_1_128' title='bbox 243 1084 319 1111; x_wconf 90' lang='lat' dir='ltr'>nos</span> <span class='ocrx_word' id='word_1_129' title='bbox 340 1083 480 1110; x_wconf 86' lang='lat' dir='ltr'>omnes</span> <span class='ocrx_word' id='word_1_130' title='bbox 502 1082 635 1123; x_wconf 85' lang='lat' dir='ltr'>paene</span> <span class='ocrx_word' id='word_1_131' title='bbox 662 1071 747 1111; x_wconf 88' lang='lat' dir='ltr'>iam</span> <span class='ocrx_word' id='word_1_132' title='bbox 771 1073 916 1122; x_wconf 86' lang='lat' dir='ltr'>captos</span> <span class='ocrx_word' id='word_1_133' title='bbox 950 1083 1062 1122; x_wconf 81' lang='lat' dir='ltr'>esse,</span> <span class='ocrx_word' id='word_1_134' title='bbox 1093 1069 1342 1122; x_wconf 89' lang='lat' dir='ltr'>Pompeium</span> <span class='ocrx_word' id='word_1_135' title='bbox 1368 1069 1496 1109; x_wconf 85' lang='lat' dir='ltr'>Italia</span> <span class='ocrx_word' id='word_1_136' title='bbox 1526 1069 1699 1109; x_wconf 81' lang='lat' dir='ltr'>cedere:</span> 
     </span>
     <span class='ocr_line' id='line_1_19' title="bbox 245 1125 1699 1179; baseline -0.001 -12"><span class='ocrx_word' id='word_1_137' title='bbox 245 1140 369 1179; x_wconf 84' lang='lat' dir='ltr'>quem</span> <span class='ocrx_word' id='word_1_138' title='bbox 392 1128 560 1179; x_wconf 88' lang='lat' dir='ltr'>quidem</span> <span class='ocrx_word' id='word_1_139' title='bbox 575 1149 632 1156; x_wconf 92' lang='lat'>-—</span> <span class='ocrx_word' id='word_1_140' title='bbox 651 1140 675 1166; x_wconf 92' lang='lat'>0</span> <span class='ocrx_word' id='word_1_141' title='bbox 699 1140 787 1167; x_wconf 88' lang='lat' dir='ltr'>rem</span> <span class='ocrx_word' id='word_1_142' title='bbox 808 1127 1022 1166; x_wconf 81' lang='lat' dir='ltr'>acerbam!</span> <span class='ocrx_word' id='word_1_143' title='bbox 1046 1149 1101 1155; x_wconf 90' lang='lat'><strong>—</strong></span> <span class='ocrx_word' id='word_1_144' title='bbox 1129 1125 1326 1178; x_wconf 85' lang='lat' dir='ltr'>persequi</span> <span class='ocrx_word' id='word_1_145' title='bbox 1354 1126 1507 1166; x_wconf 88' lang='lat' dir='ltr'>Caesar</span> <span class='ocrx_word' id='word_1_146' title='bbox 1533 1125 1699 1166; x_wconf 87' lang='lat' dir='ltr'>dicitur.</span> 
     </span>
     <span class='ocr_line' id='line_1_20' title="bbox 244 1181 1701 1236; baseline -0.002 -11"><span class='ocrx_word' id='word_1_147' title='bbox 244 1186 449 1236; x_wconf 79' lang='lat' dir='ltr'>Persequi</span> <span class='ocrx_word' id='word_1_148' title='bbox 466 1185 619 1225; x_wconf 85' lang='lat' dir='ltr'>Caesar</span> <span class='ocrx_word' id='word_1_149' title='bbox 639 1182 913 1236; x_wconf 67' lang='lat' dir='ltr'>Pompeium?</span> <span class='ocrx_word' id='word_1_150' title='bbox 953 1182 1089 1231; x_wconf 71' lang='lat' dir='ltr'>Quid?</span> <span class='ocrx_word' id='word_1_151' title='bbox 1120 1185 1166 1223; x_wconf 90' lang='lat' dir='ltr'>ut</span> <span class='ocrx_word' id='word_1_152' title='bbox 1184 1181 1443 1223; x_wconf 84' lang='lat' dir='ltr'>interficiat?</span> <span class='ocrx_word' id='word_1_153' title='bbox 1483 1182 1516 1222; x_wconf 93' lang='grc' dir='ltr'>Ο</span> <span class='ocrx_word' id='word_1_154' title='bbox 1537 1195 1605 1222; x_wconf 90' lang='lat' dir='ltr'>me</span> <span class='ocrx_word' id='word_1_155' title='bbox 1625 1182 1701 1222; x_wconf 90' lang='lat' dir='ltr'>mi-</span> 
     </span>
     <span class='ocr_line' id='line_1_21' title="bbox 244 1239 1699 1292; baseline -0.001 -11"><span class='ocrx_word' id='word_1_156' title='bbox 244 1243 402 1282; x_wconf 84' lang='lat' dir='ltr'>serum!</span> <span class='ocrx_word' id='word_1_157' title='bbox 433 1244 474 1281; x_wconf 90' lang='lat' dir='ltr'>et</span> <span class='ocrx_word' id='word_1_158' title='bbox 494 1254 576 1280; x_wconf 89' lang='lat' dir='ltr'>non</span> <span class='ocrx_word' id='word_1_159' title='bbox 606 1253 748 1280; x_wconf 88' lang='lat' dir='ltr'>omnes</span> <span class='ocrx_word' id='word_1_160' title='bbox 776 1242 918 1280; x_wconf 84' lang='lat' dir='ltr'>nostra</span> <span class='ocrx_word' id='word_1_161' title='bbox 945 1252 1125 1290; x_wconf 84' lang='lat' dir='ltr'>corpora</span> <span class='ocrx_word' id='word_1_162' title='bbox 1155 1239 1435 1292; x_wconf 83' lang='lat' dir='ltr'>opponimus?</span> <span class='ocrx_word' id='word_1_163' title='bbox 1465 1240 1510 1280; x_wconf 86' lang='lat' dir='ltr'>in</span> <span class='ocrx_word' id='word_1_164' title='bbox 1545 1251 1627 1291; x_wconf 93' lang='lat' dir='ltr'>quo</span> <span class='ocrx_word' id='word_1_165' title='bbox 1654 1241 1699 1279; x_wconf 88' lang='lat' dir='ltr'>tu</span> 
     </span>
     <span class='ocr_line' id='line_1_22' title="bbox 248 1294 1699 1350; baseline -0.001 -13"><span class='ocrx_word' id='word_1_166' title='bbox 248 1310 414 1350; x_wconf 90' lang='lat' dir='ltr'>quoque</span> <span class='ocrx_word' id='word_1_167' title='bbox 430 1297 685 1350; x_wconf 63' lang='lat' dir='ltr'>ingemiscis</span> <span class='ocrx_word' id='word_1_168' title='bbox 725 1294 927 1348; x_wconf 62' lang='lat' dir='ltr'>Sed&#39;quid</span> <span class='ocrx_word' id='word_1_169' title='bbox 946 1296 1176 1337; x_wconf 69' lang='lat' dir='ltr'>faciamus?</span> <span class='ocrx_word' id='word_1_170' title='bbox 1217 1296 1343 1347; x_wconf 88' lang='lat' dir='ltr'>Victi,</span> <span class='ocrx_word' id='word_1_171' title='bbox 1359 1296 1564 1347; x_wconf 90' lang='lat' dir='ltr'>oppressi,</span> <span class='ocrx_word' id='word_1_172' title='bbox 1586 1295 1699 1348; x_wconf 88' lang='lat' dir='ltr'>capti</span> 
     </span>
     <span class='ocr_line' id='line_1_23' title="bbox 248 1352 1700 1407; baseline -0.001 -13"><span class='ocrx_word' id='word_1_173' title='bbox 248 1357 373 1407; x_wconf 86' lang='lat' dir='ltr'>plane</span> <span class='ocrx_word' id='word_1_174' title='bbox 402 1367 555 1394; x_wconf 87' lang='lat' dir='ltr'>sumus.</span> <span class='ocrx_word' id='word_1_175' title='bbox 614 1355 704 1406; x_wconf 79' lang='lat' dir='ltr'>Ego</span> <span class='ocrx_word' id='word_1_176' title='bbox 735 1355 899 1400; x_wconf 86' lang='lat' dir='ltr'>tamen,</span> <span class='ocrx_word' id='word_1_177' title='bbox 941 1352 1159 1393; x_wconf 82' lang='lat' dir='ltr'>Philotimi</span> <span class='ocrx_word' id='word_1_178' title='bbox 1185 1352 1321 1392; x_wconf 84' lang='lat' dir='ltr'>literis</span> <span class='ocrx_word' id='word_1_179' title='bbox 1362 1353 1501 1402; x_wconf 83' lang='lat' dir='ltr'>lectis,</span> <span class='ocrx_word' id='word_1_180' title='bbox 1540 1353 1700 1394; x_wconf 82' lang='lat' dir='ltr'>mutavi</span> 
     </span>
     <span class='ocr_line' id='line_1_24' title="bbox 245 1409 1701 1462; baseline -0.002 -10"><span class='ocrx_word' id='word_1_181' title='bbox 245 1411 469 1452; x_wconf 88' lang='lat' dir='ltr'>consilium</span> <span class='ocrx_word' id='word_1_182' title='bbox 497 1411 548 1450; x_wconf 91' lang='lat' dir='ltr'>de</span> <span class='ocrx_word' id='word_1_183' title='bbox 586 1410 853 1451; x_wconf 88' lang='lat' dir='ltr'>mulieribus:</span> <span class='ocrx_word' id='word_1_184' title='bbox 904 1423 1028 1461; x_wconf 75' lang='lat' dir='ltr'>quas,</span> <span class='ocrx_word' id='word_1_185' title='bbox 1067 1411 1114 1449; x_wconf 88' lang='lat' dir='ltr'>ut</span> <span class='ocrx_word' id='word_1_186' title='bbox 1151 1410 1401 1462; x_wconf 85' lang='lat' dir='ltr'>scripseram</span> <span class='ocrx_word' id='word_1_187' title='bbox 1431 1410 1483 1449; x_wconf 89' lang='lat' dir='ltr'>ad</span> <span class='ocrx_word' id='word_1_188' title='bbox 1512 1411 1576 1460; x_wconf 90' lang='lat' dir='ltr'>te,</span> <span class='ocrx_word' id='word_1_189' title='bbox 1621 1409 1701 1450; x_wconf 92' lang='lat' dir='ltr'>Ro—</span> 
     </span>
     <span class='ocr_line' id='line_1_25' title="bbox 245 1467 1700 1510; baseline -0.001 -2"><span class='ocrx_word' id='word_1_190' title='bbox 245 1481 353 1510; x_wconf 87' lang='lat' dir='ltr'>mam</span> <span class='ocrx_word' id='word_1_191' title='bbox 393 1467 675 1509; x_wconf 84' lang='lat' dir='ltr'>remittebam:</span> <span class='ocrx_word' id='word_1_192' title='bbox 717 1467 789 1507; x_wconf 90' lang='lat' dir='ltr'>sed</span> <span class='ocrx_word' id='word_1_193' title='bbox 819 1468 924 1507; x_wconf 82' lang='lat' dir='ltr'>mihi</span> <span class='ocrx_word' id='word_1_194' title='bbox 953 1467 1068 1508; x_wconf 82' lang='lat' dir='ltr'>venit</span> <span class='ocrx_word' id='word_1_195' title='bbox 1096 1467 1141 1506; x_wconf 90' lang='lat' dir='ltr'>in</span> <span class='ocrx_word' id='word_1_196' title='bbox 1180 1469 1363 1506; x_wconf 87' lang='lat' dir='ltr'>mentem</span> <span class='ocrx_word' id='word_1_197' title='bbox 1398 1468 1574 1507; x_wconf 91' lang='lat' dir='ltr'>multum</span> <span class='ocrx_word' id='word_1_198' title='bbox 1607 1467 1700 1506; x_wconf 85' lang='lat' dir='ltr'>fore</span> 
     </span>
     <span class='ocr_line' id='line_1_26' title="bbox 242 1523 1699 1575; baseline -0.001 -9"><span class='ocrx_word' id='word_1_199' title='bbox 242 1537 495 1574; x_wconf 89' lang='lat' dir='ltr'>sermonem,</span> <span class='ocrx_word' id='word_1_200' title='bbox 527 1538 595 1564; x_wconf 87' lang='lat' dir='ltr'>me</span> <span class='ocrx_word' id='word_1_201' title='bbox 622 1525 829 1565; x_wconf 87' lang='lat' dir='ltr'>iudicium</span> <span class='ocrx_word' id='word_1_202' title='bbox 858 1524 942 1564; x_wconf 85' lang='lat' dir='ltr'>iam</span> <span class='ocrx_word' id='word_1_203' title='bbox 973 1524 1024 1563; x_wconf 90' lang='lat' dir='ltr'>de</span> <span class='ocrx_word' id='word_1_204' title='bbox 1055 1536 1183 1564; x_wconf 86' lang='lat' dir='ltr'>causa</span> <span class='ocrx_word' id='word_1_205' title='bbox 1210 1523 1385 1575; x_wconf 84' lang='lat' dir='ltr'>publica</span> <span class='ocrx_word' id='word_1_206' title='bbox 1412 1525 1584 1572; x_wconf 76' lang='lat' dir='ltr'>fecisse3</span> <span class='ocrx_word' id='word_1_207' title='bbox 1615 1536 1699 1575; x_wconf 90' lang='lat' dir='ltr'>qua</span> 
     </span>
     <span class='ocr_line' id='line_1_27' title="bbox 243 1580 1699 1634; baseline -0.002 -11"><span class='ocrx_word' id='word_1_208' title='bbox 243 1583 489 1634; x_wconf 85' lang='lat' dir='ltr'>desperata,</span> <span class='ocrx_word' id='word_1_209' title='bbox 529 1583 650 1631; x_wconf 85' lang='lat' dir='ltr'>quasi</span> <span class='ocrx_word' id='word_1_210' title='bbox 679 1582 792 1621; x_wconf 87' lang='lat' dir='ltr'>hunc</span> <span class='ocrx_word' id='word_1_211' title='bbox 821 1581 995 1634; x_wconf 82' lang='lat' dir='ltr'>gradum</span> <span class='ocrx_word' id='word_1_212' title='bbox 1025 1581 1108 1621; x_wconf 90' lang='lat' dir='ltr'>mei</span> <span class='ocrx_word' id='word_1_213' title='bbox 1134 1580 1294 1620; x_wconf 88' lang='lat' dir='ltr'>reditus</span> <span class='ocrx_word' id='word_1_214' title='bbox 1323 1593 1433 1629; x_wconf 88' lang='lat' dir='ltr'>esse,</span> <span class='ocrx_word' id='word_1_215' title='bbox 1471 1580 1582 1632; x_wconf 87' lang='lat' dir='ltr'>quod</span> <span class='ocrx_word' id='word_1_216' title='bbox 1610 1593 1699 1620; x_wconf 91' lang='lat' dir='ltr'>mu-</span> 
     </span>
     <span class='ocr_line' id='line_1_28' title="bbox 240 1637 1698 1688; baseline -0.001 -8"><span class='ocrx_word' id='word_1_217' title='bbox 240 1640 367 1680; x_wconf 86' lang='lat' dir='ltr'>lieres</span> <span class='ocrx_word' id='word_1_218' title='bbox 395 1639 679 1679; x_wconf 85' lang='lat' dir='ltr'>revertissent.</span> <span class='ocrx_word' id='word_1_219' title='bbox 737 1638 800 1678; x_wconf 91' lang='lat' dir='ltr'>De</span> <span class='ocrx_word' id='word_1_220' title='bbox 829 1650 895 1677; x_wconf 86' lang='lat' dir='ltr'>me</span> <span class='ocrx_word' id='word_1_221' title='bbox 912 1641 1050 1677; x_wconf 82' lang='lat' dir='ltr'>autem</span> <span class='ocrx_word' id='word_1_222' title='bbox 1076 1638 1168 1688; x_wconf 88' lang='lat' dir='ltr'>ipso</span> <span class='ocrx_word' id='word_1_223' title='bbox 1198 1637 1277 1677; x_wconf 86' lang='lat' dir='ltr'>tibi</span> <span class='ocrx_word' id='word_1_224' title='bbox 1301 1638 1519 1687; x_wconf 86' lang='lat' dir='ltr'>assentior,</span> <span class='ocrx_word' id='word_1_225' title='bbox 1548 1650 1602 1678; x_wconf 86' lang='lat' dir='ltr'>ne</span> <span class='ocrx_word' id='word_1_226' title='bbox 1632 1650 1698 1678; x_wconf 85' lang='lat' dir='ltr'>me</span> 
     </span>
     <span class='ocr_line' id='line_1_29' title="bbox 242 1694 1697 1748; baseline -0.001 -12"><span class='ocrx_word' id='word_1_227' title='bbox 242 1697 336 1737; x_wconf 88' lang='lat' dir='ltr'>dem</span> <span class='ocrx_word' id='word_1_228' title='bbox 363 1696 553 1736; x_wconf 88' lang='lat' dir='ltr'>incertae</span> <span class='ocrx_word' id='word_1_229' title='bbox 583 1698 625 1735; x_wconf 91' lang='lat' dir='ltr'>et</span> <span class='ocrx_word' id='word_1_230' title='bbox 654 1695 918 1748; x_wconf 87' lang='lat' dir='ltr'>periculosae</span> <span class='ocrx_word' id='word_1_231' title='bbox 946 1695 1091 1747; x_wconf 82' lang='lat' dir='ltr'>fugae3</span> <span class='ocrx_word' id='word_1_232' title='bbox 1136 1706 1264 1745; x_wconf 88' lang='lat' dir='ltr'>quum</span> <span class='ocrx_word' id='word_1_233' title='bbox 1296 1694 1560 1746; x_wconf 79' lang='lat' dir='ltr'>reipublicae</span> <span class='ocrx_word' id='word_1_234' title='bbox 1589 1695 1697 1735; x_wconf 90' lang='lat' dir='ltr'>nihil</span> 
     </span>
     <span class='ocr_line' id='line_1_30' title="bbox 241 1752 1696 1805; baseline -0.001 -12"><span class='ocrx_word' id='word_1_235' title='bbox 241 1754 420 1805; x_wconf 84' lang='lat' dir='ltr'>prosim,</span> <span class='ocrx_word' id='word_1_236' title='bbox 463 1753 573 1792; x_wconf 89' lang='lat' dir='ltr'>nihil</span> <span class='ocrx_word' id='word_1_237' title='bbox 601 1752 824 1804; x_wconf 84' lang='lat' dir='ltr'>Pompeio;</span> <span class='ocrx_word' id='word_1_238' title='bbox 862 1764 940 1804; x_wconf 86' lang='lat' dir='ltr'>pro</span> <span class='ocrx_word' id='word_1_239' title='bbox 981 1763 1065 1802; x_wconf 90' lang='lat' dir='ltr'>quo</span> <span class='ocrx_word' id='word_1_240' title='bbox 1095 1752 1227 1791; x_wconf 86' lang='lat' dir='ltr'>emori</span> <span class='ocrx_word' id='word_1_241' title='bbox 1257 1764 1387 1802; x_wconf 92' lang='lat' dir='ltr'>quum</span> <span class='ocrx_word' id='word_1_242' title='bbox 1415 1752 1487 1804; x_wconf 89' lang='lat' dir='ltr'>pie</span> <span class='ocrx_word' id='word_1_243' title='bbox 1514 1764 1696 1804; x_wconf 90' lang='lat' dir='ltr'>possum,</span> 
     </span>
    </p>

    <p class='ocr_par' dir='ltr' id='par_1_7' title="bbox 336 1829 1696 1873">
     <span class='ocr_line' id='line_1_31' title="bbox 336 1829 1696 1873; baseline 0.001 -11"><span class='ocrx_word' id='word_1_244' title='bbox 336 1831 366 1862; x_wconf 94' lang='lat' dir='ltr'>l.</span> <span class='ocrx_word' id='word_1_245' title='bbox 406 1829 450 1863; x_wconf 79' lang='lat' dir='ltr'>V.</span> <span class='ocrx_word' id='word_1_246' title='bbox 475 1830 531 1862; x_wconf 86' lang='lat' dir='ltr'>Id.</span> <span class='ocrx_word' id='word_1_247' title='bbox 558 1841 604 1863; x_wconf 89' lang='lat'><strong><em>=</em></strong></span> <span class='ocrx_word' id='word_1_248' title='bbox 629 1830 760 1865; x_wconf 80' lang='lat' dir='ltr'>Quinto</span> <span class='ocrx_word' id='word_1_249' title='bbox 786 1830 842 1863; x_wconf 87' lang='lat' dir='ltr'>Id.</span> <span class='ocrx_word' id='word_1_250' title='bbox 875 1832 963 1863; x_wconf 81' lang='lat' dir='ltr'>Asc.</span> <span class='ocrx_word' id='word_1_251' title='bbox 981 1831 1014 1863; x_wconf 92' lang='lat'>1.</span> <span class='ocrx_word' id='word_1_252' title='bbox 1041 1830 1137 1863; x_wconf 85' lang='lat' dir='ltr'>Crat.</span> <span class='ocrx_word' id='word_1_253' title='bbox 1163 1829 1263 1864; x_wconf 89' lang='lat' dir='ltr'>Vict.</span> <span class='ocrx_word' id='word_1_254' title='bbox 1290 1832 1322 1863; x_wconf 95' lang='lat'>1.</span> <span class='ocrx_word' id='word_1_255' title='bbox 1356 1830 1445 1864; x_wconf 89' lang='lat' dir='ltr'>Ern.</span> <span class='ocrx_word' id='word_1_256' title='bbox 1473 1830 1561 1866; x_wconf 91' lang='lat' dir='ltr'>Sch.</span> <span class='ocrx_word' id='word_1_257' title='bbox 1587 1831 1696 1873; x_wconf 71' lang='lat' dir='ltr'>Lim,</span> 
     </span>
    </p>
   </div>
   <div class='ocr_carea' id='block_1_7' title="bbox 230 1875 1695 2798">
    <p class='ocr_par' dir='ltr' id='par_1_8' title="bbox 242 1875 1695 2472">
     <span class='ocr_line' id='line_1_32' title="bbox 242 1875 1694 1920; baseline 0.001 -12"><span class='ocrx_word' id='word_1_258' title='bbox 242 1885 299 1908; x_wconf 84' lang='lat' dir='ltr'>am</span> <span class='ocrx_word' id='word_1_259' title='bbox 323 1875 540 1910; x_wconf 81' lang='lat' dir='ltr'>9.Februar.</span> <span class='ocrx_word' id='word_1_260' title='bbox 566 1895 610 1900; x_wconf 90' lang='lat'><strong>—</strong></span> <span class='ocrx_word' id='word_1_261' title='bbox 658 1876 874 1916; x_wconf 78' lang='lat' dir='ltr'>Domitium,</span> <span class='ocrx_word' id='word_1_262' title='bbox 901 1876 968 1909; x_wconf 86' lang='lat' dir='ltr'>der</span> <span class='ocrx_word' id='word_1_263' title='bbox 988 1876 1068 1909; x_wconf 83' lang='lat' dir='ltr'>sich</span> <span class='ocrx_word' id='word_1_264' title='bbox 1093 1876 1130 1908; x_wconf 89' lang='lat' dir='ltr'>in</span> <span class='ocrx_word' id='word_1_265' title='bbox 1149 1875 1353 1910; x_wconf 89' lang='lat' dir='ltr'>Corfinium</span> <span class='ocrx_word' id='word_1_266' title='bbox 1374 1878 1566 1920; x_wconf 81' lang='lat' dir='ltr'>geworsen</span> <span class='ocrx_word' id='word_1_267' title='bbox 1581 1877 1694 1919; x_wconf 85' lang='lat' dir='ltr'>hatte,</span> 
     </span>
     <span class='ocr_line' id='line_1_33' title="bbox 243 1921 1691 1966; baseline 0.001 -12"><span class='ocrx_word' id='word_1_268' title='bbox 243 1933 302 1954; x_wconf 91' lang='lat' dir='ltr'>um</span> <span class='ocrx_word' id='word_1_269' title='bbox 337 1921 418 1954; x_wconf 86' lang='lat' dir='ltr'>sich</span> <span class='ocrx_word' id='word_1_270' title='bbox 449 1933 520 1955; x_wconf 89' lang='lat' dir='ltr'>von</span> <span class='ocrx_word' id='word_1_271' title='bbox 546 1921 592 1954; x_wconf 85' lang='lat' dir='ltr'>da</span> <span class='ocrx_word' id='word_1_272' title='bbox 626 1921 697 1956; x_wconf 88' lang='lat' dir='ltr'>den</span> <span class='ocrx_word' id='word_1_273' title='bbox 722 1921 993 1956; x_wconf 81' lang='lat' dir='ltr'>Fortscliritten</span> <span class='ocrx_word' id='word_1_274' title='bbox 1020 1922 1087 1955; x_wconf 87' lang='lat' dir='ltr'>des</span> <span class='ocrx_word' id='word_1_275' title='bbox 1113 1921 1246 1955; x_wconf 63' lang='lat' dir='ltr'>casars</span> <span class='ocrx_word' id='word_1_276' title='bbox 1273 1927 1456 1966; x_wconf 80' lang='lat' dir='ltr'>entgegen</span> <span class='ocrx_word' id='word_1_277' title='bbox 1482 1934 1528 1957; x_wconf 89' lang='lat' dir='ltr'>zu</span> <span class='ocrx_word' id='word_1_278' title='bbox 1553 1928 1691 1957; x_wconf 85' lang='lat' dir='ltr'>setzen.</span> 
     </span>
     <span class='ocr_line' id='line_1_34' title="bbox 245 1967 1692 2012; baseline 0 -10"><span class='ocrx_word' id='word_1_279' title='bbox 245 1967 282 2002; x_wconf 89' lang='lat' dir='ltr'>S.</span> <span class='ocrx_word' id='word_1_280' title='bbox 310 1977 355 2001; x_wconf 88' lang='lat' dir='ltr'>zu</span> <span class='ocrx_word' id='word_1_281' title='bbox 382 1978 440 2012; x_wconf 87' lang='lat' dir='ltr'>ep.</span> <span class='ocrx_word' id='word_1_282' title='bbox 457 1968 584 2009; x_wconf 89' lang='lat' dir='ltr'>CCCI,</span> <span class='ocrx_word' id='word_1_283' title='bbox 608 1969 643 2002; x_wconf 87' lang='grc'>3.</span> <span class='ocrx_word' id='word_1_284' title='bbox 670 1987 715 1992; x_wconf 94' lang='lat'>—-</span> <span class='ocrx_word' id='word_1_285' title='bbox 761 1968 927 2002; x_wconf 77' lang='lat' dir='ltr'>Lentulo.</span> <span class='ocrx_word' id='word_1_286' title='bbox 967 1967 1005 2002; x_wconf 89' lang='lat' dir='ltr'>S.</span> <span class='ocrx_word' id='word_1_287' title='bbox 1031 1978 1076 2001; x_wconf 89' lang='lat' dir='ltr'>zu</span> <span class='ocrx_word' id='word_1_288' title='bbox 1102 1979 1161 2012; x_wconf 90' lang='lat' dir='ltr'>ep.</span> <span class='ocrx_word' id='word_1_289' title='bbox 1181 1969 1290 2002; x_wconf 87' lang='lat' dir='ltr'>XCII</span> <span class='ocrx_word' id='word_1_290' title='bbox 1321 1968 1370 2002; x_wconf 88' lang='lat' dir='ltr'>im</span> <span class='ocrx_word' id='word_1_291' title='bbox 1394 1969 1478 2002; x_wconf 92' lang='lat' dir='ltr'>Anf.</span> <span class='ocrx_word' id='word_1_292' title='bbox 1513 1969 1620 2003; x_wconf 87' lang='lat' dir='ltr'>Caes.</span> <span class='ocrx_word' id='word_1_293' title='bbox 1646 1969 1692 2002; x_wconf 90' lang='lat' dir='ltr'>de</span> 
     </span>
     <span class='ocr_line' id='line_1_35' title="bbox 244 2013 1691 2056; baseline 0.001 -9"><span class='ocrx_word' id='word_1_294' title='bbox 244 2014 286 2046; x_wconf 81' lang='grc' dir='ltr'><strong>Β.</strong></span> <span class='ocrx_word' id='word_1_295' title='bbox 315 2013 393 2047; x_wconf 82' lang='lat' dir='ltr'>Civ.</span> <span class='ocrx_word' id='word_1_296' title='bbox 422 2015 461 2055; x_wconf 90' lang='lat'>1,</span> <span class='ocrx_word' id='word_1_297' title='bbox 493 2014 548 2048; x_wconf 88' lang='lat'>15.</span> <span class='ocrx_word' id='word_1_298' title='bbox 573 2014 630 2047; x_wconf 82' lang='lat'>22.</span> <span class='ocrx_word' id='word_1_299' title='bbox 665 2015 742 2056; x_wconf 84' lang='grc' dir='ltr'>ΙΙΙ,</span> <span class='ocrx_word' id='word_1_300' title='bbox 768 2015 842 2049; x_wconf 79' lang='grc'><strong>162.</strong></span> <span class='ocrx_word' id='word_1_301' title='bbox 881 2014 925 2047; x_wconf 84' lang='lat' dir='ltr'>ad</span> <span class='ocrx_word' id='word_1_302' title='bbox 955 2014 1068 2048; x_wconf 87' lang='lat' dir='ltr'>Attic.</span> <span class='ocrx_word' id='word_1_303' title='bbox 1095 2015 1250 2056; x_wconf 62' lang='lat' dir='ltr'>IX‚sl‹l.</span> <span class='ocrx_word' id='word_1_304' title='bbox 1278 2015 1333 2049; x_wconf 86' lang='lat'>13.</span> <span class='ocrx_word' id='word_1_305' title='bbox 1365 2015 1411 2048; x_wconf 88' lang='lat' dir='ltr'>ad</span> <span class='ocrx_word' id='word_1_306' title='bbox 1441 2015 1571 2049; x_wconf 85' lang='lat' dir='ltr'>Famil.</span> <span class='ocrx_word' id='word_1_307' title='bbox 1601 2015 1691 2055; x_wconf 86' lang='grc' dir='ltr'>ΧΗ,</span> 
     </span>
     <span class='ocr_line' id='line_1_36' title="bbox 245 2059 1690 2105; baseline 0.002 -12"><span class='ocrx_word' id='word_1_308' title='bbox 245 2061 298 2093; x_wconf 77' lang='lat'>14.</span> <span class='ocrx_word' id='word_1_309' title='bbox 329 2079 369 2085; x_wconf 90' lang='lat'>—</span> <span class='ocrx_word' id='word_1_310' title='bbox 417 2059 581 2094; x_wconf 66' lang='lat' dir='ltr'>Thermo.</span> <span class='ocrx_word' id='word_1_311' title='bbox 607 2059 645 2094; x_wconf 81' lang='lat' dir='ltr'>S.</span> <span class='ocrx_word' id='word_1_312' title='bbox 668 2072 713 2094; x_wconf 89' lang='lat' dir='ltr'>zu</span> <span class='ocrx_word' id='word_1_313' title='bbox 732 2071 790 2104; x_wconf 87' lang='lat' dir='ltr'>ep.</span> <span class='ocrx_word' id='word_1_314' title='bbox 809 2061 987 2095; x_wconf 81' lang='lat' dir='ltr'>CCXXX</span> <span class='ocrx_word' id='word_1_315' title='bbox 1011 2061 1059 2094; x_wconf 85' lang='lat' dir='ltr'>im</span> <span class='ocrx_word' id='word_1_316' title='bbox 1086 2060 1172 2093; x_wconf 73' lang='lat' dir='ltr'>Ans.</span> <span class='ocrx_word' id='word_1_317' title='bbox 1199 2061 1274 2093; x_wconf 80' lang='lat' dir='ltr'>Zur</span> <span class='ocrx_word' id='word_1_318' title='bbox 1292 2059 1413 2094; x_wconf 84' lang='lat' dir='ltr'>Sache</span> <span class='ocrx_word' id='word_1_319' title='bbox 1438 2062 1513 2105; x_wconf 84' lang='lat' dir='ltr'>vgl.</span> <span class='ocrx_word' id='word_1_320' title='bbox 1538 2073 1596 2105; x_wconf 91' lang='lat' dir='ltr'>ep.</span> <span class='ocrx_word' id='word_1_321' title='bbox 1610 2062 1690 2104; x_wconf 72' lang='lat'><strong>334,</strong></span> 
     </span>
     <span class='ocr_line' id='line_1_37' title="bbox 245 2106 1692 2151; baseline 0.001 -12"><span class='ocrx_word' id='word_1_322' title='bbox 245 2106 399 2148; x_wconf 81' lang='lat' dir='ltr'>Anlage.</span> <span class='ocrx_word' id='word_1_323' title='bbox 426 2107 471 2139; x_wconf 82' lang='lat' dir='ltr'>A.</span> <span class='ocrx_word' id='word_1_324' title='bbox 495 2125 540 2131; x_wconf 89' lang='lat'>-</span> <span class='ocrx_word' id='word_1_325' title='bbox 587 2106 771 2150; x_wconf 68' lang='lat' dir='ltr'>improbos</span> <span class='ocrx_word' id='word_1_326' title='bbox 796 2107 875 2140; x_wconf 88' lang='lat' dir='ltr'>scil.</span> <span class='ocrx_word' id='word_1_327' title='bbox 903 2107 1024 2150; x_wconf 81' lang='lat' dir='ltr'>cives,</span> <span class='ocrx_word' id='word_1_328' title='bbox 1056 2107 1234 2140; x_wconf 79' lang='lat' dir='ltr'>homines.</span> <span class='ocrx_word' id='word_1_329' title='bbox 1265 2106 1512 2150; x_wconf 77' lang='lat' dir='ltr'>improborum</span> <span class='ocrx_word' id='word_1_330' title='bbox 1536 2113 1692 2151; x_wconf 84' lang='lat' dir='ltr'>propter</span> 
     </span>
     <span class='ocr_line' id='line_1_38' title="bbox 246 2152 1695 2198; baseline 0.001 -13"><span class='ocrx_word' id='word_1_331' title='bbox 246 2152 421 2185; x_wconf 83' lang='lat' dir='ltr'>bonorum</span> <span class='ocrx_word' id='word_1_332' title='bbox 444 2153 568 2186; x_wconf 87' lang='lat' dir='ltr'>Lamb.</span> <span class='ocrx_word' id='word_1_333' title='bbox 595 2164 695 2198; x_wconf 78' lang='lat' dir='ltr'>susp.</span> <span class='ocrx_word' id='word_1_334' title='bbox 721 2153 829 2197; x_wconf 85' lang='lat' dir='ltr'>prob.</span> <span class='ocrx_word' id='word_1_335' title='bbox 856 2153 946 2187; x_wconf 90' lang='lat' dir='ltr'>Ern.</span> <span class='ocrx_word' id='word_1_336' title='bbox 966 2172 1005 2177; x_wconf 89' lang='lat'>—</span> <span class='ocrx_word' id='word_1_337' title='bbox 1043 2153 1147 2196; x_wconf 78' lang='lat' dir='ltr'>quusi</span> <span class='ocrx_word' id='word_1_338' title='bbox 1164 2163 1260 2195; x_wconf 82' lang='lat' dir='ltr'>perc.</span> <span class='ocrx_word' id='word_1_339' title='bbox 1276 2177 1285 2195; x_wconf 91' lang='lat'>,</span> <span class='ocrx_word' id='word_1_340' title='bbox 1313 2152 1387 2186; x_wconf 81' lang='lat' dir='ltr'>wie</span> <span class='ocrx_word' id='word_1_341' title='bbox 1412 2163 1479 2186; x_wconf 86' lang='lat' dir='ltr'>vor</span> <span class='ocrx_word' id='word_1_342' title='bbox 1504 2153 1574 2186; x_wconf 85' lang='lat' dir='ltr'>den</span> <span class='ocrx_word' id='word_1_343' title='bbox 1589 2153 1695 2197; x_wconf 83' lang='lat' dir='ltr'>Kopf</span> 
     </span>
     <span class='ocr_line' id='line_1_39' title="bbox 244 2197 1690 2243; baseline 0.002 -11"><span class='ocrx_word' id='word_1_344' title='bbox 244 2198 484 2241; x_wconf 79' lang='lat' dir='ltr'>geschlagen,</span> <span class='ocrx_word' id='word_1_345' title='bbox 509 2210 591 2231; x_wconf 80' lang='lat' dir='ltr'>vom</span> <span class='ocrx_word' id='word_1_346' title='bbox 611 2199 767 2233; x_wconf 86' lang='lat' dir='ltr'>Donner</span> <span class='ocrx_word' id='word_1_347' title='bbox 783 2200 950 2243; x_wconf 78' lang='lat' dir='ltr'>geriihrt.</span> <span class='ocrx_word' id='word_1_348' title='bbox 966 2217 1002 2223; x_wconf 93' lang='lat'>—</span> <span class='ocrx_word' id='word_1_349' title='bbox 1046 2199 1116 2233; x_wconf 90' lang='lat' dir='ltr'>M’.</span> <span class='ocrx_word' id='word_1_350' title='bbox 1134 2198 1323 2241; x_wconf 76' lang='lat' dir='ltr'>Lepidum.</span> <span class='ocrx_word' id='word_1_351' title='bbox 1347 2197 1385 2232; x_wconf 90' lang='lat' dir='ltr'>S.</span> <span class='ocrx_word' id='word_1_352' title='bbox 1403 2209 1449 2232; x_wconf 91' lang='lat' dir='ltr'>zu</span> <span class='ocrx_word' id='word_1_353' title='bbox 1475 2210 1534 2243; x_wconf 87' lang='lat' dir='ltr'>ep.</span> <span class='ocrx_word' id='word_1_354' title='bbox 1547 2199 1690 2242; x_wconf 86' lang='lat' dir='ltr'>CCCV,</span> 
     </span>
     <span class='ocr_line' id='line_1_40' title="bbox 245 2244 1690 2290; baseline 0.002 -13"><span class='ocrx_word' id='word_1_355' title='bbox 245 2245 276 2278; x_wconf 76' lang='lat'>4.</span> <span class='ocrx_word' id='word_1_356' title='bbox 311 2244 365 2277; x_wconf 87' lang='lat' dir='ltr'>Er</span> <span class='ocrx_word' id='word_1_357' title='bbox 389 2255 466 2277; x_wconf 83' lang='lat' dir='ltr'>war</span> <span class='ocrx_word' id='word_1_358' title='bbox 490 2246 556 2279; x_wconf 73' lang='lat'>688</span> <span class='ocrx_word' id='word_1_359' title='bbox 581 2245 720 2279; x_wconf 87' lang='lat' dir='ltr'>Consul</span> <span class='ocrx_word' id='word_1_360' title='bbox 744 2256 929 2290; x_wconf 83' lang='lat' dir='ltr'>gewesen.</span> <span class='ocrx_word' id='word_1_361' title='bbox 964 2245 1002 2279; x_wconf 89' lang='lat' dir='ltr'>S.</span> <span class='ocrx_word' id='word_1_362' title='bbox 1023 2245 1067 2278; x_wconf 91' lang='lat' dir='ltr'>ad</span> <span class='ocrx_word' id='word_1_363' title='bbox 1080 2244 1193 2278; x_wconf 86' lang='lat' dir='ltr'>Attic.</span> <span class='ocrx_word' id='word_1_364' title='bbox 1211 2244 1319 2286; x_wconf 87' lang='lat' dir='ltr'>VIII,</span> <span class='ocrx_word' id='word_1_365' title='bbox 1345 2246 1378 2279; x_wconf 84' lang='lat'>6.</span> <span class='ocrx_word' id='word_1_366' title='bbox 1410 2245 1519 2279; x_wconf 88' lang='lat' dir='ltr'>Catil.</span> <span class='ocrx_word' id='word_1_367' title='bbox 1537 2246 1570 2285; x_wconf 87' lang='lat'>1,</span> <span class='ocrx_word' id='word_1_368' title='bbox 1596 2247 1628 2280; x_wconf 88' lang='grc'>6.</span> <span class='ocrx_word' id='word_1_369' title='bbox 1645 2265 1690 2271; x_wconf 90' lang='grc'>-</span> 
     </span>
     <span class='ocr_line' id='line_1_41' title="bbox 245 2289 1687 2335; baseline 0.001 -11"><span class='ocrx_word' id='word_1_370' title='bbox 245 2289 286 2324; x_wconf 88' lang='lat' dir='ltr'>L.</span> <span class='ocrx_word' id='word_1_371' title='bbox 312 2290 492 2324; x_wconf 85' lang='lat' dir='ltr'>Manlium</span> <span class='ocrx_word' id='word_1_372' title='bbox 521 2291 752 2334; x_wconf 78' lang='lat' dir='ltr'>Torquatum.</span> <span class='ocrx_word' id='word_1_373' title='bbox 784 2291 822 2326; x_wconf 91' lang='lat' dir='ltr'>S.</span> <span class='ocrx_word' id='word_1_374' title='bbox 846 2302 891 2325; x_wconf 85' lang='lat' dir='ltr'>zu</span> <span class='ocrx_word' id='word_1_375' title='bbox 919 2302 976 2335; x_wconf 87' lang='lat' dir='ltr'>ep.</span> <span class='ocrx_word' id='word_1_376' title='bbox 992 2291 1137 2331; x_wconf 84' lang='lat' dir='ltr'>CCCV,</span> <span class='ocrx_word' id='word_1_377' title='bbox 1162 2290 1193 2323; x_wconf 76' lang='lat'>4.</span> <span class='ocrx_word' id='word_1_378' title='bbox 1220 2308 1264 2314; x_wconf 92' lang='lat'><em>-</em></span> <span class='ocrx_word' id='word_1_379' title='bbox 1312 2290 1352 2324; x_wconf 86' lang='lat' dir='ltr'>C.</span> <span class='ocrx_word' id='word_1_380' title='bbox 1373 2290 1548 2325; x_wconf 79' lang='lat' dir='ltr'>Cassium.</span> <span class='ocrx_word' id='word_1_381' title='bbox 1581 2291 1619 2326; x_wconf 88' lang='lat' dir='ltr'>S.</span> <span class='ocrx_word' id='word_1_382' title='bbox 1641 2301 1687 2325; x_wconf 87' lang='lat' dir='ltr'>zu</span> 
     </span>
     <span class='ocr_line' id='line_1_42' title="bbox 246 2335 1685 2379; baseline 0.001 -10"><span class='ocrx_word' id='word_1_383' title='bbox 246 2346 302 2379; x_wconf 85' lang='lat' dir='ltr'>ep.</span> <span class='ocrx_word' id='word_1_384' title='bbox 321 2336 570 2379; x_wconf 87' lang='lat' dir='ltr'>CCCXVIII,</span> <span class='ocrx_word' id='word_1_385' title='bbox 595 2337 628 2371; x_wconf 86' lang='lat'>2.</span> <span class='ocrx_word' id='word_1_386' title='bbox 653 2357 696 2362; x_wconf 95' lang='lat'>—</span> <span class='ocrx_word' id='word_1_387' title='bbox 744 2337 801 2377; x_wconf 73' lang='lat' dir='ltr'>hi,</span> <span class='ocrx_word' id='word_1_388' title='bbox 833 2338 919 2372; x_wconf 77' lang='lat' dir='ltr'>Asc.</span> <span class='ocrx_word' id='word_1_389' title='bbox 937 2339 970 2370; x_wconf 90' lang='lat'>1.</span> <span class='ocrx_word' id='word_1_390' title='bbox 1001 2337 1101 2370; x_wconf 85' lang='lat' dir='ltr'>Crat.</span> <span class='ocrx_word' id='word_1_391' title='bbox 1128 2335 1226 2371; x_wconf 72' lang='lat' dir='ltr'>vict.</span> <span class='ocrx_word' id='word_1_392' title='bbox 1246 2338 1277 2369; x_wconf 91' lang='lat'>1.</span> <span class='ocrx_word' id='word_1_393' title='bbox 1307 2337 1432 2371; x_wconf 87' lang='lat' dir='ltr'>Lamb.</span> <span class='ocrx_word' id='word_1_394' title='bbox 1460 2338 1491 2371; x_wconf 80' lang='lat' dir='ltr'>ii</span> <span class='ocrx_word' id='word_1_395' title='bbox 1513 2337 1618 2372; x_wconf 82' lang='lat' dir='ltr'>enim.</span> <span class='ocrx_word' id='word_1_396' title='bbox 1644 2357 1685 2362; x_wconf 94' lang='lat'>—</span> 
     </span>
     <span class='ocr_line' id='line_1_43' title="bbox 244 2381 1685 2427; baseline 0.002 -12"><span class='ocrx_word' id='word_1_397' title='bbox 244 2383 314 2416; x_wconf 76' lang='lat' dir='ltr'>illa</span> <span class='ocrx_word' id='word_1_398' title='bbox 330 2382 460 2416; x_wconf 86' lang='lat' dir='ltr'>weiset</span> <span class='ocrx_word' id='word_1_399' title='bbox 475 2384 533 2416; x_wconf 78' lang='lat' dir='ltr'>aui</span> <span class='ocrx_word' id='word_1_400' title='bbox 553 2393 618 2415; x_wconf 83' lang='lat' dir='ltr'>nos</span> <span class='ocrx_word' id='word_1_401' title='bbox 634 2394 754 2417; x_wconf 80' lang='lat' dir='ltr'>onmes</span> <span class='ocrx_word' id='word_1_402' title='bbox 766 2395 880 2427; x_wconf 80' lang='lat' dir='ltr'>paene</span> <span class='ocrx_word' id='word_1_403' title='bbox 895 2390 964 2417; x_wconf 87' lang='lat' dir='ltr'>cet.</span> <span class='ocrx_word' id='word_1_404' title='bbox 989 2401 1030 2407; x_wconf 94' lang='lat'>—</span> <span class='ocrx_word' id='word_1_405' title='bbox 1062 2383 1101 2416; x_wconf 82' lang='lat' dir='ltr'>in</span> <span class='ocrx_word' id='word_1_406' title='bbox 1119 2393 1200 2425; x_wconf 85' lang='lat' dir='ltr'>quo,</span> <span class='ocrx_word' id='word_1_407' title='bbox 1227 2381 1289 2415; x_wconf 89' lang='lat' dir='ltr'>bei</span> <span class='ocrx_word' id='word_1_408' title='bbox 1310 2382 1450 2417; x_wconf 85' lang='lat' dir='ltr'>diesem</span> <span class='ocrx_word' id='word_1_409' title='bbox 1467 2383 1685 2418; x_wconf 85' lang='lat' dir='ltr'>Gedanken.</span> 
     </span>
     <span class='ocr_line' id='line_1_44' title="bbox 244 2427 1594 2472; baseline 0.001 -11"><span class='ocrx_word' id='word_1_410' title='bbox 244 2446 289 2453; x_wconf 89' lang='lat'><strong>—</strong></span> <span class='ocrx_word' id='word_1_411' title='bbox 325 2427 426 2462; x_wconf 74' lang='lat' dir='ltr'>Victi</span> <span class='ocrx_word' id='word_1_412' title='bbox 449 2435 517 2462; x_wconf 86' lang='lat' dir='ltr'>cet.</span> <span class='ocrx_word' id='word_1_413' title='bbox 554 2428 694 2472; x_wconf 82' lang='lat' dir='ltr'>Figura</span> <span class='ocrx_word' id='word_1_414' title='bbox 718 2431 922 2464; x_wconf 75' lang='grc' dir='ltr'><strong>ἀσύνδετον.</strong></span> <span class='ocrx_word' id='word_1_415' title='bbox 950 2428 986 2463; x_wconf 90' lang='lat' dir='ltr'>S.</span> <span class='ocrx_word' id='word_1_416' title='bbox 1011 2429 1156 2461; x_wconf 55' lang='lat' dir='ltr'>Rarum.</span> <span class='ocrx_word' id='word_1_417' title='bbox 1185 2430 1211 2470; x_wconf 59' lang='grc' dir='ltr'>ς’.</span> <span class='ocrx_word' id='word_1_418' title='bbox 1231 2429 1309 2471; x_wconf 76' lang='lat'><strong>206,</strong></span> <span class='ocrx_word' id='word_1_419' title='bbox 1334 2430 1373 2470; x_wconf 91' lang='lat' dir='ltr'>C,</span> <span class='ocrx_word' id='word_1_420' title='bbox 1399 2430 1434 2471; x_wconf 86' lang='lat'>2,</span> <span class='ocrx_word' id='word_1_421' title='bbox 1457 2430 1543 2464; x_wconf 87' lang='lat' dir='ltr'>Not.</span> <span class='ocrx_word' id='word_1_422' title='bbox 1561 2431 1594 2464; x_wconf 84' lang='lat'>2.</span> 
     </span>
    </p>

    <p class='ocr_par' dir='ltr' id='par_1_9' title="bbox 230 2474 1685 2798">
     <span class='ocr_line' id='line_1_45' title="bbox 334 2474 1684 2518; baseline 0.001 -11"><span class='ocrx_word' id='word_1_423' title='bbox 334 2474 366 2508; x_wconf 88' lang='lat'>2.</span> <span class='ocrx_word' id='word_1_424' title='bbox 400 2475 641 2518; x_wconf 69' lang='lat' dir='ltr'>remittebant,</span> <span class='ocrx_word' id='word_1_425' title='bbox 674 2475 894 2509; x_wconf 84' lang='lat' dir='ltr'>remissurus</span> <span class='ocrx_word' id='word_1_426' title='bbox 920 2477 1039 2508; x_wconf 74' lang='lat' dir='ltr'>eram.¹</span> <span class='ocrx_word' id='word_1_427' title='bbox 1070 2474 1107 2508; x_wconf 86' lang='lat' dir='ltr'>S.</span> <span class='ocrx_word' id='word_1_428' title='bbox 1135 2475 1285 2508; x_wconf 73' lang='lat' dir='ltr'>Rainsh.</span> <span class='ocrx_word' id='word_1_429' title='bbox 1311 2475 1338 2517; x_wconf 82' lang='lat'>§.</span> <span class='ocrx_word' id='word_1_430' title='bbox 1356 2477 1435 2518; x_wconf 83' lang='lat'><strong>163,</strong></span> <span class='ocrx_word' id='word_1_431' title='bbox 1458 2478 1491 2511; x_wconf 86' lang='lat'>3.</span> <span class='ocrx_word' id='word_1_432' title='bbox 1519 2495 1561 2500; x_wconf 97' lang='lat'><strong>—</strong></span> <span class='ocrx_word' id='word_1_433' title='bbox 1607 2486 1684 2508; x_wconf 83' lang='lat' dir='ltr'>ser-</span> 
     </span>
     <span class='ocr_line' id='line_1_46' title="bbox 243 2521 1685 2565; baseline 0.001 -12"><span class='ocrx_word' id='word_1_434' title='bbox 243 2530 404 2564; x_wconf 77' lang='lat' dir='ltr'>monem,</span> <span class='ocrx_word' id='word_1_435' title='bbox 432 2521 591 2555; x_wconf 80' lang='lat' dir='ltr'>Gerede.</span> <span class='ocrx_word' id='word_1_436' title='bbox 643 2521 730 2564; x_wconf 78' lang='lat' dir='ltr'>Vgl.</span> <span class='ocrx_word' id='word_1_437' title='bbox 758 2533 814 2565; x_wconf 86' lang='lat' dir='ltr'>ep.</span> <span class='ocrx_word' id='word_1_438' title='bbox 830 2521 1039 2563; x_wconf 82' lang='lat' dir='ltr'>CCCVHI,</span> <span class='ocrx_word' id='word_1_439' title='bbox 1065 2523 1096 2555; x_wconf 80' lang='lat'>3.</span> <span class='ocrx_word' id='word_1_440' title='bbox 1136 2521 1321 2562; x_wconf 63' lang='lat' dir='ltr'><strong>CCCVH,</strong></span> <span class='ocrx_word' id='word_1_441' title='bbox 1347 2523 1380 2556; x_wconf 83' lang='lat'>3.</span> <span class='ocrx_word' id='word_1_442' title='bbox 1405 2541 1449 2547; x_wconf 94' lang='lat'>—-</span> <span class='ocrx_word' id='word_1_443' title='bbox 1501 2523 1543 2555; x_wconf 85' lang='lat' dir='ltr'>de</span> <span class='ocrx_word' id='word_1_444' title='bbox 1575 2532 1685 2555; x_wconf 78' lang='lat' dir='ltr'>causa</span> 
     </span>
     <span class='ocr_line' id='line_1_47' title="bbox 238 2566 1684 2612; baseline 0.001 -13"><span class='ocrx_word' id='word_1_445' title='bbox 238 2566 386 2609; x_wconf 85' lang='lat' dir='ltr'>publica</span> <span class='ocrx_word' id='word_1_446' title='bbox 418 2567 442 2601; x_wconf 90' lang='lat' dir='ltr'>i.</span> <span class='ocrx_word' id='word_1_447' title='bbox 469 2578 502 2601; x_wconf 89' lang='lat' dir='ltr'>e.</span> <span class='ocrx_word' id='word_1_448' title='bbox 536 2567 845 2612; x_wconf 83' lang='lat' dir='ltr'>Pompeianarum</span> <span class='ocrx_word' id='word_1_449' title='bbox 879 2566 1048 2611; x_wconf 77' lang='lat' dir='ltr'>partium.</span> <span class='ocrx_word' id='word_1_450' title='bbox 1096 2567 1177 2607; x_wconf 76' lang='lat' dir='ltr'>„als</span> <span class='ocrx_word' id='word_1_451' title='bbox 1208 2567 1308 2600; x_wconf 64' lang='lat' dir='ltr'>hatte</span> <span class='ocrx_word' id='word_1_452' title='bbox 1334 2567 1392 2600; x_wconf 83' lang='lat' dir='ltr'>ich</span> <span class='ocrx_word' id='word_1_453' title='bbox 1419 2568 1511 2601; x_wconf 81' lang='lat' dir='ltr'>iiber</span> <span class='ocrx_word' id='word_1_454' title='bbox 1534 2568 1594 2601; x_wconf 91' lang='lat' dir='ltr'>die</span> <span class='ocrx_word' id='word_1_455' title='bbox 1618 2579 1684 2611; x_wconf 83' lang='lat' dir='ltr'>ge-</span> 
     </span>
     <span class='ocr_line' id='line_1_48' title="bbox 240 2612 1683 2656; baseline 0.001 -11"><span class='ocrx_word' id='word_1_456' title='bbox 240 2613 360 2646; x_wconf 88' lang='lat' dir='ltr'>meine</span> <span class='ocrx_word' id='word_1_457' title='bbox 375 2612 494 2647; x_wconf 79' lang='lat' dir='ltr'>Sache</span> <span class='ocrx_word' id='word_1_458' title='bbox 519 2614 632 2647; x_wconf 86' lang='lat' dir='ltr'>sehon</span> <span class='ocrx_word' id='word_1_459' title='bbox 657 2613 753 2646; x_wconf 87' lang='lat' dir='ltr'>mein</span> <span class='ocrx_word' id='word_1_460' title='bbox 766 2614 911 2646; x_wconf 73' lang='lat' dir='ltr'>Urtheil</span> <span class='ocrx_word' id='word_1_461' title='bbox 936 2613 1167 2656; x_wconf 56' lang='lat' dir='ltr'>gosprochen</span> <span class='ocrx_word' id='word_1_462' title='bbox 1193 2613 1260 2646; x_wconf 82' lang='lat' dir='ltr'>d.i.</span> <span class='ocrx_word' id='word_1_463' title='bbox 1289 2613 1343 2646; x_wconf 67' lang='lat' dir='ltr'>sie</span> <span class='ocrx_word' id='word_1_464' title='bbox 1358 2614 1411 2647; x_wconf 85' lang='lat' dir='ltr'>als</span> <span class='ocrx_word' id='word_1_465' title='bbox 1429 2614 1683 2656; x_wconf 77' lang='lat' dir='ltr'>hoffnungslos</span> 
     </span>
     <span class='ocr_line' id='line_1_49' title="bbox 236 2659 1682 2703; baseline 0.001 -12"><span class='ocrx_word' id='word_1_466' title='bbox 236 2659 482 2703; x_wconf 80' lang='lat' dir='ltr'>ausgegeben.</span> <span class='ocrx_word' id='word_1_467' title='bbox 500 2678 543 2684; x_wconf 87' lang='lat'>—</span> <span class='ocrx_word' id='word_1_468' title='bbox 575 2671 644 2703; x_wconf 80' lang='lat' dir='ltr'>qua</span> <span class='ocrx_word' id='word_1_469' title='bbox 667 2661 853 2702; x_wconf 75' lang='lat' dir='ltr'>desperata</span> <span class='ocrx_word' id='word_1_470' title='bbox 879 2666 967 2700; x_wconf 83' lang='lat' dir='ltr'>cet.‚</span> <span class='ocrx_word' id='word_1_471' title='bbox 994 2659 1087 2692; x_wconf 77' lang='lat' dir='ltr'>nach</span> <span class='ocrx_word' id='word_1_472' title='bbox 1110 2659 1222 2692; x_wconf 81' lang='lat' dir='ltr'>deren</span> <span class='ocrx_word' id='word_1_473' title='bbox 1239 2659 1461 2702; x_wconf 73' lang='lat' dir='ltr'>Aufgebung</span> <span class='ocrx_word' id='word_1_474' title='bbox 1481 2660 1541 2693; x_wconf 85' lang='lat' dir='ltr'>die</span> <span class='ocrx_word' id='word_1_475' title='bbox 1556 2660 1682 2694; x_wconf 68' lang='lat' dir='ltr'>Riick-</span> 
     </span>
     <span class='ocr_line' id='line_1_50' title="bbox 230 2703 1680 2749; baseline 0.001 -10"><span class='ocrx_word' id='word_1_476' title='bbox 230 2703 330 2748; x_wconf 42' lang='lat' dir='ltr'>,kehr</span> <span class='ocrx_word' id='word_1_477' title='bbox 354 2706 496 2739; x_wconf 88' lang='lat' dir='ltr'>meiner</span> <span class='ocrx_word' id='word_1_478' title='bbox 520 2706 816 2739; x_wconf 83' lang='lat' dir='ltr'>Frauenzimmer</span> <span class='ocrx_word' id='word_1_479' title='bbox 840 2705 893 2738; x_wconf 78' lang='lat' dir='ltr'>als</span> <span class='ocrx_word' id='word_1_480' title='bbox 919 2705 986 2738; x_wconf 81' lang='lat' dir='ltr'>der</span> <span class='ocrx_word' id='word_1_481' title='bbox 1011 2712 1107 2737; x_wconf 78' lang='lat' dir='ltr'>eiste</span> <span class='ocrx_word' id='word_1_482' title='bbox 1122 2705 1262 2738; x_wconf 69' lang='lat' dir='ltr'>Scliritt</span> <span class='ocrx_word' id='word_1_483' title='bbox 1288 2716 1332 2739; x_wconf 84' lang='lat' dir='ltr'>zu</span> <span class='ocrx_word' id='word_1_484' title='bbox 1358 2706 1498 2739; x_wconf 86' lang='lat' dir='ltr'>meiner</span> <span class='ocrx_word' id='word_1_485' title='bbox 1524 2706 1680 2749; x_wconf 82' lang='lat' dir='ltr'>eigenen</span> 
     </span>
     <span class='ocr_line' id='line_1_51' title="bbox 232 2748 1678 2798; baseline 0.003 -15"><span class='ocrx_word' id='word_1_486' title='bbox 232 2748 435 2786; x_wconf 71' lang='lat' dir='ltr'>Ruckkehr</span> <span class='ocrx_word' id='word_1_487' title='bbox 467 2753 677 2787; x_wconf 82' lang='lat' dir='ltr'>anzusehen</span> <span class='ocrx_word' id='word_1_488' title='bbox 712 2751 778 2786; x_wconf 82' lang='lat' dir='ltr'>sei.</span> <span class='ocrx_word' id='word_1_489' title='bbox 804 2770 847 2776; x_wconf 87' lang='lat'>-—</span> <span class='ocrx_word' id='word_1_490' title='bbox 891 2762 960 2795; x_wconf 81' lang='lat' dir='ltr'>pro</span> <span class='ocrx_word' id='word_1_491' title='bbox 993 2762 1060 2795; x_wconf 84' lang='lat' dir='ltr'>quo</span> <span class='ocrx_word' id='word_1_492' title='bbox 1091 2752 1224 2794; x_wconf 82' lang='lat' dir='ltr'>emori,</span> <span class='ocrx_word' id='word_1_493' title='bbox 1258 2757 1532 2787; x_wconf 67' lang='grc' dir='ltr'>συναποθανεῖν</span> <span class='ocrx_word' id='word_1_494' title='bbox 1560 2753 1595 2786; x_wconf 90' lang='lat' dir='ltr'>in</span> <span class='ocrx_word' id='word_1_495' title='bbox 1621 2762 1678 2798; x_wconf 84' lang='lat' dir='ltr'>ep.</span> 
     </span>
    </p>
   </div>
   <div class='ocr_carea' id='block_1_8' title="bbox 953 1814 1602 1818">
    <p class='ocr_par' dir='ltr' id='par_1_10' title="bbox 953 1814 1602 1818">
     <span class='ocr_line' id='line_1_52' title="bbox 953 1814 1602 1818; baseline 0 0"><span class='ocrx_word' id='word_1_496' title='bbox 953 1814 1602 1818; x_wconf 95' lang='lat' dir='ltr'> </span> 
     </span>
    </p>
   </div>
   <div class='ocr_carea' id='block_1_9' title="bbox 1602 1814 1701 1820">
    <p class='ocr_par' dir='ltr' id='par_1_11' title="bbox 1602 1814 1701 1820">
     <span class='ocr_line' id='line_1_53' title="bbox 1602 1814 1701 1820; baseline 0 0"><span class='ocrx_word' id='word_1_497' title='bbox 1602 1814 1701 1820; x_wconf 95' lang='lat' dir='ltr'> </span> 
     </span>
    </p>
   </div>
  </div>
 </body>
</html>
