1795 3043
219 52 320 99 502
474 47 538 94 Μ.
574 47 629 92 Τ.
669 46 1005 94 CICERONIS
1038 45 1405 96 EPISTOLAE.

220 159 321 200 cilia
350 158 580 200 abiturum.
638 158 750 206 Quid
779 159 875 212 isti,
913 161 1106 214 inquam,
1144 172 1218 204 sex
1246 162 1308 203 tui
1335 160 1502 205 fasces?
1547 162 1585 203 si
1613 161 1668 204 ab

220 217 388 263 senatu,
429 227 505 256 cur
533 216 743 256 laureati?
801 218 837 258 si
867 217 918 258 ab
948 218 1060 270 ipso,
1097 230 1176 260 cur
1210 218 1310 261 sex?
1367 218 1570 272 „Cupivi‚
1606 220 1667 260 in-

220 274 334 324 quit,
363 285 414 312 ex
443 274 612 312 senatus
642 274 833 314 consulto
863 277 1074 327 surrepto:
1106 288 1203 317 nam
1231 277 1356 317 aliter
1383 288 1467 316 non
1487 277 1667 328 poterat.

219 330 275 371 At
302 330 377 369 ille
404 328 619 381 impendio
648 342 760 371 nunc
788 332 918 384 magis
948 332 1037 372 odit
1066 334 1266 374 senatum.
1322 333 1388 375 Ad
1417 334 1607 374 senatum
1643 346 1669 372 a

220 398 310 435 me,
339 386 502 438 inquit,
531 387 673 428 omnia
691 387 1055 440 proficiscentur.”
1114 390 1200 432 Cur
1219 391 1359 431 autem
1387 389 1490 431 sex?
1532 389 1671 442 „Quia

100 476 103 480 .
143 448 198 488 1⁰
221 441 442 484 duodecim
477 444 613 485 nolui:
661 457 759 485 nam
798 446 996 488 licebat.'’
1051 447 1158 489 Tum
1193 459 1295 500 ego,
1337 459 1463 500 quam
1500 447 1667 495 vellem,

219 500 412 551 inquam,
452 501 611 552 petisse
639 493 692 543 ab
723 514 794 555 eo,
834 504 945 555 quod
975 504 1100 545 audio
1129 505 1375 558 Philippum
1402 503 1668 558 impetrasse!

217 557 292 597 sed
319 557 478 599 veritus
507 571 619 611 sum,
649 559 747 611 quia
774 560 903 601 ille-a
932 574 999 602 me
1028 562 1138 602 nihil
1167 562 1430 615 impetrabat.
1488 560 1668 614 „Liben-

215 615 302 667 ter,
345 614 505 668 inquit,
553 616 634 656 tibi
668 617 953 658 concessisset.
1009 618 1163 659 Verum
1201 620 1303 672 puta
1337 621 1379 660 te
1408 619 1668 672 impetrasse:

217 683 295 724 ego
325 672 438 712 enim
468 672 520 713 ad
549 684 644 712 eum
670 672 872 726 scribam,
910 676 958 715 ut
987 676 1033 715 tu
1063 676 1152 727 ipse
1179 678 1321 725 voles,
1361 676 1413 717 de
1442 689 1491 716 ea
1519 687 1566 715 re
1593 687 1670 715 nos

216 727 332 768 inter
359 740 436 769 nos
464 730 640 770 locutos
698 730 807 778 Quid
836 733 975 772 autem
1001 732 1121 773 illius
1148 732 1351 782 interest,
1400 732 1596 786 quoniam
1623 731 1668 771 in
1703 734 1710 739 ”

215 786 407 826 senatum
440 798 525 827 non
567 786 709 840 venis,
755 786 831 828 ubi
873 788 957 831 sis?
1016 789 1126 836 Quin
1166 803 1278 830 nunc
1317 792 1456 842 ipsum
1499 789 1671 833 minime

216 839 461 883 offendisses
491 844 582 884 eius
611 856 801 894 causam,
831 846 866 886 si
895 845 940 885 in
959 846 1084 887 Italia
1112 859 1197 887 non
1223 847 1412 888 fuisses.”
1468 845 1535 887 Ad
1563 857 1671 898 quae

217 910 322 953 ego,
361 912 428 939 me
457 912 669 942 recessum
698 904 740 942 et
768 903 1035 944 solitudinem
1064 916 1295 956 quaerere,
1348 904 1528 945 maxime
1558 901 1670 955 quod

214 1011 348 1055 „quod
379 1011 412 1045 si
436 1012 639 1058 Pompeius
670 1024 713 1048 re
743 1025 833 1049 vera
863 1015 1018 1050 classem
1044 1015 1268 1050 confecisset
1294 1027 1374 1051 cum
1401 1024 1518 1058 eaque
1541 1014 1673 1049 Italiae

217 1056 296 1091 oris
335 1059 689 1104 appropinquaret.”
742 1061 847 1094 Idem
881 1068 937 1096 est
970 1069 1081 1105 atque
1104 1063 1175 1107 Ep.
1199 1064 1238 1106 7,
1268 1062 1297 1105 §.
1323 1063 1373 1097 2.:
1413 1062 1448 1095 si
1477 1061 1670 1105 Pompeius

163 1140 166 1144 ,
215 1103 398 1146 navigare
433 1108 617 1149 coepisset.
657 1106 852 1141 ORELLI.
893 1126 938 1133 —-
991 1119 1054 1142 sea:
1083 1109 1138 1142 tui
1168 1109 1296 1151 fasces.
1346 1109 1483 1143 Caesar
1516 1106 1671 1142 Curioni

167 1146 171 1154 ⁸
215 1147 385 1201 §iciliam
415 1151 645 1196 provinciam
677 1153 949 1196 assignaverat,
984 1166 1092 1198 quam
1124 1160 1349 1199 propraetor
1387 1153 1672 1196 administraret,

212 1195 376 1239 ndeoque
401 1203 439 1231 et
463 1197 582 1232 fasces
608 1203 648 1231 ut
672 1197 868 1242 imperium
893 1200 1043 1233 habenti
1068 1200 1236 1235 dederat.
1269 1200 1476 1235 MANUT.
1514 1218 1561 1225 -
1607 1210 1674 1234 cur

214 1241 401 1276 laureati?
446 1243 579 1286 Neque
615 1244 713 1277 enim
742 1244 919 1279 laureatis
955 1246 1151 1279 utebantur
1181 1245 1255 1280 nisi
1287 1253 1373 1290 post
1398 1245 1594 1279 victoriam
1625 1245 1674 1279 de

213 1286 386 1321 hostibus
409 1294 561 1332 partam.
609 1290 661 1322 At
686 1289 800 1323 Curio
824 1301 946 1333 neque
971 1291 1091 1325 adhuc
1114 1291 1309 1325 victoriam
1336 1291 1446 1325 ullam
1471 1298 1551 1324 erat
1572 1302 1674 1325 asse-

214 1338 323 1367 cutus
349 1340 386 1367 et
410 1334 549 1368 bellum
575 1345 656 1368 cum
682 1335 826 1370 civibus
851 1337 1017 1380 gerebat.
1048 1337 1254 1372 MANUT.
1278 1357 1324 1362 —
1360 1349 1425 1371 cur
1447 1338 1535 1370 sex?
1581 1338 1672 1371 Nam

215 1378 413 1414 duodecim
448 1385 556 1415 extra
588 1380 756 1416 ordinem
790 1389 827 1416 et
851 1383 990 1418 Paulus
1016 1383 1199 1418 Aemilius
1231 1383 1276 1417 ad
1308 1384 1446 1418 bellum
1485 1383 1674 1417 Ibericum

212 1426 458 1470 proficiscens
482 1438 570 1462 usus
595 1433 670 1470 est,
695 1429 794 1472 quod
821 1428 856 1462 in
877 1430 970 1464 urbe
995 1430 1210 1464 consulibus
1237 1436 1393 1473 tantum,
1419 1436 1527 1464 extra
1545 1430 1675 1464 urbem

214 1473 506 1517 proconsulibus
532 1474 682 1508 licebat.
714 1475 921 1510 MANUT.
964 1495 1007 1500 —
1058 1476 1209 1520 cupivi,
1241 1476 1305 1520 egi
1332 1487 1413 1510 cum
1439 1476 1601 1511 Caesare
1627 1476 1674 1510 de

214 1525 366 1553 senatus
403 1520 575 1554 consulto
607 1521 654 1554 ab
686 1521 814 1556 amicis
849 1528 886 1556 et
915 1522 1161 1556 familiaribus
1197 1523 1344 1556 occulte
1366 1522 1560 1564 faciendo,
1598 1533 1673 1567 quo

215 1563 308 1599 mihi
322 1564 490 1600 Siciliam
508 1565 739 1611 provinciam
759 1579 840 1602 cum
860 1568 1017 1612 imperio
1041 1575 1076 1603 et
1093 1567 1253 1603 fascibus
1270 1569 1388 1602 datam
1406 1574 1612 1611 constan-eu
1637 1573 1673 1602 at

214 1609 305 1654 ille,
333 1612 397 1654 qui
422 1623 519 1646 nunc
543 1613 687 1647 senatui
713 1619 770 1647 est
794 1614 954 1648 maxime
973 1615 1159 1656 infensus,
1186 1615 1238 1648 ita
1262 1615 1473 1659 respondit:
1503 1614 1675 1649 Senatum

214 1661 421 1700 contemne3
456 1669 478 1692 a
503 1670 558 1692 me
583 1659 706 1692 omnia
726 1661 1014 1703 proficiscentur.
1040 1661 1165 1695 MAN
1170 1660 1247 1694 UT.
1279 1680 1323 1686 -—
1369 1664 1548 1705 surrepto.
1580 1661 1674 1695 Nam

215 1703 250 1738 si
274 1704 395 1748 palam
412 1711 605 1748 ageretur,
631 1705 881 1750 Pompeianus
906 1706 1041 1751 aliquis
1066 1707 1234 1740 tribunus
1252 1707 1302 1751 pl.
1329 1713 1477 1741 senatus
1502 1707 1674 1741 consulto

214 1748 510 1794 intercessisset,
535 1758 575 1785 ut
598 1752 641 1787 L.
664 1752 862 1795 Metellus,
889 1752 951 1796 qui
969 1752 1108 1792 omnia,
1133 1763 1375 1796 quaecunque
1399 1753 1537 1788 Caesar
1561 1764 1674 1797 agere

217 1795 402 1838 instituit,
434 1797 704 1832 intercessione
730 1798 936 1843 impedivit.
978 1800 1044 1834 cfr.
1070 1810 1129 1843 ep.
1148 1800 1228 1834 367.
1255 1804 1291 1832 et
1317 1799 1423 1834 Caes.
1449 1799 1496 1832 de
1519 1799 1562 1834 B.
1591 1799 1670 1834 Civ.

217 1844 258 1880 1,
283 1844 342 1879 33.
366 1842 573 1879 MANUT.
613 1849 820 1888 surreptum
844 1844 979 1880 SCtum
1006 1851 1061 1880 est
1085 1845 1191 1879 malis
1211 1844 1351 1879 artibus
1377 1856 1418 1878 ac
1436 1844 1534 1879 dolis
1559 1856 1672 1889 quae-

217 1887 349 1931 situm,
396 1900 469 1924 non
504 1889 670 1933 legitime
700 1891 847 1925 sactum.
881 1891 987 1925 SCH.
1026 1910 1070 1916 —
1117 1891 1298 1935 impendio
1322 1903 1368 1924 =
1390 1891 1504 1925 multo
1537 1891 1672 1935 magis,

217 1934 291 1968 wie
316 1934 377 1969 bei
409 1936 560 1970 Terent.
586 1936 680 1971 Eun.
707 1937 786 1979 III,
820 1938 859 1979 5,
884 1939 940 1972 39.
976 1939 1097 1972 Plaut.
1126 1939 1214 1972 Aul.
1240 1938 1395 1981 Prolog.
1422 1939 1478 1972 18.
1525 1938 1672 1972 Gellius

217 1981 294 2024 XI,
322 1983 375 2016 18.
414 1982 571 2024 XVIII,
598 1983 653 2017 12.
704 1982 742 2017 S.
768 1983 915 2018 Ramsh.
943 1985 1073 2028 §.14:3,
1105 1986 1146 2027 3,
1180 1995 1213 2018 c.
1251 1985 1337 2027 155,
1368 1986 1408 2027 6,
1442 1984 1478 2018 b.
1518 2002 1562 2009 —-
1611 1985 1673 2018 Ad

216 2032 382 2062 senatum
406 2039 430 2062 α
451 2039 517 2062 me.
553 2028 617 2063 Sic
641 2029 718 2063 Md.
745 2041 766 2063 a
791 2041 848 2075 pr.
873 2042 918 2064 m.
946 2031 1037 2066 Cod.
1064 2031 1243 2064 Tornaes.
1269 2031 1394 2064 Lamb.
1420 2030 1550 2064 Recte.
1589 2031 1672 2064 Hoc

218 2073 329 2108 dicit:
363 2086 439 2118 „ex
470 2075 542 2109 hoc
574 2081 740 2121 tempore
771 2076 911 2120 omnia,
949 2088 1043 2121 quae
1068 2077 1206 2112 Caesar
1234 2087 1255 2110 a
1286 2082 1413 2110 senatu
1446 2081 1564 2121 petet,
1602 2087 1672 2121 per

218 2131 276 2155 me
302 2121 576 2165 transigentur,
607 2122 691 2166 ipse
716 2122 812 2156 enim
840 2123 927 2156 odio
952 2123 1124 2158 incitatus
1148 2134 1229 2157 cum
1253 2128 1377 2156 senatu
1406 2122 1498 2156 nihil
1523 2128 1670 2157 acturus

220 2168 311 2201 est.''
355 2171 542 2210 senatum;
575 2179 597 2201 α
621 2173 747 2203 senatu
772 2181 794 2204 a
812 2180 866 2202 me
891 2169 967 2205 Md.
995 2181 1015 2204 a
1039 2181 1118 2210 sec.⁶
1136 2181 1183 2203 m.
1219 2170 1341 2203 Oxon.
1369 2170 1399 2202 1.
1418 2169 1453 2202 2.
1486 2172 1691 2210 εεηαίυνης,

221 2224 244 2247 α
274 2224 329 2247 mc
366 2215 462 2248 Cett.
496 2214 616 2256 Edd.;
666 2215 766 2259 quod
797 2216 948 2250 nimium
982 2221 1058 2258 est,
1106 2226 1215 2259 quum
1250 2214 1454 2258 significet:
1492 2215 1670 2256 „omnino

221 2259 344 2295 omnia
364 2259 533 2294 Caesaris
557 2262 715 2296 consilia
738 2273 759 2296 a
782 2273 839 2296 me
864 2262 1150 2307 proficiscentur
1173 2272 1215 2295 ac
1238 2262 1448 2304 regentur.''
1474 2261 1670 2295 ORELLI.

312 2308 366 2341 10.
402 2307 445 2340 L.
479 2306 658 2342 Marcium
690 2308 917 2353 Philippum,
959 2308 1021 2354 qui
1055 2308 1176 2343 Atiam
1209 2307 1305 2341 Iulia
1334 2307 1504 2342 Caesaris
1538 2318 1670 2341 sorore

220 2358 339 2386 natam
375 2353 534 2387 habebat
567 2353 603 2387 in
638 2355 871 2390 matrimonio
907 2362 993 2400 post
1018 2354 1184 2396 Octavii,
1224 2352 1364 2398 prioris
1389 2353 1483 2397 viri,
1518 2353 1668 2387 obitum.

219 2399 387 2434 Vitricus
427 2399 542 2443 igitur
580 2401 750 2443 Octavii,
793 2402 856 2447 qui
895 2406 980 2447 post
1020 2403 1222 2444 Augustus.
1268 2399 1473 2434 MANUT.
1531 2400 1670 2435 Dieser

219 2446 396 2491 Philipp,
430 2446 567 2480 Consul
603 2448 668 2481 des
694 2448 799 2481 Iahrs
823 2449 909 2491 698,
948 2448 1053 2481 erbat
1086 2447 1163 2480 sich
1195 2446 1267 2480 und
1294 2445 1430 2481 erhielt
1461 2456 1532 2479 von
1557 2446 1670 2481 Ciisar

220 2492 282 2527 die
323 2492 544 2527 Erlaubniss
587 2493 624 2527 in
671 2494 804 2527 Italien
847 2494 992 2527 neutral
1039 2503 1084 2527 zu
1116 2492 1289 2533 ,bleibem
1334 2511 1379 2518 -
1430 2493 1493 2526 sed
1534 2493 1671 2526 veritus

220 2550 317 2580 amn,
362 2550 408 2573 ne
441 2540 522 2573 scil.
553 2551 575 2574 a
600 2541 757 2575 Caesare
777 2551 850 2574 non
876 2540 1129 2584 impetrarem,
1167 2539 1266 2582 quod
1292 2538 1376 2579 ille,
1408 2537 1445 2572 id
1471 2539 1571 2582 quod
1593 2549 1670 2572 ma-

221 2586 320 2620 xime
367 2586 561 2632 cupiebat,
613 2593 653 2620 ut
688 2587 840 2620 Romam
882 2586 973 2620 irem
1010 2592 1047 2619 et
1086 2585 1123 2619 in
1161 2591 1324 2619 senatum
1364 2584 1548 2627 venirem,
1595 2595 1667 2619 non

220 2632 452 2677 impetrabat.
489 2633 594 2667 SCH.
628 2652 672 2658 —-
714 2636 824 2677 puta,
857 2633 1070 2676 iiberzeuge
1106 2632 1220 2675 Dich,
1255 2632 1339 2666 dass
1370 2642 1409 2665 es
1440 2641 1480 2664 so
1512 2637 1576 2674 gut
1600 2631 1667 2674 sei,

217 2679 273 2713 als
306 2680 442 2714 hattest
473 2680 536 2714 Du
567 2690 606 2712 es
651 2679 823 2713 wirklich
860 2678 972 2712 sehon
1011 2679 1191 2714 erhalten.
1228 2697 1272 2703 —-
1326 2678 1365 2711 in
1398 2681 1561 2711 senatum
1598 2688 1668 2711 non

216 2726 328 2760 venis.
376 2726 466 2770 Vgl.
495 2736 554 2772 ep.
569 2726 657 2770 359,
684 2728 715 2760 1.
754 2743 799 2751 -
846 2735 939 2760 nunc
961 2725 1080 2770 ipsum
1104 2725 1127 2759 i.
1153 2736 1186 2762 e.
1212 2724 1282 2759 hoc
1306 2724 1389 2770 ipso
1415 2731 1593 2769 tempore.
1623 2742 1666 2749 ·-
