1795 3043
499 61 813 110 EPISTOLA
850 62 1092 109 CCCXIX.
1431 72 1528 121 371

240 177 555 224 EPISTOLA
593 177 833 224 CCCXIX.
871 178 954 235 (ad
988 179 1079 224 Att.
1115 178 1220 224 VII.
1255 178 1361 236 22.)

115 252 197 288 Ser.
232 253 269 287 in
294 254 494 289 Formiano
518 264 551 288 a.
578 254 614 289 d.
641 255 692 291 v.
719 253 774 288 ld.
802 253 910 288 Febr.
937 255 984 288 A.
1011 254 1056 288 U.
1083 255 1125 289 c.
1151 255 1228 290 705.
1266 257 1314 298 (a.
1341 255 1383 290 c.
1409 255 1484 297 49.)

138 322 311 367 Pompeii
336 323 546 357 tarditatem
572 334 751 367 suamque
776 321 927 356 consilii
946 321 1110 367 inopiam
1134 322 1321 369 deplorat.
1347 324 1461 359 1-2,

559 392 749 427 CICERO
780 391 974 426 ATTICO
1001 389 1039 425 S.

185 449 339 490 Pedem
368 451 411 490 in
441 449 564 491 Italia
594 452 716 492 video
754 452 917 491 nullum
957 462 1069 498 esse,
1112 450 1186 500 qui
1223 463 1306 490 non
1336 451 1380 492 in
1410 451 1532 494 istius

72 507 279 559 potestate
308 507 374 548 sit.
434 508 498 547 De
526 507 727 560 Pompeio
759 509 846 548 scio
878 508 1009 548 nihil:
1047 519 1249 557 eumque,
1278 508 1359 549 nisi
1387 510 1430 550 in
1460 524 1533 551 na-

73 576 166 604 vem
196 576 239 603 se
273 564 527 617 contulerit,
569 567 790 617 exceptum
830 564 885 605 iri
922 566 1040 617 puto.
1106 564 1139 604 0
1179 565 1441 606 celeritatem
1472 569 1534 608 in-

74 621 341 662 credibilem!
374 622 509 662 Huius
539 624 676 662 autem
706 623 858 663 nostri!
920 621 1001 663 Sed
1031 634 1115 661 non
1146 633 1314 673 possum
1343 624 1433 664 sine
1464 626 1534 665 do·

75 679 166 718 lore
202 690 404 719 accusare
442 691 561 731 eum,
598 679 650 719 de
681 692 763 731 quo
794 691 924 732 angor
954 680 995 719 et
1021 677 1201 719 crucior.
1260 680 1323 719 Tu
1364 682 1535 723 caedem

75 747 160 774 non
189 735 281 774 sine
321 748 447 776 causa
493 737 634 777 times:
675 749 759 777 non
798 749 879 788 quo
921 736 1058 776 minus
1097 735 1326 787 quidquam
1367 737 1535 780 Caesari

75 792 270 843 expediat
315 792 367 833 ad
406 793 725 834 diuturnitatem
763 794 968 834 victoriae
1011 794 1054 833 et
1092 793 1408 836 dominationis:
1462 795 1534 836 sed

75 849 220 900 video,
261 861 439 900 quorum
479 851 658 891 arbitrio
695 852 751 893 sit
791 853 974 891 acturus.
1034 849 1211 901 †Recte
1250 851 1317 891 sit.
1377 853 1534 894 Censeo
1563 865 1592 906 2

76 905 305 947 cedendum
344 907 395 947 de
433 907 600 960 oppidis
636 908 717 949 his.
774 909 890 960 Egeo
930 907 1114 949 consilii.
1181 907 1300 954 Quod
1335 910 1537 961 optimum

75 963 192 1003 factu
208 963 436 1012 videbitur,
466 965 611 1007 facies.
672 965 776 1006 Cum
807 965 1035 1006 Philotimo
1053 965 1247 1016 loquere:
1278 967 1403 1016 atque
1433 968 1537 1007 adeo

76 1020 319 1062 Terentiam
368 1021 546 1062 habebis
597 1023 753 1064 Idibus.
818 1022 908 1075 Ego
950 1020 1050 1073 quid
1099 1019 1253 1073 agam?
1312 1023 1424 1071 Qua,
1464 1026 1538 1065 aut

78 1078 193 1117 terra
223 1081 296 1120 aut
325 1079 454 1126 mari,
486 1091 715 1132 persequar
744 1093 860 1130 eum,
891 1078 964 1130 qui
994 1078 1068 1118 ubi
1099 1079 1178 1126 sit,
1210 1078 1386 1120 nescio?
1443 1081 1537 1121 Etsi

4 1181 5 1184 Ἴ
79 1136 191 1174 terra
221 1136 389 1187 quidem
427 1135 502 1189 qui
530 1135 727 1190 possum?
768 1136 876 1177 mari
906 1134 1024 1187 quo?
1080 1135 1261 1176 Tradam
1301 1136 1431 1188 igitur
1466 1138 1539 1179 isti

0 1187 8 1242 ἶ
79 1191 175 1231 me?
232 1194 320 1234 Fac
359 1205 482 1246 posse
521 1196 613 1235 tuto
652 1217 710 1224 —
738 1195 860 1235 multi
907 1193 1021 1233 enim
1062 1193 1308 1241 hortantum
1348 1217 1403 1224 -—
1438 1207 1539 1236 num

5 1244 9 1260 ²
80 1249 209 1290 etiam
236 1249 440 1291 honeste?
497 1251 625 1291 Nullo
655 1252 791 1291 modo.
851 1249 984 1299 Quid?
1014 1263 1039 1290 a
1070 1251 1113 1289 te
1141 1251 1280 1302 petam
1300 1251 1541 1304 consilium,

82 1308 130 1346 ut
159 1305 301 1347 soleo?
359 1307 581 1359 Explicat-i
610 1320 678 1348 res
707 1320 790 1348 non
819 1310 972 1359 potest.
1045 1304 1127 1346 Sed
1157 1308 1320 1354 tamen,
1363 1309 1397 1348 si
1438 1310 1541 1360 quid

82 1364 127 1405 in
157 1366 339 1404 mentem
369 1364 505 1416 venit,
535 1365 663 1405 velim
691 1365 875 1414 scribas,
906 1366 948 1404 et
978 1362 1069 1415 ipse
1100 1362 1201 1414 quid
1231 1363 1288 1404 sis
1316 1367 1499 1407 acturus.

177 1486 279 1521 1—2.
296 1486 424 1521 Pedem
529 1487 681 1528 nullum,
706 1485 842 1519 keinen
854 1486 948 1519 Fuss
964 1484 1126 1518 Laudes.
1146 1503 1188 1509 —
1213 1484 1334 1533 istius,
1360 1487 1544 1525 Caesaris,

86 1552 130 1558 —
162 1537 345 1576 exceptum
370 1533 441 1575 iri,
487 1543 528 1566 er
561 1534 686 1567 werde
717 1533 984 1575 aufgefangen‚
1027 1541 1098 1563 von
1130 1530 1198 1563 der
1223 1532 1406 1567 Seekiiste
1432 1536 1545 1579 abge-

87 1579 271 1613 schnitten
298 1579 461 1612 werden.
489 1598 531 1603 —
568 1580 791 1613 celeritatem
815 1577 997 1612 Caesaris.
1023 1594 1067 1602 --
1105 1577 1227 1610 Huius
1330 1582 1447 1615 nostri
1471 1581 1494 1616 i.
1511 1593 1543 1617 e.

87 1625 260 1669 Pompeii
297 1624 555 1658 incredibilem
591 1626 814 1659 tarditatem!
853 1622 1112 1668 AposiopesiS.
1144 1641 1187 1648 —
1245 1627 1411 1669 caedem,
1456 1639 1547 1672 pro-

19 1685 20 1688 ¹
87 1671 342 1715 scriptionem,
370 1671 490 1715 qualis
515 1671 670 1715 Cinnae,
696 1671 823 1705 Sullae
849 1669 1090 1714 temporibus.
1118 1669 1207 1704 Vid.
1232 1682 1289 1715 ep.
1304 1673 1546 1718 ccxcvm,

89 1720 121 1752 7.
148 1736 192 1742 -
239 1728 310 1750 non
334 1729 401 1761 quo
427 1718 547 1750 minus
571 1725 666 1761 cet.,
702 1717 802 1751 nicht
826 1717 880 1750 als
907 1716 954 1749 ob
981 1715 1042 1749 ein
1066 1716 1213 1749 solenes
1229 1717 1435 1752 Vert'ahren
1463 1721 1545 1754 dem

21 1773 23 1784 ¹
88 1764 225 1798 Caesar
260 1774 328 1797 zur
359 1763 605 1808 Befestigung
639 1764 761 1798 seines
788 1763 920 1805 Sieges
952 1761 1028 1795 und
1063 1762 1227 1795 dadurch
1252 1764 1377 1798 seiner
1401 1765 1549 1800 Allein-

89 1810 297 1843 herrschaft
328 1810 430 1843 nicht
464 1811 556 1843 eher
579 1810 809 1853 nachtheilig
839 1810 892 1842 als
918 1807 1124 1841 sorderlich
1155 1809 1233 1842 sein
1263 1810 1414 1845 kbnnte.
1458 1812 1490 1847 d.
1519 1812 1544 1848 i.

88 1867 199 1890 wenn
225 1867 267 1889 er
289 1856 368 1889 sein
394 1857 582 1890 Interesse
610 1857 747 1898 kennt‚
793 1866 834 1889 so
860 1855 973 1888 sollte
999 1865 1040 1888 er
1066 1854 1149 1888 iede
1176 1855 1438 1891 Grausamkeit
1462 1869 1548 1893 ver-

90 1902 249 1936 meiden.
278 1921 319 1926 —
367 1913 519 1946 qnorum
534 1903 709 1945 arbitrio,
735 1902 826 1935 nach
852 1901 1018 1935 welcher
1036 1901 1155 1934 Leute
1170 1901 1334 1937 Einfluss
1362 1904 1436 1938 und
1456 1905 1547 1939 Ein-

91 1948 225 1990 reden,
274 1948 450 1991 Antonii,
477 1949 613 1991 Caelii,
639 1948 831 1991 Curionis,
870 1947 1025 1980 aliorum
1052 1947 1097 1980 ad
1123 1949 1380 1983 crudelitatem
1407 1951 1549 1995 procli-

93 1995 205 2029 vium.
222 1994 329 2028 SCH.
380 1995 403 2038 -ξι
425 1995 531 2027 Recte
545 1996 605 2028 sit.
634 1995 779 2028 Censeo.
827 1994 930 2027 Haec
955 1999 1145 2037 corrupta.
1194 1996 1303 2028 Recte
1329 1997 1385 2029 sic
1411 2008 1546 2032 censeo.

93 2042 178 2075 Asc.
208 2043 239 2074 l.
280 2042 378 2075 Crat.
423 2041 529 2074 Recte
561 2052 680 2075 censes
706 2040 803 2074 coni.
851 2039 937 2074 Sch.
963 2040 997 2072 2.
1034 2039 1128 2073 Lun.
1177 2042 1419 2082 (lllulz'eribns
1453 2047 1550 2078 recte

93 2098 214 2121 censes
248 2086 334 2120 Sch.
362 2088 491 2131 susp.).
533 2088 728 2121 ORELLI.
755 2105 796 2111 —
844 2084 901 2118 his
925 2085 1009 2125 scil,
1037 2086 1270 2130 Campaniae.
1318 2089 1368 2121 iis
1400 2089 1486 2124 Asc.
1514 2091 1548 2125 1.

93 2134 194 2168 Crat.
220 2133 322 2168 Vict.
348 2135 379 2167 1.
408 2134 441 2167 2.
476 2134 550 2168 OR.
584 2153 628 2158 -—
676 2135 789 2175 Egeo.
828 2131 913 2166 Sch.
954 2131 1049 2165 coni.
1087 2134 1149 2166 sect
1175 2144 1262 2176 egeo
1296 2142 1455 2179 propter
1488 2138 1549 2171 sie.

94 2197 139 2205 -—-
163 2179 321 2213 consilii.
349 2179 455 2222 „Alii
480 2180 671 2214 consili0.”
705 2182 837 2222 Margo
864 2178 963 2211 1584.
998 2178 1073 2211 OR.
1101 2180 1191 2222 „ich
1216 2180 1313 2214 kann
1340 2192 1384 2214 zu
1401 2181 1550 2216 keinem

34 2251 35 2255 ,
95 2226 213 2259 festen
238 2226 480 2259 Entschlusse
506 2227 712 2259 kommen.”
752 2225 889 2259 Dieser
913 2234 993 2256 war
1017 2224 1063 2256 da
1087 2226 1132 2266 (s.
1160 2238 1217 2271 ep.
1236 2227 1422 2270 CCCXV,
1447 2229 1468 2261 2
1493 2240 1551 2262 am

95 2271 204 2305 Ende
229 2271 300 2305 und
327 2273 465 2315 sonst);
499 2273 623 2306 indess
649 2272 775 2306 wankt
799 2271 874 2304 wol
901 2269 1011 2303 leder
1034 2270 1081 2303 im
1104 2273 1387 2317 Augenblicke‚
1424 2284 1483 2307 wo
1510 2285 1552 2308 er

97 2327 165 2351 zur
199 2318 442 2361 Aussiihrung
472 2318 643 2352 kommen
677 2320 768 2352 soll!
822 2317 899 2350 Das
934 2314 1018 2348 sind
1051 2325 1301 2362 momentane‚
1341 2321 1432 2353 aber
1464 2321 1553 2354 sehr

98 2363 308 2398 naturliche
326 2364 502 2398 Gefiihle!
519 2385 563 2392 --
595 2365 802 2399 Philotimo.
837 2362 976 2396 Dieser
996 2372 1093 2397 muss
1118 2365 1196 2398 also
1216 2365 1339 2399 Mittel
1367 2365 1553 2409 gesunden

97 2410 242 2451 haben,
275 2408 438 2443 Cicero's
460 2412 670 2446 Vertrauen
695 2411 838 2445 wieder
862 2420 907 2442 zu
933 2407 1153 2453 gewinnen;
1187 2411 1280 2445 oder
1305 2412 1487 2445 vielmehr
1511 2422 1554 2446 er

40 2464 41 2472 ³
99 2456 200 2488 hatte
227 2455 305 2488 sich
332 2455 413 2488 dem
439 2458 685 2499 gutherzigen
711 2458 847 2491 Manne
884 2454 1167 2491 unentbehrlich
1197 2458 1378 2501 gemacht.
1424 2456 1462 2492 S.
1490 2468 1552 2502 ep.

100 2501 333 2536 CCLXVIII
361 2501 432 2534 und
464 2500 654 2538 CCLXIX
689 2515 724 2538 u.
757 2514 784 2537 s.
818 2513 864 2536 w.
897 2519 942 2525 —
1006 2500 1214 2537 Terentiam
1320 2503 1448 2535 Idibus
1480 2505 1554 2547 (am

101 2550 157 2584 13.
171 2548 368 2587 Februar).
397 2547 610 2582 Terentiam
636 2561 708 2583 una
732 2561 813 2583 cum
838 2547 916 2581 filia
941 2544 995 2579 Sic
1020 2549 1176 2584 Romam
1201 2549 1396 2592 remittam,
1421 2555 1461 2582 ut
1476 2549 1555 2583 Idi-

39 2608 45 2641 3.
101 2594 170 2627 bus
195 2599 231 2627 te
257 2593 458 2627 convenire
482 2596 611 2638 possit.
636 2596 742 2630 SCH.
774 2614 819 2620 —
868 2595 945 2629 Qua
971 2596 1104 2635 gelibrt
1127 2596 1230 2629 nicht
1255 2605 1299 2628 zu
1325 2598 1438 2628 terra.
1464 2595 1555 2639 Vgl.

103 2650 159 2683 ep.
180 2640 262 2682 326,
288 2640 309 2673 5
334 2650 390 2673 am
416 2640 531 2674 Ende.
560 2659 602 2665 —
637 2652 853 2686 persequar,
880 2639 952 2674 soll
978 2638 1038 2674 ich
1063 2642 1286 2675 aussuchenz
1312 2660 1351 2665 -
1391 2641 1455 2685 qu?
1469 2652 1556 2686 pos-

47 2708 48 2716 1
103 2696 191 2729 sum,
217 2686 262 2719 da
280 2687 395 2720 cas-ar
412 2686 555 2720 iiberall
572 2688 727 2722 Meister
752 2689 809 2722 ist.
831 2705 874 2711 —
899 2685 978 2727 isti,
1004 2688 1166 2721 Caesari.
1183 2705 1227 2711 —
1253 2687 1555 2731 Eaczgesetzt.

103 2748 149 2760 -ο
180 2732 372 2777 Explicari
396 2738 488 2772 cet„
526 2734 594 2768 der
618 2734 768 2769 Knoten
794 2735 885 2767 lasst
910 2731 990 2766 sich
1014 2733 1239 2768 scltwerlich
1264 2733 1444 2770 auslosen.

936 2805 980 2812 ..-
1168 2791 1256 2832 24*
