1795 3043
168 40 272 90 282
440 34 505 80 M.
541 33 595 78 T.
632 29 966 78 CICERONIS
1000 30 1369 79 EPISTOLAE.

305 170 622 218 EPISTOLA
657 168 989 214 CCLXXXIII.
1028 167 1108 227 (ad
1143 168 1248 214 Div.
1283 168 1406 215 xlv.
1425 170 1493 228 5.)

250 258 332 296 scr.
361 258 520 293 Athenis
545 268 577 292 a.
601 257 637 293 d.
663 257 751 293 xv.
777 257 860 291 Ka1.
888 257 981 292 Nov.
1007 258 1053 290 A.
1080 254 1124 291 U.
1150 255 1191 291 c.
1217 238 1310 291 704.'
1330 259 1376 300 (a.
1405 257 1445 291 c.
1471 256 1545 301 50.)

170 330 310 364 Omnes
346 327 477 362 uxoris
512 326 691 371 epistolas
722 325 792 360 sibi
825 325 990 360 redditas
1023 336 1105 359 esse
1140 325 1283 359 nuntiat
1308 331 1419 368 atque
1444 325 1554 370 petit,
1586 330 1627 360 ut

169 375 244 411 sibi
277 385 385 419 quam
419 373 638 417 longissime
670 373 812 407 obviam
844 377 1032 417 properet.
1065 374 1098 406 1.
1171 371 1390 406 hereditatis
1421 372 1625 407 Precianae

662 430 786 453 curam
813 419 847 453 ei
872 419 1076 453 demandat.
1100 419 1133 453 2.

457 488 675 524 TULLIUS
709 488 746 523 S.
779 489 827 522 D.
862 487 1156 522 TERENTIAE
1188 487 1332 523 SUAE.

281 559 329 602 Si
357 561 404 600 tu
434 561 476 600 et
505 560 660 608 Tullia⁷
690 561 764 600 lux
793 561 948 612 nostra,
979 558 1153 611 valetis,
1183 572 1257 612 ego
1289 559 1330 598 et
1358 558 1625 600 suavissimus

168 617 320 659 Cicero
356 618 556 658 valemus.
633 616 775 657 Pridie
819 617 917 656 Idus
957 615 1160 656 Octobres
1193 617 1380 657 Athenas
1421 616 1624 663 venimus,

167 687 298 727 quum
327 687 427 716 sane
463 674 648 715 adversis
683 674 819 714 ventis
853 673 919 713 usi
959 685 1139 713 essemus
1168 674 1370 724 tardeque
1400 675 1442 713 et
1470 674 1628 713 incom-

165 732 290 773 mode
317 733 639 784 navigassemus.
696 731 760 771 De
788 743 894 771 nave
911 730 1159 770 exeuntibus
1188 730 1309 770 nobis
1329 731 1509 771 Acastus
1531 742 1627 770 cum

165 790 304 831 literis
333 791 499 841 praesto
528 788 611 828 fuit
638 800 721 827 uno
742 789 783 828 et
803 787 1002 828 vicesimo
1021 787 1102 839 die,
1133 800 1231 827 sane
1251 789 1434 829 strenue.
1463 786 1626 839 Accepi

166 849 261 887 tuas
289 847 457 894 literas,
495 845 648 897 quibus
676 845 868 885 intellexi
899 846 940 885 te
969 844 1128 895 vereri,
1168 856 1221 884 ne
1252 844 1489 896 superiores
1518 844 1646 885 mihi.

165 903 355 944 redditae
384 915 469 942 non
499 904 650 943 essent.
710 903 861 942 Omnes
891 904 988 942 sunt
1015 901 1203 941 redditae
1224 901 1625 953 diligentissimeque

166 975 193 1001 a
221 962 264 1001 te
291 961 528 1013 perscripta
558 960 719 1000 omniat
749 960 874 1011 idque
902 959 1007 998 mihi
1036 959 1317 1011 gratissimum
1334 958 1430 998 fuit.
1479 957 1626 1009 Neque

164 1031 258 1059 sum
287 1017 517 1058 admiratus
544 1017 655 1057 hanc
686 1017 927 1069 epistolam⁷
965 1028 1089 1066 quam
1119 1016 1298 1056 Acastus
1327 1014 1491 1061 attulit,
1532 1014 1626 1054 bre-

165 1087 261 1115 vem
289 1076 440 1115 fuisse:
471 1075 555 1114 iam
584 1075 697 1114 enim
726 1085 792 1113 me
822 1074 959 1125 ipsum
990 1072 1260 1124 exspectabas
1290 1071 1377 1110 sive
1403 1071 1623 1123 nosipsos,

166 1133 244 1184 qui
273 1132 444 1183 quidem
474 1143 599 1182 quam
627 1131 809 1182 primum
838 1130 889 1170 ad
919 1142 992 1170 vos
1020 1130 1165 1169 venire
1196 1129 1409 1180 cupimus:
1450 1129 1552 1180 etsi,
1580 1129 1626 1168 in

167 1202 294 1242 quam
332 1188 640 1240 rempublicam
676 1187 886 1234 venimus,
926 1187 1128 1238 intelligo.
1196 1185 1380 1237 Cognovi
1421 1185 1534 1232 enim
1573 1197 1625 1225 ex

165 1248 396 1286 multorum
427 1246 657 1285 amicorum
685 1244 840 1294 literis,
882 1256 984 1293 quas
1014 1243 1155 1282 attulit
1183 1243 1385 1289 Acastus,
1425 1241 1478 1280 ad
1509 1254 1626 1281 arma

165 1316 258 1343 rem
279 1305 490 1356 spectare:
521 1304 568 1341 ut
597 1302 715 1349 mihi,
746 1312 873 1350 quum
890 1311 1058 1350 venero,
1088 1299 1350 1338 dissimulare
1374 1310 1459 1337 non
1480 1298 1624 1347 liceat,

166 1360 269 1412 quid
297 1360 490 1400 sentiam.
550 1358 654 1405 Sed,
695 1357 889 1409 quoniam
919 1355 1135 1395 subeunda
1164 1356 1333 1395 fortuna
1363 1356 1446 1405 est,
1488 1367 1537 1394 eo
1568 1355 1626 1395 ci-

165 1418 251 1457 tius
280 1416 472 1457 dabimus
506 1427 676 1468 operam
714 1417 759 1454 ut
795 1414 1032 1460 veniamus,
1073 1425 1155 1463 quo
1183 1412 1352 1452 facilius
1380 1412 1431 1452 de
1461 1412 1549 1452 tota
1578 1424 1627 1452 re

166 1473 458 1514 deliberemus.
525 1474 588 1513 Tu
627 1472 775 1518 velim,
824 1471 935 1521 quod
974 1469 1190 1510 commodo
1238 1468 1491 1509 valetudinis
1530 1471 1628 1510 tuae

114 1534 144 1573 2
168 1531 267 1584 fiat,
308 1543 432 1581 quam
462 1529 702 1581 longissime
730 1528 909 1580 poteris,
952 1527 1116 1566 obviam
1154 1525 1274 1566 nobis
1309 1525 1501 1577 prodeas.
1561 1526 1626 1566 De

166 1588 404 1629 hereditate
433 1586 664 1636 Preciana,
701 1596 809 1636 quae
852 1584 1018 1635 quidem
1056 1583 1161 1622 mihi
1192 1594 1340 1635 magno
1380 1582 1515 1622 dolori
1546 1585 1622 1630 est,

164 1667 222 1676 —
265 1644 386 1687 valde
427 1645 539 1684 enim
578 1643 701 1683 illum
739 1642 875 1682 amavi
910 1662 968 1669 —
1007 1640 1079 1679 sed
1116 1640 1195 1679 hoc
1238 1639 1367 1693 velim
1405 1651 1547 1680 cures:
1589 1640 1623 1680 si

471 1787 778 1823 TERENTIAE.
827 1786 865 1822 S.
894 1797 939 1819 zu
966 1797 1024 1830 ep.
1043 1786 1136 1819 LIX
1161 1786 1209 1819 im
1234 1786 1321 1820 Ans.

258 1850 291 1883 1.
318 1849 382 1881 lust:
406 1851 545 1889 nostra,
571 1857 683 1879 unser
708 1844 902 1889 Augapsel.
926 1862 970 1868 -
1009 1843 1114 1878 Prz‘d.
1139 1844 1197 1878 Id.
1227 1843 1324 1887 0ct.,
1356 1855 1411 1878 arn
1437 1845 1492 1879 14.
1510 1845 1624 1878 Octo-

165 1897 301 1930 ber.—
342 1894 503 1927 venimus
529 1904 577 1926 ex
596 1892 728 1927 Cilicia
752 1891 1021 1925 redeumes.—
1053 1891 1192 1923 adver-9.
1219 1894 1333 1933 verm,
1358 1890 1507 1925 Etesiis.
1535 1890 1572 1925 S.
1587 1891 1623 1927 d.

166 1940 411 1978 CCLXXXI.
438 1939 614 1981 B1·.··§.4.
632 1958 677 1963 -
714 1939 883 1971 Acastus.
915 1936 940 1971 S
979 1948 1038 1981 ep.
1061 1936 1334 1980 CCLXXXII,
1358 1938 1390 1970 l.
1409 1956 1450 1961 --
1493 1948 1564 1970 uno
1591 1942 1624 1971 et

164 1990 234 2023 vic.
261 1988 340 2031 die,
374 1998 448 2020 von
474 1986 598 2020 seiner
622 1985 783 2018 Abreise
808 1994 872 2016 aus
898 1983 993 2016 Rom
1025 1983 1239 2026 gerechnet.
1259 2001 1301 2006 —
1342 1987 1505 2026 strenue,
1538 1984 1625 2017 hur-

166 2036 233 2080 tig.
250 2054 294 2059 —
333 2033 479 2077 quibus,
512 2031 638 2065 Lamb.
666 2042 709 2063 ex
733 2031 859 2074 quibus
883 2030 996 2063 intell.
1021 2048 1062 2053 —-
1100 2040 1164 2062 nos
1188 2029 1306 2072 ip808‚
1332 2040 1390 2062 me
1416 2029 1622 2072 filiumque.

166 2101 212 2108 -—
243 2081 415 2124 cupimus.
442 2078 518 2113 Md.
537 2078 620 2111 Bas.
639 2077 753 2120 Neap.
770 2078 855 2110 Asc
882 2076 1000 2119 Beng.
1020 2076 1160 2109 Bened.
1187 2075 1384 2118 cupiamus.
1413 2075 1498 2108 Gul.
1523 2086 1623 2120 susp.

167 2127 473 2171 cupiebamus.-
505 2125 677 2157 venimus.
711 2122 892 2156 Defendit
924 2123 1016 2155 hanc
1048 2121 1243 2155 lectionem
1275 2121 1352 2154 Md.
1385 2121 1483 2154 Crat.
1516 2121 1622 2157 Vict.

168 2177 199 2209 l.
220 2174 254 2208 2.
282 2174 417 2207 Graev.
443 2171 584 2204 Bened.
612 2169 791 2212 Heusing.
818 2169 862 2202 ad
887 2170 999 2203 Mall.
1029 2168 1160 2201 Theod.
1188 2168 1285 2209 §.51.
1308 2167 1489 2199 veniemus
1506 2167 1622 2201 Codd.

167 2220 314 2263 aliquot
338 2217 433 2252 Lall.
460 2217 645 2249 veniamus
669 2216 796 2249 Lamb.
820 2215 908 2248 ΕΠ).
936 2215 1021 2250 Sch.
1048 2214 1142 2247 Liin.
1171 2212 1424 2246 ORELL1.—
1449 2213 1497 2245 ad
1517 2225 1623 2246 arma

168 2267 268 2301 inter
284 2266 478 2300 Caesarem
504 2268 539 2295 et
564 2262 794 2305 Pompeium.
819 2274 923 2294 arma
947 2273 991 2294 =
1017 2260 1167 2301 bellum,
1194 2265 1294 2292 certe
1318 2266 1448 2292 motus.
1468 2278 1512 2283 --
1537 2259 1625 2303 quid

167 2312 339 2350 sentiam,
365 2308 485 2343 meine
511 2307 795 2351 Gesinnungen3
821 2309 963 2341 welche
981 2305 1107 2340 Partei
1133 2305 1193 2338 ich
1219 2304 1406 2348 ergreifen
1432 2305 1557 2339 wolle.
1579 2323 1623 2330 ——

168 2358 349 2404 quoniam.
390 2354 428 2390 S.
455 2365 514 2399 ep.
533 2354 762 2396 CCLXVH,
782 2355 803 2387 4
829 2365 884 2387 am
910 2353 1029 2386 Ende.
1078 2351 1195 2394 „weil
1222 2362 1261 2384 es
1288 2350 1450 2384 einmahl
1476 2356 1624 2394 gewagt

169 2405 250 2440 sein
277 2403 368 2445 soll,
406 2401 488 2434 dem
516 2399 700 2434 Geschick
738 2406 918 2443 entgegen
950 2409 995 2432 zu
1026 2398 1242 2441 gehen.”—
1278 2398 1371 2440 quod
1394 2409 1439 2429 =
1463 2397 1622 2430 sofern

169 2462 211 2485 es
236 2449 359 2485 Deine
385 2446 617 2481 Gesundheit
643 2446 798 2479 erlaubt.
837 2445 984 2479 Ramsh.
1011 2443 1127 2486 §.182
1156 2443 1243 2476 Not.
1263 2444 1350 2476 l.—
1370 2443 1537 2486 prodeas.
1559 2441 1624 2476 Sic

171 2496 276 2533 Vict.
298 2497 329 2529 1.
347 2495 379 2527 2.
406 2493 533 2526 Lamb.
561 2502 718 2535 propeccs
743 2491 818 2525 Md.
858 2491 978 2534 Saepe
1009 2489 1141 2523 literae
1166 2490 1189 2521 d
1215 2494 1307 2532 etp.
1341 2489 1622 2522 confunduntur.

167 2551 342 2587 properes
365 2540 450 2573 Bas.
478 2539 576 2573 Crat.
604 2537 737 2571 Graev.
767 2538 855 2571 ΕΓΗ.
881 2536 1022 2571 Bened.
1050 2535 1136 2570 Sch.
1164 2535 1257 2568 Liin.
1289 2535 1485 2568 ORELLI.

262 2599 296 2632 2.
330 2596 521 2631 Preciana.
554 2595 591 2630 S.
627 2594 744 2637 vol-ig.
772 2594 832 2627 ΒΓ.
865 2594 891 2636 §.
910 2594 942 2627 2.
962 2612 1003 2617 -
1044 2593 1106 2625 sed
1129 2603 1175 2624 Ξ
1199 2603 1240 2625 so
1274 2591 1378 2626 wollt
1409 2590 1469 2624 ich
1497 2600 1622 2633 sagen.

174 2656 245 2679 om.
268 2645 331 2678 sed
354 2644 471 2687 Neap.
496 2644 582 2676 Asc.
610 2642 707 2675 Crat.
734 2640 861 2673 Lamb.
886 2638 1026 2673 Bened.
1055 2638 1205 2672 Schiitz.
1230 2638 1324 2672 Liin.
1357 2637 1474 2678 Male3
1512 2646 1624 2680 saepe

174 2691 232 2727 sic
256 2696 342 2736 post
365 2688 616 2735 parenthesin.
646 2687 719 2721 ΟΕ.
754 2686 901 2720 Ramsh.
928 2686 956 2729 §.
977 2685 1063 2727 205,
1090 2685 1142 2727 13,
1167 2685 1199 2719 6.
1219 2685 1259 2726 ⁸).
1302 2681 1560 2728 Epanalepsis.
1582 2699 1623 2705 —
