1795 3043
384 54 699 104 EPISTOLA
743 52 916 100 CCLV.
952 51 1150 99 CCLVI.
1402 58 1501 106 211

0 195 1 200 =
37 187 100 218 me
130 172 181 214 de
210 171 325 213 omni
354 169 418 212 rei
447 169 647 223 publicae
676 168 788 208 statu
817 179 941 219 quam
970 164 1292 219 diligentissime
1321 164 1502 217 perscri-

0 242 1 250 ’
36 233 132 274 bas:
171 243 223 272 ea
254 229 368 270 enim
398 227 627 269 certissima
655 223 826 278 putabo,
856 236 964 276 quae
994 237 1046 266 ex
1074 224 1117 264 te
1146 234 1343 276 cognoro.

239 396 550 448 EPISTOLA
589 394 830 441 CCXLVI.
869 393 951 454 (ad
985 395 1075 440 Att.
1099 393 1178 441 VI.
1213 397 1283 455 2.)

171 487 251 523 Ser.
277 486 486 523 Laodiceae
510 493 636 518 mense
660 481 785 527 Aprili
811 484 857 516 A.
884 481 929 516 U.
956 482 997 518 C.
1024 482 1102 517 704.
1128 484 1176 526 (a.
1204 483 1244 518 C.
1273 485 1345 525 50.)

33 559 96 595 De
122 557 250 594 Quinti
276 555 402 592 fratris
427 563 581 587 uxorem
607 550 818 585 dimittendi
844 551 1014 585 consilio.
1031 551 1148 585 1—2.
1198 551 1245 585 de
1269 551 1412 596 aliquot
1437 564 1498 587 er-

35 605 124 640 ratis
149 605 186 638 in
212 604 320 638 libris
346 602 392 635 de
417 612 458 634 re
483 598 644 644 publica.
669 599 702 633 3.
751 597 797 631 de
821 607 887 631 sua
916 597 954 631 in
988 597 1309 632 administratione
1342 600 1496 643 provin-

35 652 116 686 ciae
153 649 407 685 moderatione
444 652 481 680 et
517 643 755 678 continentia.
792 642 919 678 4-5.
984 644 1030 678 de
1057 655 1124 689 spe
1149 643 1335 678 discessus
1361 657 1382 679 e
1407 657 1496 690 pro-

36 697 168 732 vincia.
196 698 229 733 6.
279 696 326 730 de
344 691 453 729 Bruti
478 703 558 725 cum
577 689 790 725 Salaminiis
813 689 991 733 negotiis.
1018 691 1145 726 7-9.
1183 690 1229 724 de
1243 690 1361 737 Appii
1386 702 1497 728 causa

491 737 696 783 paucisque
721 735 804 769 aliis
831 736 954 770 rebus.
980 738 1034 772 10.

528 804 714 840 CICERO
740 804 934 839 ATTICO
960 803 1001 839 S.

150 880 287 928 Quum
316 879 588 930 Philogenes,
619 875 800 916 libertus
822 876 942 927 tuus,
973 874 1224 916 Laodiceam
1254 875 1306 916 ad
1337 889 1404 917 me
1433 891 1497 918 sa-

34 937 197 979 lutandi
227 949 352 978 causa
383 935 563 975 venisset
592 935 633 973 et
672 945 717 972 se
755 932 894 972 statim
931 931 983 972 ad
1013 933 1054 971 te
1084 933 1377 986 navigaturum
1407 946 1496 975 esse

35 996 219 1043 diceret,
259 994 335 1034 has
366 992 405 1032 ei
436 991 583 1032 literas
611 989 730 1030 dedi:
769 989 924 1041 quibus
956 987 1008 1029 ad
1038 1001 1108 1029 eas
1136 990 1359 1041 rescripsi,
1391 1004 1496 1042 quas

35 1063 283 1103 acceperam
313 1064 337 1090 a
365 1049 488 1089 Bruti
523 1046 760 1088 tabellario.
820 1047 876 1085 Et
913 1045 1173 1097 respondebo
1201 1048 1386 1099 primum
1424 1061 1496 1100 po-

39 1112 215 1150 stremae
252 1111 349 1147 tuae
388 1105 587 1158 paginae,
633 1116 742 1155 quae
781 1102 886 1142 mihi
924 1115 1100 1155 magnae
1141 1105 1358 1144 molestiae
1397 1105 1494 1154 suit,

35 1166 144 1218 quod
175 1164 227 1204 ad
256 1167 298 1204 te
328 1165 534 1214 scriptum
565 1163 626 1201 est
655 1175 678 1201 a
697 1160 842 1200 Cincio
873 1159 924 1200 de
947 1160 1072 1201 Statii
1102 1173 1311 1201 sermone:
1343 1162 1388 1202 in
1412 1173 1495 1214 quo

0 1217 1 1221 ¹
34 1223 116 1263 hoc
146 1222 488 1261 molestissimum
518 1220 594 1266 est,
628 1218 809 1258 Statium
837 1216 982 1257 dicere
1011 1231 1035 1257 a
1057 1229 1123 1256 me
1144 1230 1312 1269 quoque
1333 1218 1375 1258 id
1398 1231 1498 1260 con-

35 1279 178 1320 silium
209 1277 394 1330 probari.
454 1275 635 1316 Probari
676 1273 846 1314 autem?
890 1274 953 1313 De
982 1273 1062 1313 isto
1092 1275 1311 1316 hactenus.
1371 1276 1496 1316 Dixe-

34 1336 116 1376 rim
144 1349 209 1376 me
238 1336 307 1374 vel
335 1334 517 1385 plurima
546 1331 686 1372 vincla
715 1332 856 1370 tecum
887 1342 1070 1370 summae
1094 1331 1405 1372 coniunctionis
1426 1346 1497 1384 op-

34 1394 150 1439 tare,
193 1391 272 1431 etsi
303 1393 398 1430 sunt
429 1388 581 1429 amoris
619 1387 848 1427 artissimat
890 1388 1054 1426 tantum
1083 1386 1222 1436 abest,
1262 1391 1310 1428 ut
1339 1401 1415 1442 ego
1445 1401 1496 1429 ex

35 1461 100 1496 eo,
134 1461 216 1499 quo
246 1447 437 1487 adstricti
467 1458 622 1496 sumus,
652 1444 786 1483 laxari
817 1443 977 1494 aliquid
1006 1445 1147 1484 velim.
1207 1446 1336 1485 Illum
1355 1448 1496 1486 autem
1519 1462 1548 1501 2

36 1508 168 1546 multa
197 1505 246 1544 de
277 1505 368 1544 istis
398 1503 523 1542 rebus
555 1500 742 1552 asperius
774 1501 909 1539 solere
939 1500 1056 1550 loqui
1086 1513 1210 1553 saepe
1236 1515 1326 1541 sum
1351 1515 1497 1556 exper-

37 1565 127 1610 tus,
174 1573 297 1613 saepe
339 1560 464 1600 etiam
503 1558 632 1597 lenivi
670 1557 836 1596 iratum.
895 1555 944 1595 Id
979 1557 1090 1597 seire
1120 1559 1161 1596 te
1191 1558 1386 1598 arbitror.
1446 1561 1497 1600 In

36 1620 117 1660 hac
147 1621 288 1659 autem
316 1615 654 1670 peregrinatione
690 1612 895 1653 militiave
931 1614 1076 1654 nostra
1115 1627 1239 1667 saepe
1275 1616 1496 1658 incensum

39 1697 1504 1715 ————-————————————-————-

0 1753 2 1759 ’
36 1741 184 1778 Caelius
210 1737 420 1784 Septembri
446 1748 572 1771 mense
596 1735 748 1770 daturus
785 1742 874 1770 erat.
922 1737 1093 1771 Ceterum
1126 1738 1234 1772 ludos
1259 1740 1498 1784 Megalenses

35 1800 104 1834 per
128 1798 195 1821 sex
220 1787 300 1820 dies
327 1797 347 1819 a
372 1784 494 1829 pridie
519 1784 613 1817 Non.
640 1783 760 1828 April.
787 1783 831 1817 ad
868 1793 903 1815 v.
931 1783 984 1816 Id.
1014 1784 1130 1818 fuisse
1154 1785 1240 1819 fasti
1266 1786 1407 1820 dierum
1433 1799 1497 1821 an-

35 1833 129 1877 tiqui
163 1834 423 1866 demonstrant.
456 1829 663 1863 MANUT.
729 1828 804 1863 Die
851 1828 931 1862 ludi
973 1830 1207 1872 Megalenses
1240 1833 1395 1866 wurden
1429 1844 1498 1869 zur

36 1881 138 1914 Ehre
163 1880 229 1912 der
254 1878 414 1918 Cybele,
441 1877 507 1909 der
533 1885 662 1918 magna
686 1875 859 1919 (μεγάλη)
887 1881 1023 1919 mater,
1049 1877 1218 1920 gefeiert.
1256 1878 1293 1913 S.
1320 1879 1420 1915 Plin.
1446 1881 1493 1916 H.

36 1926 82 1963 N.
98 1925 188 1967 VII,
203 1927 258 1959 37.
286 1918 367 1958 Cic.
394 1923 554 1966 Harusp.
578 1922 631 1955 12.
661 1921 808 1955 Gellius
830 1921 886 1962 ΙΙ,
908 1922 964 1956 24.

128 1984 159 2015 l.
189 1981 414 2022 Philogenes.
450 1978 487 2013 S.
517 1988 574 2022 ep.
600 1978 691 2019 CCI,
710 1977 743 2010 2.
771 1978 876 2020 CCL,
899 1980 952 2012 14.
981 1979 1194 2016 CLXVIII.
1213 2000 1257 2007 --
1289 1983 1333 2015 ab
1352 1983 1494 2027 Cincio,

39 2027 158 2063 einem
183 2033 394 2061 vertrauten
421 2025 808 2059 Geschaftsverweser
832 2026 1083 2068 (procurator)
1120 2027 1187 2061 des
1218 2028 1390 2073 Attikus,
1429 2030 1498 2063 del.

39 2075 76 2109 in
102 2074 227 2107 diesen
252 2072 404 2106 Briesen
430 2072 543 2105 sciton
571 2071 624 2103 oft
655 2077 814 2113 genannt
845 2070 905 2104 ist.
922 2090 966 2096 ——
1006 2073 1048 2105 de
1071 2072 1185 2107 Statii
1214 2084 1377 2108 sermone
1431 2076 1497 2119 qui

0 2132 2 2136 ·
40 2120 187 2154 dixerat
221 2120 263 2154 Q.
291 2118 507 2153 Ciceronem
545 2116 782 2150 dimissurum
819 2127 973 2150 uxorem
1007 2129 1127 2160 suam,
1163 2120 1280 2154 Attici
1315 2102 1495 2156 sororem.

39 2166 271 2201 ERNESTI.
308 2164 346 2199 S.
376 2175 430 2208 ep.
453 2163 710 2205 CLXXXIV,
734 2164 768 2196 3.
818 2161 958 2197 Statius
995 2164 1053 2197 ein
1085 2165 1393 2209 Fi-eigelassener
1422 2168 1498 2202 und

41 2212 238 2254 Giinstling
264 2211 329 2244 ‹les
356 2210 513 2245 Quintus
539 2209 695 2251 Cicero,
729 2208 798 2241 der
831 2210 945 2242 sehon
971 2210 1080 2254 lange
1107 2211 1166 2245 ein
1193 2211 1298 2246 Stein
1330 2214 1396 2248 des
1420 2215 1498 2248 An-

42 2263 180 2292 stosses
212 2256 396 2290 zwischen
424 2255 580 2290 Quintus
613 2267 648 2289 u.
675 2254 799 2288 seiner
830 2254 1053 2289 Gemahlinn
1077 2257 1287 2302 Pomponia
1322 2271 1498 2304 gewesen

41 2314 130 2337 war.
149 2321 193 2327 —
233 2303 273 2335 id
298 2302 489 2335 consilium
515 2312 668 2335 uxorem
694 2300 922 2339 dimittendi,
958 2302 1058 2336 diess
1085 2303 1300 2338 Vorhaben.
1325 2325 1370 2331 —
1404 2306 1498 2340 Pro-

0 2368 3 2381 A
42 2348 126 2383 bari
158 2352 293 2388 autem,
334 2347 392 2380 ich
427 2358 465 2380 es
499 2347 676 2392 billigen?
725 2346 763 2380 S.
795 2346 944 2380 Ramsh.
978 2350 1008 2392 §.
1028 2350 1108 2392 1623,
1126 2351 1158 2384 6.
1199 2351 1341 2386 Grotef.
1368 2353 1494 2395 §.311.

0 2403 3 2429 ῑ
42 2396 146 2429 Anm.
166 2413 210 2418 —-
258 2393 311 2426 De
335 2393 404 2425 iseo
429 2392 618 2437 hactenus,
652 2393 748 2426 doch
775 2392 977 2427 dariiber
1002 2395 1142 2429 verlier
1167 2395 1226 2430 ich
1251 2397 1341 2430 kein
1369 2399 1498 2432 VVort!

1 2438 3 2470 ἕ
43 2440 81 2476 S.
109 2439 259 2473 Ramsli.
286 2439 313 2480 §.
332 2438 411 2472 206.
434 2439 473 2471 C.
493 2439 527 2482 2,
547 2451 578 2474 c.
598 2459 642 2464 —
681 2440 820 2472 amoris
845 2440 964 2474 nostri
988 2441 1115 2475 mutui.
1133 2461 1177 2468 —-
1215 2453 1257 2476 ex
1282 2454 1321 2476 eo
1348 2443 1497 2477 vinculo

0 2509 2 2511 ·
43 2484 316 2520 coniunctionis
348 2491 506 2517 nostrae.
530 2504 574 2510 -
612 2489 699 2518 tant.
728 2486 843 2528 abest,
876 2490 913 2518 ut
939 2512 947 2519 .
971 2512 978 2519 .
1004 2488 1133 2531 velim,
1166 2499 1206 2522 so
1241 2489 1400 2522 entsernt
1433 2489 1497 2524 bin

0 2539 3 2547 ⁴
43 2531 103 2566 ich
127 2541 172 2565 zu
199 2530 346 2564 wolton.
388 2529 426 2564 S.
453 2530 600 2564 Ramsh.
628 2532 654 2573 §.
673 2532 749 2574 192,
774 2533 820 2574 A,
842 2533 878 2573 3,
897 2532 940 2566 Ν.
976 2533 1118 2568 Grotef.
1143 2536 1314 2577 396 398,
1342 2536 1497 2570 Anm.l.

0 2577 4 2607 ξ
43 2577 119 2612 Die
144 2576 371 2620 eigentliclie
395 2577 621 2610 constructio
647 2578 846 2611 verborum
872 2589 970 2612 war:
1009 2580 1161 2613 Tantum
1187 2581 1296 2620 abest,
1322 2584 1360 2613 ut
1378 2607 1386 2615 .
1404 2607 1412 2615 .
1438 2592 1499 2615 ve-

0 2623 2 2648 ἶ
45 2623 127 2667 lim,
159 2627 198 2655 ut
223 2623 380 2655 dizerz'm
405 2628 474 2655 cet.

132 2668 165 2703 2.
196 2669 308 2702 Illum
333 2671 468 2707 autem,
496 2670 539 2706 Q.
566 2667 728 2703 fratrem.
747 2688 792 2696 —-
831 2669 1025 2703 militiave.
1057 2670 1230 2705 Militiam
1256 2677 1379 2712 vocat,
1413 2673 1500 2717 quia

46 2725 125 2749 eum
149 2714 295 2759 agmine
321 2719 459 2748 armato
490 2713 808 2758 proficisceretur.
836 2716 1045 2752 MANUT.
1086 2717 1171 2752 vid.
1199 2729 1260 2763 ep.
1280 2719 1428 2754 CCXX.
1455 2738 1499 2746 --

1112 2775 1197 2816 14*
