1795 3043
507 68 824 117 EPISTOLA
859 68 1106 115 CCXCIII.
1437 74 1545 122 299

85 182 381 238 veoevepoev'pro
400 183 474 224 tuo
502 182 684 224 vendita.
721 181 926 222 Valetudo
956 184 1029 223 tua
1057 195 1124 223 me
1152 181 1275 224 valde
1304 181 1546 223 conturbat.
1568 187 1598 225 2

87 242 336 297 Significant
366 241 479 282 enim
507 241 605 280 tuae
634 241 785 279 literae
815 241 858 279 te
886 251 1058 290 prorsus
1086 239 1292 280 laborare.
1350 240 1440 292 Ego
1470 253 1549 279 au-

85 304 193 351 tem,
231 312 363 351 quum
392 298 545 349 sciam,
586 308 712 348 quam
741 296 797 336 sis
825 296 958 346 fortis,
989 297 1279 337 vehementius
1308 308 1396 336 esse
1426 295 1547 347 quid-

89 358 184 399 dam
220 357 429 409 suspicor,
480 353 590 405 quod
630 355 673 393 te
720 354 841 406 cogat
879 353 1029 393 cedere
1064 356 1106 392 ot
1142 354 1446 406 propemodum
1481 353 1547 393 in-

88 415 265 468 fringat:
308 413 385 453 etsi
415 412 588 452 alteram
618 413 868 461 quartanam
896 410 1142 461 Pamphilus
1179 413 1275 450 tuus
1305 411 1409 451 mihi
1437 410 1547 450 dixit

89 472 316 512 decessisse
357 471 398 509 et
437 469 614 508 alteram
661 468 864 507 leviorem
909 467 1125 507 accedere.
1190 469 1390 508 Terentia
1429 478 1546 518 vero,

89 541 199 581 quae
229 527 397 580 quidem
425 525 568 565 eodem
597 525 786 576 tempore
816 523 868 565 ad
898 525 1062 576 portam
1090 524 1387 565 Brundisinam
1415 524 1549 574 venit,

89 598 172 638 quo
202 597 277 638 ego
307 584 352 623 in
383 583 563 635 portum,
591 582 779 633 mihique
808 582 932 621 obvia
961 582 1005 621 in
1034 582 1126 621 foro
1154 582 1252 633 fuit,
1280 582 1325 621 L.
1347 582 1553 621 Pontium

90 643 174 682 sibi
213 643 257 682 in
298 640 537 681 Trebulano
580 638 734 678 dixisse
770 639 970 679 narrabat
1011 639 1136 679 etiam
1174 651 1264 678 eam
1305 638 1548 678 decessisse.

91 698 210 748 Quod
239 699 275 738 si
304 698 364 738 ita
404 698 486 748 est,
527 697 589 735 est
619 695 731 746 quod
760 697 941 737 maxime
972 697 1215 736 mehercule
1256 697 1379 748 opto,
1416 695 1550 745 idque

94 768 217 808 spero
248 758 319 795 tua
347 752 572 806 prudentia
608 754 650 792 et
687 754 968 806 temperantia
999 755 1039 793 te
1068 754 1353 794 consecutum.
1413 752 1550 792 Venio
1575 752 1603 791 3

91 813 144 853 ad
175 812 372 864 epistolas
400 812 519 862 tuas,
558 822 661 861 quas
700 822 775 863 ego
805 812 1024 850 sexcentas
1054 823 1136 850 uno
1166 813 1357 862 tempore
1386 809 1553 861 accepi,

92 869 219 910 aliam
249 869 333 909 alia
360 868 664 917 iucundiorem,
686 880 795 919 quae
813 867 980 919 quidem
1009 869 1128 907 erant
1157 869 1231 907 tua
1259 880 1397 907 manu.
1443 865 1556 906 Nam

92 925 286 967 Alexidis
315 937 486 965 manum
515 924 718 976 amabam,
748 925 860 976 quod
889 927 974 964 tam
1003 937 1135 976 prope
1165 924 1394 964 accedebat
1417 923 1469 963 ad
1500 922 1556 962 si-

93 983 373 1025 militudinem
402 984 498 1021 tuae
528 983 699 1021 literae:
743 995 826 1022 non
867 981 1075 1032 amabam,
1115 981 1226 1032 quod
1262 980 1479 1020 indicabat
1510 981 1557 1018 te

95 1052 179 1080 non
206 1040 362 1080 valere.
412 1039 539 1078 Cuius
569 1039 768 1089 quoniam
797 1039 954 1078 mentio
982 1039 1095 1078 facta
1126 1039 1207 1082 cst,
1248 1039 1448 1077 Tironem
1477 1036 1559 1076 Pa-

95 1098 174 1138 tris
213 1109 383 1148 aegrum
420 1096 599 1147 reliqui,
640 1095 973 1146 adolescentem,
1014 1098 1060 1134 ut
1096 1095 1230 1143 nosti,
1268 1096 1310 1134 et
1349 1094 1478 1142 adde,
1521 1092 1561 1133 si

97 1153 198 1205 quid
227 1154 315 1205 vis,
352 1152 555 1204 probumt
593 1151 703 1192 nihil
732 1152 820 1192 vidi
850 1153 1014 1193 melius.
1069 1152 1218 1203 ltaque
1254 1164 1378 1192 careo
1420 1162 1562 1202 aegre.

95 1211 152 1252 Et
179 1222 434 1263 quamquam
462 1208 686 1250 videbatur
715 1221 759 1248 se
789 1222 874 1249 non
897 1209 1084 1262 graviter
1104 1209 1278 1261 habere,
1307 1210 1448 1249 tamen
1469 1217 1566 1247 sum

100 1351 207 1385 Hunc
231 1360 399 1392 versum,
424 1348 456 1383 si
480 1348 607 1391 voles,
633 1349 693 1382 cui
718 1348 864 1383 lubebit
887 1348 1178 1384 adolescentium
1204 1350 1471 1389 studiosorum,
1499 1348 1569 1391 qui

101 1395 324 1432 eruditionis
350 1405 461 1429 causa
483 1400 519 1428 te
545 1400 776 1429 assectantur
800 1400 836 1428 et
852 1396 991 1438 colunt,
1015 1396 1111 1430 iacta
1127 1404 1163 1431 te
1179 1397 1328 1430 fecisse.
1345 1394 1565 1430 GRONOV.

193 1442 226 1476 2.
258 1442 436 1476 Valetudo
462 1445 537 1483 tua,
563 1441 663 1474 Dein
690 1441 1109 1476 Gesundheitszustand.
1149 1442 1213 1477 Sic
1238 1443 1306 1477 Cd.
1335 1442 1371 1476 in
1397 1454 1444 1476 m.
1462 1442 1566 1476 1584.

101 1489 235 1533 Margo
261 1488 360 1522 Crat.
387 1487 515 1521 Lamb.
540 1485 748 1521 invaletudo
779 1489 838 1530 (ut
863 1498 922 1531 ep.
942 1488 1028 1531 296,
1047 1490 1095 1531 l.)
1122 1489 1239 1532 Cett.,
1277 1489 1376 1531 quod
1402 1489 1566 1522 vocabu-

13 1555 15 1571 s
104 1536 178 1569 lum
203 1535 336 1568 crebro
362 1544 418 1567 me
442 1534 572 1577 legere
595 1533 745 1585 memini
770 1533 808 1567 in
832 1534 1035 1567 Petrarcae
1054 1534 1249 1578 Epistolis.
1286 1534 1431 1568 Eodem
1453 1533 1569 1567 modo

18 1590 22 1667 Ξ
103 1587 294 1662 ,333an
303 1579 679 1668 703552-.}³“‡;.}⁷ta‘<..{·
694 1579 959 1669 {⁵5rp1355.²·-§'
970 1581 1113 1660 ἔὲῆξῖἷξ·
1129 1579 1573 1672 ᾖαῗέίῗᾷἶαῖἵέρὲἆᾛξ

106 1672 394 1717 ungewohnlich
418 1671 581 1715 hestiger
606 1672 744 1706 Ansall.
761 1690 805 1697 —-
844 1673 1022 1716 z'nsrz'ng.,
1049 1674 1299 1717 iiberwiiltigt.
1323 1692 1369 1700 -
1412 1674 1572 1707 alteram

19 1727 24 1761 s
105 1723 340 1764 quartanam,
374 1718 438 1751 das
470 1717 572 1756 eine,
617 1718 681 1752 das
712 1718 892 1763 doppelte
927 1720 1220 1754 Quartanfieber.
1245 1739 1290 1744 —-
1339 1719 1572 1763 Pamphilus,

14 1769 24 1820 ᾗῇ
107 1765 168 1799 ein
194 1765 303 1800 Sclav
341 1764 406 1797 des
430 1763 592 1798 Attikus.
613 1783 657 1789 -
700 1765 871 1798 leviorem
896 1766 1048 1800 febrem.
1070 1785 1112 1790 —
1148 1770 1296 1809 portam
1325 1766 1393 1799 mit
1421 1769 1574 1810 portum

15 1821 22 1836 ’ν
108 1811 168 1846 ein
201 1811 356 1845 leichtes
382 1810 602 1854 VVortspiel.
622 1830 666 1836 —
706 1811 749 1845 L.
774 1811 927 1845 Pontius
952 1812 1089 1855 Aquila
1120 1813 1221 1846 hatte
1254 1812 1338 1846 eine
1370 1812 1480 1848 Villa
1509 1810 1576 1845 bei

109 1858 321 1899 Trebulae,
350 1856 468 1889 einem
495 1855 716 1899 Stadtchen,
742 1857 875 1891 dessen
900 1858 1232 1892 K'asemanufactur
1256 1858 1409 1893 Martial
1434 1858 1576 1892 r-uhmt.

109 1904 164 1938 Er
187 1914 265 1938 war
291 1903 350 1936 ein
375 1902 525 1937 Freund
551 1902 734 1945 ciem-0⁷5,
769 1903 806 1937 in
839 1904 907 1939 der
931 1905 1050 1948 Folge
1082 1905 1186 1938 einer
1211 1905 1279 1939 der
1305 1903 1580 1940 Casarmuorder

110 1950 186 1984 und
210 1949 295 1983 kam
320 1949 374 1982 als
398 1949 517 1992 Legat
542 1948 607 1982 des
632 1949 680 1983 D.
698 1949 838 1984 Brutus
863 1950 925 1985 bei
951 1952 1096 1986 Mutina
1122 1963 1190 1985 um.
1230 1951 1267 1986 S.
1294 1951 1339 1985 ad
1364 1950 1498 1985 Famil.
1522 1949 1576 1992 X,

109 1998 168 2032 33.
194 1995 238 2029 ad
262 1995 376 2029 Attio.
399 1995 454 2038 V,
472 1995 505 2029 2.
523 1996 557 2030 3.
576 1996 609 2029 4.
642 1997 673 2038 Ι,
695 1998 728 2030 l.
761 1996 929 2042 Philipp.
952 1998 1070 2041 XIII,
1085 1998 1117 2033 2.
1135 2017 1180 2023 —
1219 2008 1298 2032 eam
1322 1998 1401 2033 scil.
1427 1997 1577 2031 febrem

111 2041 304 2077 leviorem.
330 2041 458 2075 Lamb.
486 2043 596 2074 etiam
621 2053 700 2075 eam
726 2043 810 2077 iam.

17 2094 27 2121 'i
201 2090 235 2124 3.
261 2091 415 2121 sexcent.
442 2099 488 2121 =
512 2089 725 2133 permultas.
762 2089 802 2123 S.
828 2089 976 2123 Ramsh.
1002 2091 1030 2133 §.
1048 2090 1189 2133 203,st
1209 2091 1240 2124 1.
1257 2109 1299 2114 —-
1338 2089 1473 2124 Alexis·
1497 2097 1578 2121 war

114 2133 197 2168 dem
222 2134 396 2177 Attikus,
430 2144 507 2167 was
535 2134 626 2168 Tiro
653 2135 734 2168 dem
761 2135 914 2176 Cicer03
948 2144 1022 2170 erst
1054 2137 1187 2170 dessen
1219 2147 1370 2179 servus,
1407 2136 1507 2169 dann
1532 2133 1581 2168 li-

115 2180 244 2214 bertus
270 2191 304 2214 u.
331 2180 573 2215 amanuensis.
612 2180 654 2216 S.
678 2181 723 2214 ad
748 2181 859 2215 Attio.
884 2182 981 2224 XII,
999 2185 1042 2217 10
1068 2194 1102 2216 u.
1133 2184 1182 2222 V,
1203 2183 1260 2217 20.
1309 2183 1382 2217 Ein
1416 2181 1582 2215 andei-er

116 2226 250 2262 Alexis
275 2237 380 2270 puer,
405 2226 597 2260 vielleic'nt
620 2227 753 2261 dessen
771 2227 984 2271 Stilinchen,
1011 2229 1155 2262 scheint
1179 2229 1247 2262 der
1273 2229 1319 2263 ad
1337 2225 1583 2269 Attic.V111,

24 2308 30 2449 ἱ
119 2274 139 2306 7
165 2272 352 2305 erwahnte
378 2283 423 2306 zu
449 2273 541 2307 sein.
568 2292 612 2297 —
652 2285 818 2315 manum,
852 2274 959 2307 Hand
983 2287 1028 2308 Ξ
1054 2274 1308 2309 Handschrift.
1330 2294 1374 2299 —
1413 2272 1580 2309 accedeb.

120 2318 169 2351 ad
200 2317 311 2351 simil.
354 2318 585 2353 Umschreib.
618 2330 646 2353 s.
680 2320 829 2354 Ramsh.
864 2321 894 2363 ξ.
915 2321 1004 2364 203,
1026 2321 1106 2364 ΙΙΙ,
1130 2323 1162 2356 3.
1186 2340 1231 2347 --
1276 2326 1308 2354 te
1339 2332 1411 2354 non
1442 2320 1582 2353 valere.

121 2362 234 2398 Sonst
259 2363 394 2397 hattest
417 2365 479 2398 Du
512 2366 629 2399 selbst
660 2366 919 2409 gcschrieben.
940 2386 982 2391 —
1024 2368 1153 2406 catus,
1187 2367 1373 2402 Alexidis.
1407 2366 1489 2400 Vor
1517 2363 1584 2399 Ti-

121 2420 247 2443 ronem
270 2410 393 2453 suppl.
412 2411 520 2454 scito,
547 2423 588 2445 so
614 2413 696 2445 fallt
722 2412 794 2446 mir
818 2412 890 2446 ein.
906 2431 947 2438 —
985 2414 1257 2457 adolescentem,
1283 2414 1355 2447 den
1380 2412 1586 2446 wackeren

26 2451 32 2541 k
122 2455 259 2498 iungen
276 2455 400 2489 Mann.
440 2457 717 2491 miserationem
743 2459 777 2493 h.
789 2470 823 2493 v.
851 2459 950 2492 facit.
977 2458 1062 2493 Sch.
1090 2471 1190 2505 susp.
1215 2461 1480 2494 adolescentem.
1501 2467 1587 2490 eru-

121 2502 250 2540 ditum,
276 2505 314 2533 ul
339 2502 452 2542 nosti3
478 2504 583 2547 adde,
608 2505 642 2538 si
666 2505 736 2547 vis,
759 2516 793 2549 p.
822 2505 1015 2539 Sententia
1039 2507 1213 2550 vulgatae
1237 2507 1330 2540 haec
1355 2511 1427 2538 est:
1465 2502 1588 2546 „ado-

122 2548 321 2581 lescentem
355 2548 549 2592 pulchrum
582 2550 747 2593 mihique
780 2551 1033 2595 carissimum,
1075 2561 1115 2586 ut
1145 2552 1265 2594 nosti-3
1297 2551 1392 2585 cet.''
1435 2550 1530 2583 adde
1551 2547 1589 2582 si

27 2565 31 2665 ἱ
123 2594 178 2627 vis
204 2593 353 2627 volebat
378 2593 488 2627 etiam
514 2595 675 2630 Ernesti.
704 2596 779 2631 Sed
805 2597 1014 2632 iamdudum
1029 2598 1224 2632 Bentleius
1250 2597 1295 2631 ad
1312 2598 1441 2630 Horat.
1469 2596 1588 2629 Serm.

22 2640 32 2692 ζ(
123 2639 165 2692 2,
185 2641 302 2690 7339.
337 2639 482 2683 siquid
512 2641 589 2684 vis,
623 2643 731 2684 adde,
765 2645 901 2688 popino
934 2651 1102 2678 nostrum
1136 2646 1257 2677 locum
1289 2645 1449 2677 afferens
1483 2642 1590 2676 illum

124 2685 344 2719 vindicarat.
374 2686 569 2720 ORELLI.
604 2689 638 2721 si
662 2690 748 2732 quid
770 2690 827 2723 vz's
850 2689 999 2724 addere.
1016 2710 1061 2716 --
1110 2689 1219 2725 Nihil
1241 2701 1288 2723 =
1312 2688 1496 2722 neminem
1526 2713 1536 2722 .
1553 2713 1561 2721 .
1579 2712 1590 2720 .

24 2736 31 2782 μ
126 2731 332 2766 meliorem.
348 2751 392 2757 —
423 2744 460 2765 se
485 2743 592 2775 grav.
620 2732 716 2777 hab„
735 2735 814 2770 sich
831 2736 997 2771 schlimm
1016 2737 1203 2779 befinden,
1221 2737 1260 2770 in
1275 2734 1416 2770 Gesahr
1431 2734 1528 2769 sein.
1546 2749 1595 2761 --·
