1795 3043
179 44 280 94 154
434 37 502 86 M.
539 37 596 83 Τ.
632 34 976 83 CICERONIS
1010 34 1386 84 EPISTOLAE.

180 155 245 196 est
274 151 453 195 maxime
490 149 769 191 necessarius.
827 149 944 199 Quae
982 147 1018 190 si
1055 149 1183 191 etiam
1220 149 1380 190 maio'ra
1408 149 1506 189 sunt
1533 150 1575 189 et
1602 148 1647 189 in

179 211 376 253 omnibus
404 208 560 250 seculis
591 207 816 259 pauciores
844 207 926 248 viri
955 207 1117 258 reperti
1147 209 1267 259 sunt,
1306 206 1380 259 qui
1407 219 1503 246 suas
1533 206 1650 259 cupi-

183 269 359 321 ditates,
401 278 525 318 quam
563 264 637 316 qui
677 264 863 304 hostium
901 264 1047 316 copias
1084 264 1325 306 vincerent:
1364 265 1427 303 est
1456 263 1649 316 profecto

182 330 324 379 tuum,
366 335 497 376 quum
536 322 589 362 ad
619 333 688 363 res
718 321 898 362 bellicas
928 322 1056 370 haec,
1096 334 1203 374 quae
1232 320 1399 361 rariora
1426 322 1469 361 et
1498 319 1652 360 diffici-

183 385 294 426 liora
321 382 442 428 sunt,
474 391 630 433 genera
657 378 828 420 virtutis
858 378 1127 427 adiunxeris,
1160 380 1271 432 ipsas
1300 377 1428 418 etiam
1456 378 1553 418 illas
1582 389 1651 417 res

103 442 161 483 16
183 443 320 496 gestas
341 438 537 479 iustiores
554 449 646 478 esse
663 438 706 476 et
724 437 904 477 maiores
922 437 1086 489 putare.
1117 436 1362 477 Extremum
1380 434 1488 475 illud
1508 435 1586 486 est,
1603 434 1653 473 ut

183 497 304 552 quasi
335 495 531 536 diffidens
558 493 771 547 rogationi
808 505 926 534 meae
955 494 1269 546 philosophiam
1299 492 1351 533 ad
1380 493 1424 531 te
1453 492 1649 544 allegem:

184 569 271 608 qua
299 565 380 594 nec
409 553 516 593 mihi
546 552 687 592 carior
717 551 807 591 ulla
835 562 1023 601 unquam
1051 563 1119 591 res
1148 550 1194 591 in
1224 551 1313 591 vita
1340 549 1438 602 suit,
1469 561 1549 589 nec
1578 549 1652 588 ho-

182 613 343 655 minum
373 610 517 664 generi
546 609 679 649 maius
709 621 734 648 a
764 607 844 647 diis
872 619 1025 648 munus
1062 609 1197 648 ullum
1233 609 1295 647 est
1323 606 1481 648 datum.
1532 605 1653 646 Haec

181 670 338 724 igitur,
375 679 483 720 quae
513 666 620 706 mihi
647 666 788 705 tecum
818 665 1049 705 communis
1080 666 1165 716 est,
1204 664 1382 705 societas
1421 663 1654 703 studiorum

183 730 310 779 atque
338 725 492 766 artium
520 724 778 769 nostrarum,
809 721 961 772 quibus
979 735 1003 762 a
1021 721 1205 774 pueritia
1225 720 1356 761 dediti
1379 733 1429 761 ac
1450 718 1654 770 devincti,

182 785 266 826 soli
295 780 597 836 propemodum
625 791 701 819 nos
718 779 1033 832 philosophiam
1051 790 1196 819 veram
1219 779 1339 818 illam
1359 779 1399 818 et
1420 778 1654 829 antiquam,

183 853 292 895 quae
322 838 573 892 quibusdam
603 837 681 877 otii
711 848 800 876 esse
830 848 880 876 ac
910 835 1094 876 desidiae
1123 835 1312 883 videtur,
1349 835 1394 874 in
1423 836 1563 874 forum
1594 834 1655 873 at-

184 911 266 952 que
296 898 342 938 in
371 908 461 937 rem
489 895 708 948 publicam
734 894 862 944 atque
892 892 937 932 in
967 893 1102 946 ipsam
1142 893 1280 933 aciem
1316 904 1452 943 paene
1482 890 1656 932 deduxi-

183 969 291 1004 mus,
322 956 466 994 tecum
495 952 582 1005 agit
610 951 662 992 de
692 962 786 991 mea
814 949 961 999 laude;
991 951 1063 991 cui
1093 950 1239 1003 negari
1263 963 1289 990 a
1307 949 1466 989 Catone
1484 950 1547 989 fas
1565 959 1656 987 esse

185 1026 269 1056 non
307 1013 424 1065 puto.
484 1008 764 1057 Quamobrem
798 1007 878 1048 tibi
915 1008 976 1048 sic
1014 1007 1269 1060 persuadeas
1296 1006 1446 1048 velim:
1485 1006 1522 1046 si
1552 1003 1657 1045 mihi

185 1074 260 1112 tua
287 1067 497 1110 sententia
525 1066 710 1107 tributus
741 1065 875 1105 honos
906 1077 958 1105 ex
986 1065 1092 1104 meis
1128 1065 1265 1105 literis
1301 1064 1457 1111 fuerit,
1496 1074 1563 1103 me
1592 1061 1656 1101 sic

185 1126 537 1172 existimaturum,
569 1136 698 1175 quum
726 1122 982 1162 auctoritate
1004 1124 1090 1174 tua,
1113 1123 1202 1161 tum
1232 1120 1528 1161 benevolentia
1558 1130 1657 1172 erga

185 1198 255 1227 me
283 1184 403 1231 mihi,
436 1181 551 1233 quod
579 1181 763 1221 maxime
793 1179 1014 1231 cupierim,
1045 1179 1284 1231 contigisse.

190 1251 1659 1267 W*

185 1297 274 1329 nes,
309 1283 456 1327 Konigs
487 1292 560 1315 von
587 1278 870 1325 Cappadocien‚
910 1279 1011 1312 hatte
1037 1289 1078 1312 er
1113 1278 1193 1312 sich
1218 1277 1267 1311 im
1296 1277 1411 1312 Senat
1434 1278 1522 1312 sehr
1545 1288 1659 1321 ange-

186 1342 370 1374 nommen,
396 1328 510 1362 damit
534 1327 659 1361 dieser
686 1327 749 1359 ibn
775 1325 857 1358 dem
877 1325 1012 1359 Cicero
1038 1325 1236 1369 empfohle.
1274 1324 1317 1358 In
1343 1325 1469 1358 dieser
1484 1323 1660 1358 Hinsicht

187 1390 269 1414 war
287 1389 327 1412 er
345 1377 440 1411 auch
458 1380 638 1420 patronus
655 1371 823 1407 Ciliciae.
841 1390 883 1395 -
913 1372 1011 1407 Quae
1032 1397 1059 1405 ..
1089 1371 1114 1405 i.
1130 1382 1162 1404 e.
1190 1381 1284 1413 quae
1310 1377 1537 1415 ornamenta,
1563 1380 1659 1413 quac

188 1426 347 1460 virtutes
374 1424 412 1457 in
437 1427 543 1465 toga,
576 1420 680 1454 diese
704 1419 995 1453 vorerw'ahnten
1021 1417 1252 1461 Tugenden,
1286 1417 1454 1461 aequitas
1480 1423 1516 1451 et
1541 1416 1661 1450 conti-2

189 1471 326 1507 nentia.
351 1489 396 1495 —
435 1468 600 1509 maiora,
634 1477 694 1499 um
730 1476 772 1499 so
809 1465 929 1498 hoher
961 1475 1006 1498 zu
1038 1464 1212 1497 sch'atzen
1238 1463 1340 1506 sind,
1380 1468 1414 1497 et
1438 1476 1484 1496 Ξ
1507 1475 1569 1506 ac,
1605 1463 1660 1496 als

190 1524 278 1555 statt
310 1527 378 1561 quo
407 1541 415 1550 .
431 1541 465 1550 ,.
494 1514 691 1558 pauciores
717 1518 786 1545 cet.
838 1510 878 1545 S.
903 1511 1052 1543 Ramsh.
1088 1509 1116 1551 ξ.
1138 1512 1224 1551 179,
1242 1510 1294 1552 Β,
1318 1521 1359 1552 a,
1378 1511 1420 1552 4,
1445 1510 1531 1544 Not.
1554 1512 1585 1543 1.
1613 1528 1661 1534 —

188 1566 385 1600 vincerent.
435 1561 560 1594 Locus
592 1557 814 1592 communis:
856 1556 951 1599 „Bis
978 1555 1091 1589 vincit
1118 1556 1155 1588 in
1181 1556 1359 1598 victoria,
1384 1556 1447 1599 qui
1474 1566 1514 1590 se
1540 1556 1660 1601 ipsum

189 1610 340 1647 vincit.'⁷
389 1607 519 1642 Claud.
554 1606 614 1639 De
646 1610 767 1648 quart.
795 1614 895 1637 cons,
924 1603 1068 1635 Honor.
1088 1602 1264 1637 2ssl.262.
1294 1603 1431 1645 „Tunc
1457 1603 1579 1636 omnia
1604 1602 1661 1635 iu·

188 1670 233 1693 re
258 1656 418 1695 tenebi5‚
445 1654 564 1689 Quum
589 1651 734 1696 poteris
759 1661 829 1684 rex
846 1659 928 1683 esse
954 1648 1098 1682 tui.''—
1132 1649 1360 1692 estprosecto
1376 1652 1489 1691 tuum,
1515 1659 1556 1682 so
1580 1648 1666 1681 darf

190 1705 253 1740 ich
280 1713 353 1736 von
382 1700 527 1734 Deiuer
551 1698 724 1732 Denkart
755 1702 954 1731 erwarten.
973 1714 1018 1719 -
1055 1695 1103 1728 ad
1127 1705 1186 1728 res
1219 1695 1370 1729 bellicas
1393 1705 1505 1728 meas.
1528 1715 1570 1720 —
1604 1695 1663 1728 ict-

189 1751 337 1793 stiores,
364 1747 431 1781 der
446 1745 752 1787 Auszeichnung‚
780 1742 884 1777 einer
908 1740 1146 1786 supplicatio,
1172 1742 1264 1774 nach
1289 1742 1399 1775 allem
1416 1741 1536 1775 Recht
1561 1743 1663 1775 xviii·-

191 1798 313 1841 diger.
362 1794 467 1830 Nach
501 1792 568 1826 der
599 1790 768 1825 Formel:
804 1789 903 1822 iusta
935 1788 1116 1830 victoria,
1150 1787 1266 1820 iustus
1300 1787 1516 1831 triu-mplius.
1562 1787 1663 1822 Illud

191 1855 267 1879 esse
293 1842 414 1876 deleV.
442 1839 532 1873 Ern.
561 1836 648 1872 Sch.
675 1837 770 1871 Liin.
805 1835 1030 1869 illustriores
1055 1835 1155 1867 Man.
1183 1844 1285 1878 susp.
1314 1834 1512 1868 ORELLI.

286 1890 342 1924 16.
376 1888 606 1925 Extremum,
634 1895 692 1917 um
708 1882 840 1917 Nichts
867 1881 1092 1915 unversucht
1118 1890 1162 1913 zu
1189 1881 1323 1914 lassen.
1339 1900 1380 1905 —
1406 1881 1454 1913 ad
1478 1884 1512 1912 te
1535 1880 1664 1922 alleg„

193 1936 335 1972 mittam
361 1934 406 1968 ad
432 1939 467 1966 te
493 1938 664 1973 tanquam
690 1931 872 1971 legatum,
909 1938 955 1961 zu
989 1927 1131 1961 meiner
1155 1926 1476 1971 Fui-sprecherinn
1502 1926 1564 1960 bei
1590 1926 1665 1960 Dir

194 1983 349 2018 macheu
373 1979 590 2013 m'ochte.—
621 1987 751 2010 munus
767 2001 794 2009 ..
813 1975 949 2017 datam,
974 1973 1050 2008 wie
1075 1971 1186 2008 Univ.
1214 1975 1257 2007 14
1275 1979 1371 2007 extr.
1396 1973 1558 2017 Harusp.
1587 1972 1664 2006 c.4.

194 2048 240 2055 —-
264 2026 436 2068 devincti,
461 2036 505 2058 an
534 2023 710 2057 einander
734 2021 969 2066 gekeltet.—
991 2031 1118 2064 paene,
1146 2020 1206 2054 ich
1231 2020 1378 2054 mochte
1402 2030 1516 2063 sagen
1538 2029 1662 2061 sogar.

192 2086 307 2122 paene
333 2074 449 2108 aciem
465 2072 617 2104 Liin.—
647 2073 762 2103 tecum
788 2068 870 2110 agit
894 2068 936 2101 de
959 2078 1040 2101 mea
1065 2067 1183 2109 laude,
1210 2067 1318 2100 redet
1341 2065 1413 2099 mir
1436 2065 1473 2099 in
1491 2064 1667 2098 Hinsicht

197 2124 263 2156 des
288 2120 359 2155 mir
383 2116 651 2163 gebiihienden
676 2116 802 2150 Lobes
829 2114 892 2147 das
908 2115 1021 2148 VVort
1045 2113 1108 2147 bei
1124 2112 1208 2147 Dir.
1226 2132 1271 2137 —
1302 2112 1364 2147 cui
1387 2111 1466 2146 scil.
1494 2110 1667 2146 societati

197 2168 406 2205 studiorum
431 2170 657 2206 nostrorum,
681 2161 959 2207 philosophiae.
997 2158 1304 2195 Personificatio!
1322 2177 1366 2183 -—
1399 2158 1551 2200 negari,
1582 2157 1667 2191 dass

197 2216 258 2250 ihr
282 2215 412 2248 Etwas
438 2210 711 2254 abgeschlagen
736 2208 887 2250 werde,
922 2207 1007 2241 dass
1031 2206 1088 2240 sie
1121 2206 1205 2240 eine
1229 2205 1471 2249 abschlagige
1492 2206 1669 2239 Antwort

199 2261 411 2297 erhalte.—
434 2268 479 2291 ex
493 2257 584 2290 meis
603 2256 737 2299 literis,
762 2257 941 2298 vernioge
964 2252 1105 2287 meines
1131 2263 1175 2286 an
1201 2251 1270 2285 den
1284 2251 1398 2286 Senat
1414 2249 1668 2294 abgesandten

198 2305 457 2344 schriftlichen
477 2303 659 2346 Gesuchs,
685 2312 794 2336 wenn
814 2301 977 2335 dariiber
992 2309 1064 2333 von
1091 2299 1162 2333 den
1179 2298 1364 2332 Consulen
1392 2308 1438 2331 an
1463 2298 1534 2331 den
1554 2296 1669 2331 Senat

198 2353 354 2390 referirt
376 2349 543 2386 wird.—
574 2360 630 2382 me
654 2349 720 2383 sic.
746 2348 867 2381 delev.
893 2348 948 2380 sic
963 2344 1145 2380 Lamb.—
1177 2345 1408 2387 auctoritate,
1434 2344 1552 2377 durch
1567 2342 1669 2376 Dein

200 2400 394 2440 Gewicht‚
427 2396 526 2432 Dein
560 2395 734 2429 Ansehen
771 2393 869 2427 heim
903 2393 1052 2428 Senate.
1102 2390 1154 2426 So
1186 2390 1370 2435 dringend
1402 2391 1496 2424 auch
1534 2389 1668 2423 Cicero

201 2449 315 2483 Gatos
335 2442 691 2487 Philosophenstolz
717 2441 789 2474 und
807 2439 991 2475 Vorliebe
1015 2439 1074 2472 fiir
1089 2437 1390 2472 Cameradschaft
1413 2437 1451 2470 in
1468 2434 1669 2480 Anspruch

203 2494 352 2534 nimmt3
386 2502 427 2525 so
454 2490 591 2523 stimmt
616 2488 741 2522 dieser
767 2486 861 2520 doch
898 2495 1018 2529 gegen
1044 2484 1106 2517 die
1132 2483 1408 2527 Zuerkennung
1434 2483 1501 2517 der
1526 2480 1670 2526 suppli-

203 2540 302 2575 catio
329 2539 377 2573 im
403 2537 540 2572 Senate
567 2536 612 2577 (s.
638 2533 684 2568 ad
708 2532 836 2567 Famil.
858 2533 972 2574 VIII,
993 2532 1049 2564 11.
1076 2531 1166 2573 XV,
1183 2530 1214 2564 5.
1236 2532 1268 2565 6.
1293 2530 1341 2564 ad
1357 2529 1471 2564 Attic.
1488 2528 1578 2569 V11,
1599 2527 1668 2569 1.),

205 2585 393 2621 wesshalb
420 2583 482 2617 ibn
514 2582 619 2615 iener
652 2580 701 2614 im
727 2585 849 2613 ersten
877 2577 1067 2612 Unwillen
1093 2577 1202 2610 einen
1227 2576 1448 2610 malevolum
1474 2578 1587 2608 nennt
1613 2572 1667 2615 (S.

205 2632 253 2667 ad
278 2631 394 2667 Λαὶς.
418 2629 515 2671 Vll,
541 2629 614 2670 2.),
649 2627 703 2660 als
735 2637 776 2659 er
811 2625 912 2667 hort,
949 2625 1032 2658 dass
1066 2634 1107 2656 er
1140 2623 1223 2658 dem
1248 2623 1408 2658 Bibulus
1432 2621 1518 2657 eine
1541 2619 1671 2655 solche

208 2680 309 2714 Ehre
335 2677 452 2712 durch
477 2674 606 2711 seinen
630 2674 773 2718 Antrag
799 2671 1023 2716 zugewandt
1048 2669 1155 2704 habe.

1762 0 1776 163 1

1779 1017 1788 1066 nm«
1775 738 1787 1009 «ew-
