1795 3043
256 99 355 146 162
559 91 622 136 Μ.
660 89 714 134 Τ.
752 85 1093 134 CICERONIS
1127 84 1501 135 EPISTOLAE.

256 205 444 248 simultas
462 201 542 244 tibi
561 213 645 242 non
668 200 830 248 fuisset,
860 199 1037 240 liberius
1056 199 1135 239 tibi
1165 199 1217 240 de
1238 201 1327 241 tota
1346 213 1393 241 re
1415 202 1537 243 esset.
1579 200 1719 251 Nunc,

258 265 294 305 si
323 263 375 304 ad
404 262 523 302 illam
552 270 756 299 summam
784 257 1003 298 veritatem
1031 258 1264 309 legitimum
1304 258 1371 298 ius
1410 258 1621 312 exegeriS‚
1654 272 1722 300 ca-

260 321 442 363 vendum
472 317 552 358 tibi
582 317 687 366 erit,
727 326 780 355 ne
810 327 959 366 parum
987 315 1235 366 simpliciter
1264 316 1306 355 et
1327 314 1506 356 candide
1530 317 1723 367 posuisse

259 375 504 418 inimicitias
534 373 726 415 videaris.
784 371 832 411 In
865 372 975 412 hanc
1003 373 1165 424 partem
1194 384 1321 424 porro
1343 373 1481 412 tutum
1510 373 1592 413 tibi
1623 373 1720 421 erit,

260 435 297 475 si
339 433 439 484 quid
477 431 686 482 volueris,
725 428 978 482 gratificari:
1024 441 1148 469 nemo
1186 430 1296 470 enim
1334 429 1643 470 necessitudine
1681 431 1724 470 et

263 490 452 533 amicitia
481 491 522 529 te
551 487 800 527 deterritum
831 486 884 526 ab
913 486 1056 525 officio
1087 486 1210 526 dicet.
1260 487 1373 526 Illud
1394 487 1496 527 mihi
1519 486 1724 539 occurrit,

265 547 378 600 quod
407 548 518 587 inter
538 543 863 597 postulationem
895 544 937 582 et
958 544 1139 583 nominis
1157 543 1410 583 delationem
1431 555 1538 583 uxor
1555 557 1580 583 a
1599 544 1726 584 Dola-

216 609 244 649 2
266 605 381 645 bella
400 602 602 643 discessit.
637 600 746 647 Quid
768 599 874 639 mihi
896 599 1114 639 discedens
1142 600 1367 652 mandaris,
1397 600 1593 650 memini;
1623 599 1728 651 quid

265 674 342 714 ego
372 661 450 700 tibi
480 658 745 709 scripserim,
776 658 818 695 te
847 669 931 696 non
963 655 1145 696 arbitror
1174 656 1364 698 oblitum.
1423 656 1519 698 Non
1550 659 1612 697 est
1640 657 1725 697 iam

264 721 430 771 teinpus
458 718 585 768 plura
613 713 827 755 narrandi.
886 713 1027 753 Unum
1063 713 1172 753 illud
1200 726 1369 754 monere
1398 715 1441 754 te
1469 727 1660 766 possum:
1690 713 1728 754 si

264 789 332 817 res
363 774 442 814 tibi
471 784 556 812 non
588 769 856 823 displicebit,
896 772 1035 810 tamen
1066 771 1147 811 hoc
1185 773 1374 824 tempore
1412 771 1522 811 nihil
1563 771 1614 811 de
1652 772 1727 811 tua

265 832 482 875 voluntate
510 827 703 869 ostendas
726 829 767 867 et
787 828 1025 878 exspectes,
1056 828 1405 878 quemadmodum
1425 829 1547 868 exeat
1568 840 1619 868 ex
1643 828 1726 868 hac

266 903 406 931 causa.
465 886 657 937 Denique
687 884 937 925 invidiosum
966 883 1044 924 tibi
1073 884 1149 932 sit,
1184 886 1221 925 si
1250 886 1477 927 emanarit:
1506 897 1659 938 porr0,
1689 888 1729 926 si

278 969 1722 981 W

266 1001 412 1039 Vict.l.
433 999 567 1034 G1·aev.
588 997 755 1030 simultas
773 996 808 1029 si
822 995 925 1032 Vict.
938 995 972 1028 2.
991 995 1081 1029 Ern.
1096 995 1238 1029 Bened.
1257 995 1343 1030 Seli.
1362 995 1455 1029 Liin.
1470 996 1541 1030 ΟΒ.
1558 1016 1595 1021 -
1620 995 1724 1030 liber.

270 1074 279 1083 .
291 1074 299 1082 .
318 1051 419 1089 esset,
437 1057 477 1079 so
497 1045 633 1077 hattest
646 1044 708 1078 Du
724 1042 761 1075 in
779 1043 845 1076 der
861 1053 1003 1085 ganzen
1019 1041 1137 1076 Sache
1155 1042 1293 1075 freiere
1309 1043 1450 1076 Hande.
1462 1060 1507 1067 -—-
1531 1042 1565 1075 εἰ
1581 1068 1588 1075 .
1602 1067 1609 1075 .
1622 1067 1630 1075 .
1647 1052 1729 1074 esce-

265 1095 382 1138 geria,
398 1102 506 1126 wenn
518 1092 579 1124 Du
590 1091 681 1132 Das,
699 1099 775 1123 was
790 1090 851 1122 Du
872 1088 938 1121 mit
956 1088 1276 1131 gesetznxiissigem
1293 1089 1412 1122 Recht
1434 1089 1522 1121 thun
1538 1089 1728 1131 konntest‚

266 1141 360 1174 nach
383 1138 526 1172 Deiner
549 1137 759 1170 bekannten
784 1141 994 1177 strengsten
1015 1134 1342 1177 Walirlial'tigkeit,
1369 1134 1666 1178 Aufrichtigkeit
1691 1145 1727 1167 u.

268 1183 550 1228 Ger-echtigkeit
577 1192 763 1216 ermessen
789 1181 862 1214 und
889 1181 1133 1214 ‹lurchsetzeu
1158 1182 1338 1214 wollzcst.
1374 1180 1525 1216 Veritas
1549 1192 1597 1216 =
1620 1180 1729 1213 iusti-

268 1234 339 1275 tia,
372 1231 447 1265 wie
471 1229 630 1272 ἀλήθεια
657 1239 691 1262 ιι.
718 1228 858 1270 ἀληθὲς
879 1239 925 1259 =
950 1227 1161 1270 δικαιοσύνη
1199 1237 1234 1259 ιι.
1261 1228 1414 1261 δίκαιον.
1463 1227 1591 1260 Ueber
1623 1227 1730 1259 illam

268 1291 296 1313 s.
323 1277 472 1312 Ranish.
498 1276 625 1319 §.158‚
642 1275 677 1316 2,
699 1273 735 1306 b.
754 1291 798 1296 ——-
838 1273 984 1305 cavend.
1018 1297 1026 1305 .
1053 1273 1142 1315 erit,
1175 1283 1236 1312 ne,
1264 1284 1306 1306 so
1332 1273 1499 1306 wiirdest
1518 1273 1581 1306 Du
1605 1283 1729 1316 gegen

268 1326 339 1358 den
366 1322 561 1366 Arngohu
596 1330 641 1353 zu
665 1319 837 1362 kampt'en
869 1319 1006 1357 haben,
1039 1319 1105 1350 als
1131 1318 1197 1352 ob.
1216 1337 1260 1342 —
1295 1329 1430 1361 ponere
1454 1319 1615 1357 inimic„
1649 1319 1729 1352 sich

268 1368 554 1404 mitlemandem
578 1366 799 1400 aussfflinen.
819 1384 863 1389 —-
893 1365 937 1396 1η
962 1363 1053 1397 hcmc
1074 1369 1228 1407 partem,
1254 1364 1291 1396 in
1316 1364 1440 1398 dieser
1458 1365 1641 1407 Hinsicht,
1667 1364 1729 1398 bei

269 1418 393 1451 dieser
419 1415 606 1456 Anklage.
629 1432 663 1436 -
703 1411 859 1453 gratis„
884 1410 1005 1443 Einen
1030 1411 1289 1454 begiinstigen,
1317 1410 1389 1443 ihm
1416 1411 1729 1444 durchhelfen.—

269 1464 382 1502 dicet,
415 1461 541 1505 „deun
556 1458 737 1493 Niemand
763 1458 859 1490 wird
886 1457 981 1490 daun
1007 1467 1135 1499 Sagen,
1161 1458 1222 1490 Du
1248 1456 1362 1490 seiest
1387 1457 1504 1491 durch
1529 1458 1588 1491 ein
1616 1468 1730 1501 enge-

268 1521 330 1544 res
355 1504 727 1543 sreundschal'tliches
753 1502 993 1539 Verhaltniss
1025 1503 1296 1546 abgesclireckt
1330 1504 1507 1547 worden,
1544 1504 1625 1537 dem
1650 1505 1730 1547 Ap-

269 1556 354 1601 pius
379 1564 424 1587 zu
450 1553 620 1585 dienen.⁷'
666 1549 855 1583 Manutius
882 1560 916 1582 u.
943 1549 1116 1592 Ernesti,
1157 1549 1332 1582 VVieland
1360 1561 1394 1584 ιι.
1421 1549 1639 1584 Schmieder
1665 1550 1731 1582 be-

270 1603 404 1636 ziehen
436 1599 535 1632 diess
566 1597 715 1639 darauf,
752 1595 836 1629 dass
862 1595 1026 1629 Cicero’s
1049 1594 1205 1629 Familie
1230 1595 1297 1628 mit
1321 1596 1403 1629 dein
1428 1597 1623 1640 Anklager
1648 1596 1729 1629 Do-

270 1648 427 1687 labella,
461 1645 528 1678 der
553 1643 632 1677 sich
657 1652 728 1675 von
760 1642 884 1675 seiner
908 1641 1004 1674 Frau
1030 1647 1204 1684 getrennt
1235 1641 1355 1684 hatte,
1390 1653 1522 1686 wegen
1558 1642 1728 1676 ehlicher

269 1690 522 1734 Verbindung
546 1689 611 1722 mit
636 1689 703 1722 der
726 1688 852 1721 Tullia
877 1687 914 1720 in
940 1688 1130 1730 geheimcr
1152 1688 1463 1731 Unterhandlnng
1487 1689 1613 1730 stand,
1647 1699 1726 1722 wo-

270 1751 343 1773 von
375 1739 439 1771 das
470 1735 669 1770 Publicum
707 1744 752 1767 zu
784 1734 879 1767 Rom
911 1734 1005 1766 noch
1029 1734 1161 1766 Nichts
1187 1741 1338 1767 wusste.
1388 1734 1527 1768 Schiitz
1565 1735 1725 1768 erklart:

269 1786 338 1830 „Si
364 1783 453 1828 quid
479 1782 604 1827 Appio
631 1779 797 1814 volueris
822 1779 1044 1823 gratificari,
1077 1790 1183 1812 nemo
1209 1786 1329 1814 tamen
1355 1780 1473 1824 dicat,
1501 1787 1536 1814 te
1562 1780 1727 1814 necessi-

271 1831 400 1866 tudine
432 1836 468 1863 et
498 1827 658 1862 amicitia
689 1826 885 1859 adductum
913 1836 1016 1868 esse,
1055 1832 1093 1859 ut
1116 1827 1160 1859 ab
1185 1825 1311 1859 officio
1337 1827 1466 1859 sumini
1492 1826 1583 1860 iuris
1611 1833 1645 1860 et
1672 1826 1727 1859 iu—

269 1882 468 1921 corruptae
493 1873 661 1908 veritatis
687 1872 913 1906 discederes.
963 1870 1045 1905 Etsi
1070 1872 1167 1905 enim
1195 1872 1406 1905 inimicitias
1432 1884 1512 1905 cum
1537 1884 1582 1906 eo
1609 1873 1727 1917 depo-

271 1923 393 1965 suisti,
420 1926 637 1954 nontamen
664 1919 748 1952 ideo
774 1919 877 1952 illum
904 1918 938 1951 in
965 1918 1185 1952 necessariis
1211 1925 1248 1951 et
1272 1918 1398 1952 amicis
1415 1919 1554 1952 habere
1569 1919 1721 1953 videris.

269 1971 331 2004 De
357 1965 550 2003 Ciceronis
575 1965 781 1999 rationibus
807 1976 887 1998 cum
912 1965 1127 2007 Dolabella,
1151 1964 1266 2008 Appii
1291 1971 1520 2008 accusatore,
1547 1966 1726 2010 deinceps
1770 1974 1771 1990 ³

270 2015 437 2058 loquitur
462 2011 644 2047 Caelius.'’
663 2030 706 2035 —
754 2012 855 2045 Illud
881 2037 889 2045 .
908 2037 915 2044 .
945 2012 1126 2054 occurrit,
1169 2011 1215 2044 da
1246 2011 1327 2044 sallt
1357 2011 1427 2044 mir
1457 2012 1552 2044 eben
1585 2012 1656 2045 ein.
1678 2029 1725 2037 -
1768 2010 1771 2038 J

266 2063 363 2096 inter
384 2064 477 2104 post.
504 2063 536 2091 et
567 2069 660 2091 nom.
689 2058 915 2091 delationem.
966 2058 1060 2091 Wer
1086 2057 1282 2090 Iemanden
1317 2057 1420 2089 eines
1445 2056 1723 2092 Staatsverbre-
1768 2059 1770 2065 '

267 2109 379 2142 cliens
405 2106 587 2148 anklagen
617 2104 770 2146 wollte,
802 2109 941 2137 inusste
966 2109 1044 2137 erst
1074 2103 1171 2136 beim
1196 2103 1332 2136 prator
1357 2103 1550 2136 offentlich
1577 2115 1635 2136 um
1661 2104 1723 2138 die
1762 2103 1768 2145 '5

266 2152 488 2188 Erlaubniss
514 2151 608 2184 dazu
633 2150 826 2193 anlialten,
860 2150 958 2183 ohne
982 2149 1052 2183 den
1078 2150 1217 2183 Namen
1242 2149 1404 2192 Dessen,
1431 2148 1502 2181 den
1527 2160 1569 2183 er
1594 2150 1723 2184 ankla-
1765 2150 1767 2176 ι’

266 2211 337 2244 gen
363 2198 515 2239 wollte,
556 2206 601 2229 zu
633 2207 776 2229 nennen
813 2195 909 2239 (siue
943 2194 1100 2229 nominis
1132 2194 1346 2237 delatione).
1403 2194 1517 2228 Diess
1549 2195 1649 2230 hiess
1683 2196 1722 2230 in
1763 2196 1766 2235 ,ἶ

266 2247 333 2280 der
349 2243 680 2286 Gerichtssprache
699 2242 911 2286 postulatum.
944 2242 1053 2276 Dann
1078 2247 1212 2275 nannte
1227 2251 1268 2274 er
1293 2241 1385 2274 nach
1413 2241 1623 2285 beliebiger
1639 2242 1723 2279 Zeit
1762 2243 1765 2272 ι’

265 2292 349 2326 dem
374 2291 511 2325 Prator
535 2289 628 2321 auch
654 2289 723 2321 den
755 2289 918 2332 Namen;
948 2289 1097 2322 worauf
1124 2287 1219 2321 dann
1249 2287 1312 2321 das
1348 2286 1598 2331 gerichtliche
1622 2289 1721 2325 Ver·
1761 2308 1765 2329 ,ι

263 2339 393 2372 sahren
420 2334 637 2380 (accusatio)
663 2334 789 2368 seinen
813 2335 959 2378 Ansang
978 2335 1096 2367 nahm.

202 2398 205 2400 >
353 2384 387 2417 2.
421 2380 612 2426 mandaris
641 2381 721 2414 scil.
756 2380 803 2414 de
829 2380 1032 2414 Dolabella
1062 2378 1217 2421 eiusque
1250 2379 1374 2412 futuro
1408 2378 1569 2413 divortio
1603 2384 1640 2413 et
1671 2380 1718 2414 de
1759 2376 1763 2416 Ι

263 2427 506 2463 conciliandis
531 2425 670 2470 nuptiis
696 2438 777 2459 cum
795 2426 934 2460 Tullia.
960 2425 1164 2459 MANUT.
1203 2425 1297 2468 Vgl.
1324 2436 1383 2469 ep.
1403 2425 1716 2467 CLXXXVILI.
1757 2439 1760 2464 ς

263 2475 473 2516 ccxxix,
491 2474 526 2508 3.
546 2491 590 2498 —-
621 2476 655 2505 et
678 2484 723 2505 Ξ
747 2473 811 2506 sed
838 2473 928 2506 nach
954 2471 1058 2505 nihil.
1079 2490 1121 2495 —
1147 2475 1249 2504 exeat
1273 2481 1316 2504 ex
1340 2471 1406 2505 hac
1431 2482 1540 2505 causa
1564 2472 1623 2505 vel
1638 2473 1717 2517 Ap-
1756 2479 1760 2502 ι

261 2522 346 2565 pius
373 2527 413 2555 ut
436 2529 543 2561 reUS,
570 2519 630 2552 vel
654 2518 858 2552 Dolabella
882 2524 920 2552 ut
945 2523 1149 2552 accusator.
1176 2517 1281 2551 SCH.
1300 2536 1344 2542 —
1375 2517 1547 2561 Denique.
1582 2517 1714 2554 Lamb.
1751 2518 1752 2521 ’

260 2567 351 2602 Ern.
377 2567 464 2602 Sch.
483 2566 575 2599 Liin.
603 2575 731 2606 causa,
757 2575 800 2597 ne
823 2575 893 2608 qua
915 2565 988 2597 inv.
1017 2563 1211 2597 ORELLI.
1227 2581 1270 2588 -—
1314 2563 1537 2598 invidiosum
1561 2563 1630 2597 tibi
1651 2565 1714 2608 sit,
1754 2574 1758 2585 ··

260 2624 301 2647 es
324 2614 471 2647 mochte
496 2611 569 2645 Dir
593 2611 680 2644 iible
694 2611 889 2644 Nachrede
913 2610 1148 2644 veranlassen
1163 2635 1174 2653 ,
1201 2620 1309 2642 wenn
1334 2611 1461 2643 Etwas
1486 2608 1605 2643 davon
1630 2621 1715 2645 ver·
1753 2604 1757 2638 Ϊ

258 2658 410 2694 lautete.
458 2655 639 2692 Invidiam
672 2657 795 2690 facere
826 2662 973 2700 poterat
1004 2656 1163 2690 affinitas
1191 2667 1271 2689 cum
1295 2654 1498 2690 Dolabella
1523 2661 1715 2691 contracta
1751 2671 1755 2692 ι

255 2705 419 2749 Appium
453 2715 549 2738 nunc
579 2707 792 2745 accusante,
830 2714 911 2737 cum
942 2713 1015 2745 quo
1048 2702 1085 2736 in
1121 2701 1276 2745 gratiam
1307 2702 1441 2736 Cicero
1472 2701 1636 2736 redierat
1662 2709 1712 2746 et,
1750 2707 1755 2735 ,¹

253 2761 363 2794 quum
397 2756 557 2794 uterque
598 2760 715 2794 augur
747 2755 865 2788 esset,
904 2748 1057 2792 collegii
1095 2748 1358 2783 coniunctione
1392 2747 1586 2782 devinctus
1620 2755 1711 2793 erat.
1750 2753 1754 2781 't
