1795 3043
194 69 262 117 46
474 61 539 108 Μ.
575 61 630 106 Τ.
669 59 1006 110 CICERONIS
1040 62 1411 112 EPISTOLAE.

198 178 316 219 ctore
345 172 543 217 incubui:
575 184 655 214 nec
684 183 752 213 me
781 175 912 227 piget.
965 176 1036 225 Et,
1067 177 1104 216 si
1132 177 1340 231 intelligis
1370 191 1496 231 quam
1523 192 1663 222 meum

198 235 255 275 sit
284 234 395 275 scire
426 233 467 271 ct
497 243 663 278 curare,
697 231 799 281 quid
827 233 874 272 in
903 245 950 273 re
980 233 1156 286 publica
1185 234 1282 276 fiat:
1309 258 1368 264 —-
1396 235 1472 276 fiat
1492 237 1662 280 autem?

198 293 328 333 immo
367 302 468 331 vero
509 288 634 328 etiam
675 289 778 339 quid
806 290 998 330 futurum
1039 292 1117 339 sit,
1148 293 1367 344 perscribe
1398 294 1452 334 ad
1480 307 1546 334 me
1577 308 1665 335 om-

197 351 293 399 nia3
333 348 405 388 sed
446 346 787 399 diligentissime:
834 348 879 387 in
910 349 1165 401 primisque,
1207 350 1361 401 ecquid
1401 351 1664 393 iudiciorum

196 410 329 448 status
360 405 434 445 aut
463 405 672 444 sactorum
702 405 773 444 aut
794 405 1035 445 futurorum
1055 406 1181 446 etiam
1203 407 1385 449 laboret.
1443 408 1508 449 De
1538 422 1661 462 aqua,

196 464 235 505 si
266 475 395 505 curae
426 462 505 509 est,
537 461 575 501 si
605 460 708 513 quid
736 461 965 515 Philippus
995 466 1105 517 aget,
1139 465 1460 507 animadvertes.

407 611 726 657 EPISTOLA
763 611 902 657 CCII.
941 612 1023 671 (ad
1057 614 1164 660 Div.
1199 614 1323 661 VIII.
1361 615 1433 673 2.)

343 699 424 735 Ser.
450 700 593 733 Romae
617 710 743 733 mense
770 697 930 734 Quintili
954 700 999 735 A.
1027 700 1074 734 U.
1100 701 1141 735 C.
1172 703 1249 738 703.
1285 703 1336 745 (a.
1362 703 1404 737 C.
1431 704 1507 746 51.)

193 769 391 806 Messalam
416 769 561 802 nuntiat
581 768 731 802 Caelius
756 768 966 802 absolutum
992 769 1148 811 eiusque
1167 769 1401 805 defensorem
1417 772 1660 806 Hortensium

192 827 214 851 a
245 817 389 862 populo
423 816 520 851 male
550 822 754 859 acceptum.
782 818 815 849 1.
859 815 974 850 Addit
1000 816 1181 859 quaedam
1206 816 1253 850 de
1278 828 1320 851 re
1343 818 1497 863 publica
1522 825 1560 853 et
1583 818 1660 854 suis

590 861 628 895 in
654 861 846 896 aedilitate
872 862 1193 907 competitoribus.
1227 863 1261 898 2.

652 929 870 965 CAELIUS
897 930 1145 965 CICERONI
1170 931 1208 967 S.

307 1002 446 1050 Certe,
478 1000 665 1053 inquam,
698 1001 914 1041 absolutus
945 1003 1007 1042 est
1018 1016 1030 1051 3
1071 1015 1140 1042 me
1170 1002 1213 1042 in
1244 1015 1293 1042 re
1321 1002 1535 1054 praesenti
1564 1016 1662 1056 pro-

191 1062 434 1102 nuntiatum
463 1061 549 1106 est,
583 1062 625 1098 et
655 1059 826 1110 quidem
856 1059 1052 1099 omnibus
1083 1059 1304 1100 ordinibus
1335 1062 1378 1100 et
1407 1061 1584 1113 singulis
1614 1061 1659 1102 in

189 1131 446 1170 unoquoque
488 1116 636 1156 ordine
686 1117 923 1158 sententiis,
982 1117 1088 1157 Vide
1125 1117 1248 1157 modo
1258 1130 1272 1167 3
1321 1118 1477 1169 inquis.
1546 1118 1656 1166 Non,

188 1271 280 1304 sar's
315 1267 495 1303 Maschen
527 1265 721 1309 allmiihlig
753 1265 980 1308 abzulosen‚
1015 1275 1093 1299 was
1134 1276 1175 1299 er
1209 1264 1292 1298 dem
1317 1264 1470 1299 Attikus
1503 1264 1586 1298 hier
1612 1275 1658 1299 zu

188 1315 388 1350 verstehen
421 1313 513 1357 gibt.
548 1332 591 1336 —
627 1324 735 1356 quam
764 1323 883 1344 meum
912 1312 962 1345 sit
984 1323 1032 1345 Ξ
1061 1311 1148 1355 quid
1177 1322 1258 1344 mea
1288 1311 1434 1345 intersit
1466 1311 1558 1345 Cod.
1587 1312 1659 1345 Ur-

187 1363 278 1406 sin.‚
308 1361 384 1395 wie
415 1360 490 1393 viel
528 1358 598 1392 mir
631 1359 746 1392 daran
771 1359 940 1402 'gelegen
978 1357 1059 1390 sein
1091 1360 1223 1391 musae.
1250 1376 1294 1381 —
1328 1359 1393 1400 fiat
1417 1361 1553 1399 autem,
1580 1368 1659 1393 was

187 1411 263 1453 sag’
296 1408 380 1442 ich't
410 1406 649 1450 geschehentt
689 1404 727 1439 S.
754 1405 904 1439 Ramsh.
933 1404 960 1447 §.
988 1405 1067 1446 181,
1110 1404 1161 1438 II.
1188 1405 1221 1438 6.
1257 1404 1402 1438 Grotef.
1441 1405 1470 1446 §.
1506 1404 1584 1438 362.
1614 1423 1657 1430 —-

186 1456 276 1501 quid
299 1457 368 1498 fut.
394 1455 455 1487 sz't.
484 1453 573 1495 Vgl.
594 1463 651 1496 ep.
672 1452 847 1495 CXCIX,
875 1452 907 1485 1.
935 1462 992 1484 am
1016 1450 1137 1493 Ende,
1164 1451 1241 1484 bes.
1270 1451 1432 1494 ep..CC‚
1457 1451 1490 1484 2.
1519 1461 1641 1494 gegen

186 1503 306 1538 Ende.
332 1520 378 1526 —
411 1498 604 1543 ecquid...
633 1499 796 1540 laboret,
830 1497 877 1530 ob
911 1497 1041 1530 Etwas
1075 1508 1120 1529 an
1145 1496 1229 1530 dem
1259 1496 1534 1539 gerichtlichen
1559 1497 1659 1532 Ver-

185 1550 319 1583 fahren
342 1545 406 1581 bei
432 1545 503 1578 den
530 1544 671 1578 bereits
692 1542 995 1588 abgeurtheilten
1015 1542 1108 1575 oder
1133 1543 1228 1576 noch
1245 1554 1314 1575 vor
1332 1543 1488 1577 Gericht
1513 1543 1658 1578 schwe-

186 1596 337 1630 benden
363 1592 749 1635 Criininalprozessen
776 1589 1027 1623 auszustellen
1056 1589 1144 1623 ist.“
1194 1590 1270 1622 Zur
1297 1589 1417 1623 Sache
1449 1591 1566 1633 vergl.
1595 1602 1655 1635 ep.

187 1643 260 1686 CC,
292 1646 326 1679 2.
376 1639 505 1672 Ueber
529 1638 658 1681 ecquid
682 1637 832 1670 Ramsh.
861 1636 889 1677 ἓ.
909 1637 987 1678 160,
1015 1637 1047 1677 t,
1071 1636 1158 1670 Not.
1185 1638 1218 1669 3.
1248 1636 1392 1669 Grotef.
1420 1637 1447 1679 §.
1472 1637 1549 1670 292.
1575 1639 1655 1672 343.

188 1709 232 1714 —
257 1688 314 1723 De
339 1697 447 1730 aqua,
471 1695 550 1718 was
576 1684 637 1717 die
664 1682 967 1725 Wasserleitung
992 1692 1057 1714 aus
1084 1682 1151 1715 der
1176 1682 1319 1716 Crabra
1344 1683 1498 1716 betrifft.
1533 1682 1569 1717 S.
1598 1695 1656 1728 ep.

188 1735 263 1779 CC,
287 1736 320 1769 3.
348 1752 389 1758 —
421 1732 456 1765 si
480 1742 589 1764 curete
614 1735 677 1769 est,
704 1740 815 1764 wenn
839 1728 944 1762 Dir's
969 1728 1102 1761 anders
1129 1728 1196 1761 der
1221 1728 1336 1762 mune
1363 1729 1484 1762 werth
1510 1729 1656 1765 daucht.

186 1801 234 1808 —-
265 1781 300 1814 si
332 1779 420 1823 qnid
452 1784 545 1819 cet.,
578 1777 626 1810 ob
659 1776 740 1810 sich
774 1776 843 1811 Ph.
885 1775 950 1808 das
985 1775 1163 1808 Geschast
1201 1775 1409 1818 angelegen
1442 1775 1521 1809 sein
1554 1776 1655 1811 lassi.

188 1829 316 1862 Ueber
347 1826 381 1859 si
405 1825 493 1869 quid
515 1835 562 1856 z
587 1825 716 1864 εἴπως,
748 1823 787 1857 ἐἴ
807 1837 840 1857 τι
871 1831 898 1855 S.
930 1821 1080 1855 Ramsh.
1107 1822 1135 1864 ξ.
1163 1822 1241 1862 174,
1275 1821 1306 1854 2.
1332 1821 1419 1855 Not.
1447 1824 1477 1855 1.
1512 1822 1655 1857 Grotef.

187 1877 217 1920 ᾗ,
250 1875 331 1916 427,
361 1872 468 1906 Anm.
502 1871 534 1904 4.
570 1889 613 1893 —
646 1870 932 1910 animadvertes,
966 1868 1060 1900 habe
1093 1867 1203 1902 Acht.
1252 1866 1316 1900 Sic
1353 1867 1430 1902 Md.
1468 1869 1590 1903 Oxon.
1624 1871 1655 1904 I.

188 1924 274 1956 Asc.
318 1922 349 1953 1.
386 1919 485 1952 Crat.
528 1916 629 1951 vict.
664 1917 696 1950 1.
739 1915 868 1949 Lamb.
905 1914 1180 1947 animadvertas
1212 1913 1312 1948 vict.
1346 1915 1379 1948 2.
1417 1914 1506 1948 Bos.
1542 1914 1655 1959 Seqq.

187 1969 315 2002 Ueber
341 1965 405 1998 das
431 1965 560 1997 Futur.
586 1968 676 1995 statt
700 1961 766 1996 des
791 1962 966 2006 Imperat.
992 1971 1019 1994 s.
1047 1960 1196 1994 Ramsh.
1223 1961 1250 2004 §.
1279 1960 1356 1995 16³..
1382 1961 1489 1996 Anm.
1514 1963 1549 2001 8,
1576 1964 1655 2005 167,

187 2015 234 2052 N.
259 2015 292 2050 2.
326 2010 471 2047 Grotef.
497 2011 525 2053 ἓ.
553 2010 631 2044 186.

497 2076 732 2113 CAELIUS.
776 2076 812 2112 S.
847 2086 893 2110 zu
927 2086 984 2120 ep.
1011 2075 1162 2110 CXCII.
1189 2074 1238 2108 im
1264 2074 1349 2110 Ans.

283 2142 316 2175 l.
365 2137 553 2173 absolutus
583 2139 635 2168 est
661 2135 740 2168 scil.
767 2134 952 2173 Messala,
986 2144 1071 2166 reus
1108 2133 1154 2166 de
1191 2133 1340 2167 ambitu.
1375 2131 1462 2168 Vid.
1497 2143 1555 2177 ep.
1582 2133 1655 2176 CO,

188 2189 223 2223 2.
249 2206 294 2213 —
327 2197 383 2220 me
407 2186 447 2218 in
471 2195 512 2217 ‘re
532 2181 730 2227 praesenti.
780 2180 845 2215 Sic
878 2180 924 2214 de
952 2179 1135 2214 Gronovii
1162 2178 1258 2212 coni.
1285 2178 1391 2221 dedi3
1423 2179 1540 2212 verba
1563 2190 1655 2213 vero

189 2235 246 2270 sic
278 2230 549 2267 construenda:
583 2231 695 2273 ἐμοῦ
719 2227 850 2268 ὄντος
883 2228 922 2260 in
947 2237 987 2260 re
1008 2226 1197 2270 praesenti
1220 2225 1300 2269 vel,
1336 2225 1437 2268 quod
1462 2225 1560 2259 idem
1586 2232 1655 2269 est,

186 2284 388 2328 praesente.
438 2277 515 2312 Sed
547 2276 664 2309 forma
684 2273 872 2318 praesenti
903 2279 1074 2307 constans
1106 2272 1275 2314 videtur,
1311 2272 1377 2305 cfr.
1404 2278 1555 2315 praeter
1588 2283 1656 2305 ex-

189 2329 313 2371 empla
338 2322 617 2362 Forcelliniana
646 2321 832 2363 Inscriptt.
864 2331 964 2354 meas
996 2319 1153 2352 Latinas
1175 2319 1220 2353 N.
1249 2319 1350 2353 3671.
1402 2312 1522 2352 CUM
1542 2319 1655 2352 ITA-

192 2375 294 2412 QUE
329 2373 400 2409 ΕΤ
426 2370 491 2406 ΙΝ
521 2369 588 2403 RE
612 2367 909 2403 PRAESENTI
930 2364 1150 2400 SAEPIUS
1180 2364 1399 2400 FUERIM.
1449 2364 1526 2400 Md.
1553 2365 1652 2399 Crat.

189 2424 292 2459 vict.
326 2423 357 2455 1.
389 2420 422 2453 2.
461 2417 595 2451 Graev.
627 2414 768 2448 Bened.
804 2424 859 2447 me
891 2415 1193 2457 repraesentante.
1241 2412 1330 2445 Ern.
1367 2410 1453 2445 Sch.
1486 2411 1580 2444 Liin.
1607 2411 1656 2444 de

190 2467 331 2504 Rutilii
371 2464 468 2500 coni.
501 2474 556 2496 me
602 2465 803 2505 praesente.
854 2459 931 2495 Sed
970 2459 1042 2492 hoc
1088 2457 1155 2492 vix
1196 2456 1457 2502 corrupissent
1493 2456 1654 2491 librarii.

192 2514 391 2550 ORELLI.
440 2511 569 2546 Ueber
605 2508 677 2542 den
713 2507 918 2552 doppelten
951 2506 1075 2539 Ablat.
1106 2508 1297 2549 praesente
1330 2515 1364 2537 u.
1397 2503 1586 2548 praesenti
1624 2514 1652 2537 s.

192 2562 342 2597 Ramsh.
379 2560 406 2603 §.
433 2559 490 2601 23,
529 2556 600 2598 III,
635 2555 741 2589 Anni.
775 2555 808 2597 5,
834 2555 880 2596 a.)
908 2553 1002 2586 iiber
1036 2561 1092 2584 me
1115 2563 1162 2584 Ξ
1184 2552 1296 2596 ἐμοῦ
1320 2550 1452 2590 ὄντος
1477 2548 1652 2583 ebendas.

192 2611 222 2654 ξ.
248 2609 326 2642 172.
373 2607 456 2640 Der
483 2603 593 2638 Sinn:
619 2601 706 2642 „ich
730 2611 811 2635 war
846 2600 964 2634 selbst
988 2608 1180 2641 zugegen,
1217 2598 1272 2631 als
1297 2606 1380 2630 man
1414 2596 1479 2630 das
1504 2595 1656 2629 Urtheil

191 2653 437 2701 publici1·te.“
460 2670 505 2675 —-
530 2654 563 2683 et
587 2649 730 2692 quidem
754 2647 976 2681 omnibus...
1002 2644 1208 2686 sententiis,
1243 2643 1318 2677 und
1346 2652 1451 2676 zwar
1481 2641 1586 2675 ward
1613 2652 1656 2675 er

193 2700 379 2743 einhellig
413 2698 531 2731 durch
570 2696 642 2729 alle
684 2694 765 2727 drei
794 2694 947 2728 Classen
980 2692 1047 2726 der
1079 2690 1239 2724 Richter
1269 2700 1311 2724 so
1346 2688 1656 2733 losgesprochen‚

194 2749 279 2785 dass
304 2747 344 2783 in
377 2744 484 2780 ieder
510 2744 638 2779 Classe
662 2741 776 2776 Mann
801 2741 860 2774 sui·
884 2740 997 2775 Manu
1023 2736 1126 2773 seine
1151 2736 1308 2772 Stimme
1340 2735 1516 2780 abgelegt
1540 2735 1653 2769 hatte.
