1795 3043
628 83 939 132 EPISTOLA
984 84 1226 131 CCLXIV.
1549 88 1658 141 237·

187 195 319 238 buere
350 198 475 239 etiam
504 195 702 238 beneficii
731 196 891 248 aliquid
929 198 971 236 ct
1000 196 1187 239 honoris.
1244 196 1287 238 Is
1314 195 1446 251 igitur
1474 197 1647 247 Gavius,

185 267 318 306 quum
347 256 558 308 Apameae
586 267 653 294 me
682 267 817 307 nuper
843 253 1016 294 vidisset
1044 254 1219 295 Romam
1247 254 1544 307 proficiscens,
1580 267 1650 296 me

187 311 249 352 ita
288 311 538 364 appellavit:
579 333 637 341 -
668 312 903 365 Culleolum
939 311 1011 351 vix
1050 312 1247 352 auderem
1275 334 1332 341 —
1377 312 1550 365 „Unde,
1587 313 1651 353 in·

188 369 304 419 quit,
337 382 402 410 me
429 368 550 408 iubes
579 371 726 421 petere
756 368 920 409 cibaria
943 368 1208 419 praefecti?”
1256 369 1467 422 Respondi
1498 369 1650 422 lenius,

188 438 315 476 quam
346 426 549 478 putabant
577 426 836 478 oportuisse,
869 425 944 476 qui
974 425 1167 465 aderant:
1207 438 1273 465 me
1302 440 1386 467 non
1415 427 1651 467 instituisse

188 483 243 523 iis
272 483 372 523 dare
403 483 576 533 cibaria,
607 495 785 532 quorum
815 494 943 533 opera
973 495 1057 522 non
1090 494 1220 522 essem
1250 496 1362 525 usus.
1420 483 1542 525 Abiit
1570 484 1652 524 ira-

17 565 18 586 7
188 541 270 581 tus.
330 541 466 581 Huius
505 539 730 580 nebulonis
770 539 1005 580 obiratione
1046 539 1080 578 si
1109 540 1264 579 Brutus
1301 542 1461 581 moveri
1497 542 1648 594 potest,
1671 536 1702 578 ’ἵ

17 611 18 614 “
187 596 339 637 licebit
378 610 473 637 eum
511 597 624 636 solus
663 610 799 647 ames3
849 608 916 635 me
951 597 1160 636 aemulum
1197 609 1281 636 non
1318 597 1506 638 habebis.
1569 597 1654 639 Sed

158 653 311 693 ‘illum
342 667 435 694 eum
462 654 650 694 futurum
680 667 770 694 esse
800 656 924 705 puto,
968 655 1041 705 qui
1073 666 1161 693 esse
1190 654 1327 696 debet.
1387 655 1482 694 Tibi
1512 657 1653 696 tamen

188 723 357 751 causam
384 711 526 750 notam
556 723 645 750 esse
674 712 810 752 volui:
842 712 884 750 et
915 711 966 750 ad
996 712 1134 764 ipsum
1162 711 1269 752 haec
1299 712 1529 765 perscripsi
1559 712 1654 752 dili-

188 769 440 820 gentissime.
499 768 678 807 Omnino
707 791 765 797 ——
795 768 873 808 soli
904 768 1015 807 enim
1044 781 1185 808 sumus
1213 791 1271 799 —-
1302 770 1440 809 nullas
1468 782 1653 821 unquam

187 825 243 865 ad
272 838 338 865 me
366 825 513 865 literas
542 826 656 865 misit
684 827 862 877 l'iuutus⁷
901 837 954 865 ne
982 825 1174 889 ploxime
1217 826 1386 877 quidem
1417 826 1467 866 de
1497 827 1652 879 Appio,

188 881 233 921 in
264 882 420 933 quibus
449 895 533 921 non
562 882 717 922 inesset
747 895 967 935 ειΥΓοοεωε,
1009 879 1285 931 (Ξκοιιώνητον
1322 883 1495 935 aliquid.
1554 882 1655 925 Tibi

188 940 328 979 autem
357 939 480 981 valde
509 941 615 980 solet
643 940 686 980 iu
717 953 791 980 ore
821 952 931 979 esse·

688 1011 879 1050 Granius
916 1015 1059 1049 alitem

306 1067 400 1106 IVon
430 1073 699 1106 contemnere
727 1081 770 1105 se
801 1073 841 1106 et
871 1080 991 1120 reges
1021 1067 1157 1106 odisse
1185 1067 1388 1118 superbos
1400 1084 1414 1106 .·

188 1133 234 1173 in
264 1145 345 1184 quo
375 1135 514 1174 tamen
546 1134 621 1173 illc
650 1134 756 1173 mihi
787 1134 917 1173 lisum
947 1135 1090 1186 magis,
1124 1146 1249 1185 quam
1278 1135 1538 1176 stomachum
1568 1147 1654 1176 mo-

189 1203 290 1232 vere
321 1192 449 1230 solet:
491 1191 563 1231 sed
591 1191 718 1242 plane
748 1204 906 1242 parum
939 1203 1014 1231 coa
992 1192 1116 1244 Mat,
1156 1191 1258 1243 quid
1295 1192 1453 1232 scribat
1492 1195 1563 1232 aut
1600 1192 1654 1247 at}

191 1260 330 1298 quem.
389 1249 437 1295 Q.
472 1246 621 1287 Cicelo
651 1260 758 1299 puer
787 1249 909 1300 lenit,
940 1250 987 1287 ut.
1017 1249 1179 1300 opinor,
1211 1250 1252 1288 et
1284 1252 1398 1289 celte
1430 1251 1654 1302 epistolam
1675 1253 1703 1293 8

193 1304 441 1355 inscriptam
479 1306 591 1356 paui
622 1317 710 1344 suo.
771 1305 889 1344 Solet
928 1304 1040 1344 enim
1076 1306 1264 1356 aperire,
1308 1306 1435 1357 idque
1472 1307 1524 1346 de
1559 1319 1654 1347 meo

194 1361 371 1401 consilio
382 1374 394 1410 3
438 1361 473 1400 si
503 1361 605 1412 quid
635 1362 742 1401 sorte
773 1361 852 1412 sit,
892 1361 1005 1412 quod
1035 1374 1139 1413 opus
1169 1363 1222 1402 sit
1252 1362 1364 1403 sciri.
1423 1364 1472 1403 In
1503 1377 1553 1405 ea
1583 1377 1654 1405 au-

193 1420 279 1458 tem
309 1418 486 1469 epistola
515 1420 606 1457 erat
633 1418 740 1457 illud
770 1418 880 1458 idem
910 1419 961 1458 de
991 1431 1149 1470 sorore,
1178 1419 1289 1470 quod
1319 1420 1371 1460 ad
1395 1433 1475 1460 me.
1535 1421 1656 1461 Miri-

193 1474 275 1515 fiee
298 1474 591 1514 conturbat-um
608 1474 696 1514 vidi
715 1487 902 1526 puerum.
942 1475 1189 1516 Lacrimans
1209 1489 1373 1516 mecum
1393 1480 1453 1517 est
1468 1479 1654 1529 questus.

194 1532 305 1580 Quid
334 1532 534 1583 quaeris?
580 1531 735 1571 Miram
764 1532 808 1571 in
841 1544 891 1570 eo
929 1532 1147 1584 pietatem,
1184 1534 1434 1574 suavitatem
1466 1536 1657 1576 humani-

193 1590 404 1640 tatemque
432 1588 648 1641 perspexi:
679 1601 761 1640 quo
791 1588 995 1628 maiorem
1024 1602 1139 1642 spem
1170 1589 1307 1630 habeo
1335 1592 1446 1632 nihil
1469 1592 1566 1633 fore⁴
1581 1593 1658 1634 ali·

195 1746 297 1782 vict.
321 1747 353 1779 1.
372 1745 405 1779 2.
441 1744 506 1778 cfr.
533 1745 720 1779 Sestianae
753 1745 784 1787 §.
803 1744 881 1779 135.
913 1744 982 1777 Ed.
1008 1744 1106 1778 Mi.n
1132 1755 1178 1777 Ξ.-
1203 1746 1361 1779 asseclae
1386 1746 1483 1781 Cett.
1513 1748 1586 1783 ΟΕ.
1611 1766 1658 1774 -·

194 1803 323 1837 nuper.
357 1791 396 1826 S.
423 1803 480 1836 ep.
501 1792 607 1830 CCL,
628 1792 659 1825 9.
686 1791 735 1825 im
756 1791 869 1826 Febr.
897 1792 972 1825 704.
997 1809 1040 1814 —
1088 1791 1184 1825 Call.
1211 1803 1242 1826 v
1267 1794 1348 1827 aud.
1383 1794 1464 1827 scil.
1502 1795 1556 1828 Sic
1592 1805 1659 1840 ap-

198 1841 364 1885 pellam,
390 1838 499 1871 kaurn
524 1837 655 1871 wurde
681 1837 740 1870 ich
765 1848 804 1871 es
829 1847 961 1880 wagen
987 1837 1057 1870 den
1084 1837 1308 1881 Ge1ingsten
1335 1840 1429 1873 allel
1453 1832 1658 1875 Menschen

198 1887 239 1920 in
271 1886 353 1918 dem
383 1884 488 1917 Tone
520 1884 742 1917 auzureden.
777 1883 861 1918 Sch.
894 1882 991 1916 coni.
1025 1887 1062 1916 ut
1086 1884 1179 1917 Call.
1215 1885 1367 1919 Attikus
1400 1897 1498 1921 muss
1529 1887 1658 1921 diesen

196 1930 517 1973 nichtswiildigen
542 1930 784 1973 Erdensohn,
811 1929 880 1962 den
907 1930 1120 1973 Culleolus,
1147 1931 1243 1965 doch
1268 1932 1430 1975 gekannt
1454 1934 1586 1968 haben.
1613 1952 1658 1958 —

198 1978 343 2012 czbarz'a
362 1988 444 2021 pr.‚
474 1976 535 2010 die
547 1977 764 2020 Besoldung
789 1975 890 2010 eines
914 1976 1182 2010 Prafecten.—
1211 1988 1267 2011 me
1289 1989 1361 2012 77077
1384 1979 1489 2023 inst„
1517 1980 1578 2014 ich
1602 1978 1659 2014 sei

196 2025 300 2059 nicht
322 2023 512 2068 gewohnt.

291 2083 322 2115 7.
349 2081 570 2124 obzwatonne
596 2080 713 2114 durch
737 2079 808 2113 den
830 2080 943 2122 Zorn,
970 2079 1089 2115 Gr.oll
1127 2081 1199 2115 Ein
1225 2081 1322 2122 ἅπαξ
1347 2084 1420 2128 λεγ.
1436 2100 1482 2106 -
1512 2082 1660 2126 aemul„

198 2138 282 2161 zum
306 2127 584 2161 Nebenbuhler.
603 2146 646 2152 —
679 2127 751 2160 soli
776 2137 828 2160 en.
853 2137 942 2160 sum.
952 2152 962 2169 ‚
998 2133 1038 2160 ut
1070 2127 1191 2161 libele
1222 2134 1341 2162 tecum
1372 2128 1478 2172 loqui
1503 2129 1661 2173 possim,

200 2174 265 2207 das
291 2173 442 2208 Griech.
468 2175 569 2209 αὐτοὶ
592 2173 664 2220 γάρ
689 2174 813 2218 ἐσιιέ7,
846 2172 918 2206 wir
943 2172 1026 2206 sind
1058 2173 1093 2206 ia
1125 2180 1233 2207 nutet
1264 2185 1343 2209 uns.
1386 2175 1474 2218 Vgl.
1503 2175 1657 2209 Terent.

200 2220 361 2264 Adelph.
380 2220 451 2263 ΙΙΙ,
470 2222 503 2263 1,
527 2222 559 2253 4.
577 2239 621 2245 --
663 2230 705 2252 ne
733 2229 859 2262 ρ7οπῖ.,
890 2219 963 2252 den
993 2225 1171 2253 neuesten
1204 2220 1242 2253 in
1280 2221 1348 2254 der
1382 2220 1501 2256 Sache
1535 2221 1661 2255 seines

201 2265 545 2317 Schwiegelvaters
570 2265 718 2310 Appius
743 2265 843 2298 nicht
869 2276 1165 2309 ausgenommen.
1190 2286 1235 2292 —-
1275 2280 1416 2319 ancti.
1409 2291 1437 2307 .‚
1470 2267 1570 2311 quod
1595 2268 1665 2301 aba

200 2312 332 2345 horret
357 2312 401 2345 ab
427 2311 609 2346 amicitiae
634 2311 913 2354 communitate3
950 2323 1061 2354 quum
1093 2313 1138 2346 ab
1170 2312 1287 2346 amico
1322 2313 1450 2357 iniqua
1481 2314 1662 2356 quaedam

201 2362 265 2391 aut
298 2358 493 2391 inhonesta
525 2358 768 2402 postulantur.
803 2358 910 2392 SCH.
951 2358 1445 2401 „Zuriickstossendes.''—
1487 2360 1661 2395 Granius.

203 2404 292 2448 „Tu
318 2403 465 2437 solebas
491 2403 667 2438 Granium
691 2404 797 2438 illum
821 2404 991 2443 laudare,
1026 2405 1126 2447 quod
1151 2416 1191 2440 se
1215 2416 1287 2439 non
1314 2406 1591 2448 contemnebat,
1624 2412 1663 2440 et

202 2450 375 2492 alionum,
400 2449 482 2513 qui„
488 2461 529 2483 se
553 2450 704 2484 nimium
730 2452 919 2493 effer‚rent
942 2450 1073 2484 oderat
1099 2452 1329 2496 superbiam·
1356 2451 1468 2494 idque
1491 2462 1561 2494 ego
1579 2452 1662 2497 ipse

201 2507 299 2529 nuuc
324 2495 482 2529 imitorss’
512 2496 654 2541 Nempe
669 2497 831 2531 Granius
855 2496 922 2530 ille
945 2508 1082 2541 praeco
1108 2498 1362 2543 asperioribus
1386 2497 1531 2532 facetiis
1550 2508 1664 2543 saepe

201 2553 333 2586 magna
357 2552 438 2575 cum
464 2540 637 2576 libertate
660 2554 839 2587 p1oceres
863 2543 1152 2587 perstringebat.
1180 2556 1212 2579 v.
1230 2546 1334 2578 Orat.
1360 2555 1431 2588 pro
1456 2544 1586 2579 Plane.
1605 2545 1663 2579 14.

200 2588 393 2625 Versiculi
419 2589 642 2631 (Hexamet.)
668 2596 787 2623 autem
813 2595 897 2623 sunt
921 2590 1073 2624 Lucilii.
1099 2590 1207 2624 SOH.

293 2647 325 2681 8.
351 2646 394 2679 de
418 2655 545 2679 sorore
571 2650 651 2688 tua,
684 2646 857 2681 Quintum
889 2645 960 2680 frat
964 2658 1041 2681 rem
1071 2646 1105 2680 ei
1139 2646 1306 2680 nuntium
1331 2646 1523 2681 remittere
1546 2647 1661 2683 velle.

201 2691 308 2726 SCH.
348 2691 387 2726 S.
414 2703 473 2736 ep.
491 2691 657 2735 CCLVI,
679 2694 711 2727 1.
730 2693 764 2728 2.
781 2711 826 2719 —·
867 2693 962 2728 Quzd
986 2693 1156 2737 quaem?
1187 2692 1296 2727 kur-z
1316 2711 1361 2718 —
1395 2693 1484 2736 piet.
1517 2694 1554 2727 in
1585 2705 1663 2729 ma-

202 2743 306 2772 trem.
319 2757 362 2764 —
395 2748 496 2773 εααυ
521 2737 639 2782 hum„
666 2738 727 2773 ein
750 2732 889 2773 sanftes
911 2739 1162 2784 gesiihlvolles
1187 2738 1357 2774 Gemuth.
1383 2738 1613 2786 Hendiadys
