1795 3043
504 32 814 80 EPISTOLA
855 32 1090 81 CCCLXI.
1430 41 1531 90 489

78 146 211 198 legem
239 147 469 201 negligam,
505 145 582 199 qui
611 145 752 199 capite
780 144 939 199 sanxit,
970 147 1006 188 si
1035 146 1108 199 qui
1136 145 1180 188 in
1210 144 1416 189 seditione
1444 160 1530 190 non

78 204 251 244 alterius
279 205 413 244 utrius
429 205 563 256 partis
584 204 731 244 suisset
749 224 807 233 -
833 203 916 243 nisi
944 205 980 244 si
1008 206 1054 245 tu
1084 206 1210 246 aliter
1237 217 1382 246 censes
1402 228 1459 235 -
1489 209 1531 246 et

78 260 178 301 hinc
208 261 334 301 abero
364 263 405 301 et
433 260 526 302 filii.
586 261 667 301 Sed
697 261 876 301 alterum
905 262 1007 301 mihi
1023 262 1085 301 est
1103 263 1282 303 certius:
1312 274 1392 303 nec
1410 274 1530 315 prae-

78 316 230 368 cipiam
271 320 432 369 tamen3
477 316 729 370 exspectabo
765 318 883 356 tuum
925 319 1148 358 consilium
1185 322 1228 359 et
1269 331 1340 360 eas
1368 319 1528 372 literas,

78 375 161 413 nisi
192 375 296 415 alias
325 375 409 415 iam
438 375 611 427 dedisti,
650 387 777 426 quaS‚
818 374 992 426 scripsi,
1032 377 1079 414 ut
1111 376 1361 428 Cephalioni
1392 377 1526 417 dares.

79 430 197 477 Quod
237 432 409 483 scribis,
459 445 541 471 non
579 444 660 483 quo
698 430 893 471 alicunde
937 431 1142 480 audieris,
1197 433 1269 473 sed
1307 435 1349 473 te
1389 434 1527 486 ipsum
1550 439 1578 479 3

77 489 226 538 putare
254 501 320 528 me
349 491 574 529 attractum
601 487 678 539 iri,
732 488 767 528 si
795 487 846 527 de
874 500 981 539 pace
1009 490 1179 542 agatur,
1223 490 1328 529 mihi
1357 491 1529 531 omnino

77 555 161 583 non
191 545 307 585 venit
334 546 379 585 in
398 542 601 594 mentem,
631 556 740 596 quae
768 545 902 596 possit
929 546 1039 586 actio
1069 558 1157 587 esse
1174 545 1225 586 de
1238 559 1368 599 pace,
1400 560 1532 599 quum

76 600 144 640 illi
172 603 449 642 certissimum
478 602 560 650 sit,
599 601 636 641 si
664 602 822 653 possit,
864 603 1100 655 exspoliare
1127 603 1316 644 exercitu
1363 606 1406 644 et
1434 617 1531 657 pro·

76 657 217 698 vincia
246 659 513 710 Pompeium:
553 657 636 699 nisi
666 659 774 698 forte
802 658 883 699 iste
911 660 1171 701 nummarius
1200 661 1241 700 ei
1269 662 1407 713 potest
1435 673 1530 713 per-

75 715 279 767 suadere,
332 718 401 768 ut,
452 716 550 756 dum
593 717 781 756 oratores
822 718 919 757 eant
961 716 1034 769 [et]
1077 717 1273 770 redeant,
1324 718 1531 769 quiescat.

74 770 195 812 Nihil
225 772 369 825 video,
414 772 525 825 quod
555 784 718 825 sperem
749 774 821 813 aut
849 773 960 825 quod
987 774 1072 815 iam
1100 776 1244 827 putem
1272 773 1368 815 fieri
1395 787 1530 827 posse.

73 917 157 951 mei.
207 918 342 952 Cicero
368 918 465 953 enim
491 917 689 952 videbatur
702 918 867 952 Athenas
891 929 1147 954 concessurus.
1188 921 1265 954 iam
1287 921 1365 955 iam
1388 924 1461 955 mei
1483 922 1532 957 de

71 962 102 996 1.
126 963 168 997 F.
197 964 364 998 Gronov.
391 975 490 1009 susp.
534 963 668 999 Cicero
694 975 772 998 war
796 964 931 999 iedoch
951 965 1115 1000 daselbst
1132 977 1305 1010 gewesen
1331 968 1404 1002 und
1430 969 1534 1002 hatte

72 1019 186 1053 sogar
212 1010 270 1044 ein
296 1011 507 1044 Denkmahl
533 1010 696 1044 erbauen
720 1011 873 1044 wollen.
922 1010 960 1045 S.
989 1023 1047 1056 ep.
1071 1014 1137 1047 196
1161 1013 1200 1046 ff.
1236 1014 1304 1047 282
1329 1014 1364 1047 ff.
1405 1014 1533 1049 sehon

72 1055 130 1089 als
155 1056 356 1091 Gelehrter
386 1057 460 1090 und
484 1056 717 1092 Staatsmann
747 1057 888 1090 konnte
921 1068 964 1090 er
999 1058 1110 1091 etiam
1140 1061 1213 1091 mei
1242 1059 1453 1095 schreiben.
1487 1079 1532 1085 —

73 1102 137 1145 qui
160 1113 239 1148 cop.
264 1102 402 1142 sanxit,
429 1103 497 1136 der
522 1102 584 1136 die
604 1102 846 1135 Todesstrase
863 1102 996 1136 darauf
1016 1109 1156 1146 setzte,
1183 1115 1293 1138 wenn
1312 1106 1370 1140 ein
1383 1107 1534 1150 Burger

72 1147 136 1181 bei
171 1148 292 1182 einem
315 1148 522 1183 Aufstande
556 1148 636 1182 sich
666 1147 770 1181 nicht
801 1149 860 1182 fiir
889 1148 973 1182 eine
1006 1160 1078 1183 von
1111 1149 1246 1184 beiden
1269 1152 1449 1186 Parteien
1474 1163 1534 1186 er-

71 1193 205 1230 klarte.
254 1193 292 1229 S.
320 1195 480 1229 dariiber
507 1194 653 1229 Gellius
678 1194 786 1228 Noct.
812 1194 923 1228 Attic.
951 1194 1009 1239 ΙΙ,
1036 1196 1091 1231 12.
1129 1196 1297 1232 Meiners
1321 1199 1379 1243 II,
1405 1199 1450 1233 25
1473 1199 1535 1232 bis

72 1241 131 1276 86.
167 1240 262 1275 Sam.
287 1241 406 1275 Petiti
430 1241 546 1285 Legg.
572 1239 708 1275 Attice.
735 1259 778 1264 —
826 1240 900 1274 nisi
923 1240 958 1274 si
981 1266 989 1275 .
1009 1267 1017 1276 .
1033 1267 1041 1276 .
1068 1252 1207 1285 censeS,
1232 1243 1357 1278 Deine
1384 1245 1535 1279 Geneh-

73 1286 227 1330 migung
252 1293 546 1329 vorausgesetzt.
580 1305 626 1311 —-
672 1290 706 1319 et
729 1285 813 1320 liinc
837 1287 946 1320 abero
971 1290 1005 1320 et
1027 1287 1109 1330 filii.
1160 1289 1242 1322 Hoc
1266 1289 1356 1324 mihi
1382 1291 1534 1334 quidem

74 1332 224 1366 videtur
259 1338 486 1376 corruptum.
537 1332 613 1367 Cur
650 1332 747 1366 enim
783 1332 880 1375 filios
917 1333 1107 1368 dumtaxat
1136 1342 1338 1378 memoret,
1378 1337 1534 1372 fratrem

74 1380 170 1413 nou}
217 1379 297 1413 Nec
322 1379 410 1412 alibi
436 1378 586 1413 memini
612 1389 693 1412 eum
719 1378 846 1413 dicere
868 1379 984 1421 filios;
1025 1380 1091 1414 sed
1118 1381 1332 1424 Cicerones,
1372 1383 1534 1426 iuvenes,

68 1437 204 1469 pueros
228 1429 371 1458 nostros
395 1428 459 1468 (ex
485 1436 540 1469 gr.
562 1436 622 1469 ep.
643 1425 830 1468 CCCXV,
852 1427 884 1459 l.
917 1425 1170 1470 CCCXVIII,
1197 1428 1232 1462 2.
1263 1428 1533 1471 CCCXXVII,

75 1474 106 1506 1.
148 1471 413 1514 CCCXLVII,
438 1473 489 1513 4.)
538 1471 713 1513 Denique
744 1471 899 1505 deberet
931 1482 1035 1506 esse:
1075 1476 1109 1506 et
1141 1483 1209 1515 ego
1243 1473 1326 1507 hinc
1357 1476 1466 1508 ubero
1500 1479 1535 1508 et

73 1518 157 1561 filii.
204 1517 367 1562 Legend.
393 1528 550 1551 censeo:
585 1521 618 1550 et
642 1517 726 1550 hinc
750 1518 858 1550 abero
883 1521 916 1550 et
940 1518 1048 1551 illinc
1071 1517 1096 1553 i.
1116 1529 1149 1552 e.
1176 1520 1222 1553 ab
1242 1526 1401 1563 utraque
1428 1527 1535 1565 parte

74 1570 237 1598 remotus
271 1575 350 1597 er0.
397 1563 519 1608 Saepe
555 1564 626 1597 hoc
658 1564 762 1597 illinc
796 1568 1011 1607 corruptum
1042 1570 1109 1598 est.
1151 1565 1349 1600 ORELLI.
1407 1566 1534 1601 Allein

74 1611 148 1644 wie
173 1610 291 1644 bleibt
316 1609 411 1643 daun
436 1610 507 1644 Sed
530 1610 685 1643 alterum
710 1619 756 1642 zu
782 1609 978 1643 eris-larem
1017 1620 1094 1644 was
1128 1610 1208 1645 sich
1238 1612 1334 1646 doch
1366 1613 1430 1647 auf
1451 1613 1536 1647 hinc

73 1657 182 1690 abero
207 1661 240 1689 et
263 1656 336 1699 filii
359 1656 452 1690 oder
476 1655 542 1689 auf
561 1655 664 1689 seine
690 1655 764 1688 und
788 1655 914 1689 seiner
931 1654 1058 1690 Sohne
1083 1657 1278 1700 ganzliche
1300 1659 1536 1704 Entfernung

72 1713 145 1736 von
180 1703 312 1736 Italien
362 1701 416 1745 (S.
447 1701 555 1736 Ende
588 1701 653 1735 des
686 1701 825 1744 Briefs)
865 1701 1035 1744 bezieffl,
1084 1703 1253 1747 dagegen
1295 1705 1361 1738 das
1396 1706 1535 1739 andere

72 1750 228 1782 alterum
257 1748 322 1782 auf
352 1748 500 1782 Solonis
524 1749 642 1789 legem
665 1748 855 1790 negligam
888 1747 1095 1782 hindeutet.
1141 1751 1228 1783 Man
1261 1753 1402 1785 miisste
1433 1758 1538 1787 sonst

71 1795 144 1830 Sed
180 1795 334 1828 alterum
373 1794 439 1827 auf
472 1793 555 1827 hinc
585 1794 694 1833 abero
728 1793 820 1827 oder
852 1794 985 1828 Casars
1009 1794 1136 1829 Partei
1168 1795 1350 1830 beziehen
1387 1797 1424 1831 in
1451 1798 1535 1832 dem

73 1842 207 1876 Sinne:
243 1840 383 1883 „Docli
408 1839 457 1873 ist
482 1840 547 1873 das
571 1840 744 1883 Erstere,
771 1850 811 1873 es
835 1839 900 1873 mit
926 1841 1039 1874 Casas
1063 1841 1165 1875 nicht
1188 1852 1235 1876 zu
1261 1843 1408 1885 halten,
1441 1845 1535 1887 Das,

72 1887 251 1922 woruber
281 1886 342 1920 ich
375 1896 431 1919 am
463 1884 706 1929 gewissesten
740 1885 836 1919 bin.”
889 1886 977 1920 Wie
1009 1887 1094 1921 hier
1123 1888 1242 1922 durch
1266 1889 1349 1923 hinc
1386 1891 1534 1933 Cdsars,

72 1934 190 1967 durch
216 1933 321 1966 illinc
345 1932 548 1975 Pompeius
573 1931 701 1966 Partei
725 1932 946 1966 bezeichnet
978 1933 1098 1976 wird3
1139 1944 1181 1968 so
1215 1935 1253 1968 in
1280 1936 1350 1970 den
1376 1937 1534 1981 vorigen

71 1980 225 2014 Briesen
251 1979 365 2013 Ciisar
391 1978 565 2012 meistens
591 1977 708 2011 durch
733 1977 810 2018 hic,
846 1979 1051 2023 Pompeius
1086 1980 1203 2014 durch
1226 1981 1303 2016 ille.
1336 2001 1378 2006 —
1424 1994 1534 2026 prae-

73 2026 230 2069 cipiam,
267 2024 341 2058 wie
367 2035 425 2068 ep.
449 2024 700 2065 CCCLVIII,
735 2027 773 2057 l:
807 2025 1024 2070 praecipio,
1064 2026 1293 2069 gleichwohl
1317 2029 1448 2062 werde
1473 2029 1534 2062 ich

73 2072 176 2106 nicht
209 2070 445 2114 vorgreiseu,
483 2069 579 2103 mich
619 2069 721 2104 nicht
756 2070 987 2105 iibereilen.⁷’
1033 2072 1096 2106 De
1131 2073 1228 2107 Man.
1261 2084 1362 2119 susp.
1401 2075 1532 2109 Lamb-

74 2118 162 2153 Sch.
188 2118 282 2151 Liin.
303 2116 534 2161 praeripiam
559 2116 657 2150 Cett.
682 2127 764 2149 cum
789 2116 866 2150 Md.
903 2118 977 2151 ΘΚ.
1004 2136 1047 2142 -
1094 2119 1248 2162 scripsi,
1274 2124 1334 2162 ut,
1374 2120 1446 2155 den
1472 2121 1533 2155 ich

71 2163 180 2201 Dich'j
205 2164 267 2197 bat
307 2163 390 2196 dem
416 2162 621 2206 cephalion
653 2162 900 2206 mitzugeben.
961 2163 1088 2197 Ueber
1112 2168 1150 2197 ut
1174 2165 1267 2199 nach
1291 2166 1425 2210 scripsi
1455 2168 1531 2211 vgl.

72 2210 221 2244 Ramsh.
248 2211 278 2254 §.
296 2210 375 2252 193,
401 2210 436 2252 l,
462 2211 495 2243 l.
537 2208 681 2243 Grotef.
708 2209 737 2252 §.
753 2210 834 2253 397,
862 2209 903 2253 b,
934 2210 1029 2244 iiber
1047 2210 1247 2255 Cephalion
1271 2212 1342 2246 den
1367 2214 1440 2257 §.4.
1466 2214 1533 2248 des

74 2256 194 2300 vorig.
218 2255 358 2290 Briefs.

162 2326 196 2360 3.
229 2335 302 2358 non
325 2334 392 2368 quo
415 2334 462 2358 =
485 2323 588 2358 nicht
611 2322 665 2358 als
691 2324 751 2356 ob.
784 2342 828 2348 —
877 2334 931 2356 me
963 2327 1158 2359 attractum
1187 2325 1242 2360 iri
1278 2327 1449 2369 Romam,
1493 2331 1534 2360 ut

75 2369 112 2404 in
137 2376 303 2404 senatum
327 2370 484 2405 veniam.
509 2371 616 2405 SCH.
657 2370 740 2405 Vor
764 2371 798 2402 si
822 2370 864 2403 de
884 2381 976 2413 pace
1001 2381 1063 2413 ag.
1090 2373 1213 2417 suppl.
1239 2372 1344 2407 scito.
1370 2391 1414 2397 —
1463 2383 1534 2406 uon

73 2416 172 2450 venit
195 2417 235 2450 in
259 2420 430 2458 mentem,
456 2417 517 2451 ich
542 2417 639 2451 kann
665 2416 735 2450 mir
760 2415 862 2450 nicht
886 2418 1102 2452 vorstellen.
1128 2437 1172 2443 —
1205 2430 1312 2462 quum
1335 2418 1414 2461 illi,
1440 2419 1533 2454 Cae-

74 2463 163 2501 ¹sari.
199 2481 244 2488 --·
292 2463 450 2496 exercitu
483 2467 516 2496 et
546 2463 760 2507 provincia,
805 2462 889 2495 eine
920 2463 1190 2519 Hxsterologie
1219 2469 1308 2497 statt
1339 2464 1534 2509 provincia

74 2509 256 2554 Hispania
281 2514 318 2542 et
343 2508 531 2551 exercitu,
564 2520 671 2553 quem
697 2508 749 2542 ibi
776 2508 898 2542 habet.
951 2511 990 2544 S.
1017 2510 1164 2544 Ranish.
1190 2511 1321 2553 §.206,
1355 2511 1405 2551 B,
1431 2512 1465 2545 3.
1488 2530 1532 2537 -—

74 2556 144 2589 isle
168 2557 394 2588 nummarius
416 2567 460 2588 =
485 2561 629 2599 emptus
654 2555 871 2600 pacificator
896 2555 929 2588 11.
956 2566 987 2590 e.
1015 2557 1055 2591 C.
1077 2555 1202 2590 Curio.
1249 2556 1341 2592 Vid.
1368 2557 1397 2600 ἓ.
1415 2557 1437 2590 2
1462 2556 1533 2591 ini-

77 2602 142 2636 tio.
170 2621 213 2626 —-
254 2601 309 2642 ei,
335 2601 499 2635 Caesari.
525 2620 569 2627 --
607 2605 792 2643 oratores,
819 2600 955 2643 legati,
983 2601 1044 2636 die
1067 2601 1530 2637 Friedensunterhandler.

77 2666 119 2673 -—
152 2648 216 2691 [et]
242 2647 389 2680 videtur
414 2646 609 2681 delendum
635 2658 716 2681 cum
742 2648 806 2681 Cd.
834 2646 980 2690 Ursini,
1024 2647 1087 2690 qui
1123 2647 1301 2682 habebat:
1340 2653 1442 2687 eant,
1474 2660 1533 2683 re-

77 2694 194 2728 deant.
235 2692 432 2729 ORELLI.
482 2693 572 2737 „hin
606 2692 682 2728 und
715 2694 782 2729 her
806 2694 964 2737 gehen.‘'
994 2711 1038 2719 —
1085 2694 1166 2735 fieri
1186 2704 1310 2738 posse,
1343 2694 1379 2730 in
1404 2695 1534 2740 Bezug
