1795 3043
540 67 851 114 EPJSTOLA
887 66 1192 116 CLXXXVII.
1536 74 1560 120 l
1570 74 1599 120 3

144 182 256 231 disti,
289 194 339 223 ea
368 183 475 224 mihi
504 182 760 235 probantur:
791 181 911 222 modo
942 194 995 221 ne
1024 182 1101 222 illa
1131 182 1324 234 exceptio
1352 183 1394 223 iu
1414 184 1599 234 aliquem

144 240 336 281 incurrat
365 240 472 280 bene
501 241 552 280 de
582 240 701 279 nobis
732 240 941 280 meritum.
1000 240 1082 278 Sed
1101 240 1479 281 considerabimus:
1510 253 1599 280 rem

145 298 261 337 enim
291 297 435 349 probo.
485 297 548 336 De
579 299 721 336 nostro
751 297 917 343 itinere,
951 296 1061 346 quod
1092 297 1300 345 statuet-03
1331 297 1381 338 de
1412 298 1599 347 quinque

144 354 397 407 praefectis,
428 353 529 404 quid
560 354 783 405 Pompeius
825 355 1013 393 tacturus
1051 352 1126 399 sit,
1169 364 1297 402 quum
1326 365 1378 392 ex
1407 355 1498 405 ipso
1530 365 1599 393 co-

145 424 292 464 gnoro,
324 410 499 456 faciam,
541 412 586 449 ut
616 412 736 451 scias.
797 410 860 450 De
891 410 1026 461 Oppio
1057 410 1163 449 bene
1200 410 1379 458 curasti,
1417 410 1528 461 quod
1559 410 1597 449 ei

145 480 273 521 nece.
298 467 548 518 exposuisti:
580 467 719 518 idque,
754 467 951 518 quoniam
971 466 1245 506 Philotimum
1265 467 1408 514 habes,
1440 466 1597 519 perfice

147 526 188 564 et
227 537 430 576 cognosce
467 525 697 564 rationem:
738 526 801 571 et,
834 526 880 562 ut
909 536 1027 576 agam
1067 524 1266 575 amplius,
1309 524 1344 562 si
1373 537 1439 563 me
1469 537 1594 570 amas,

144 581 266 634 prius
295 593 421 632 quam
450 580 757 634 proficiscaris,
790 580 926 620 effice.
986 579 1140 632 Magna
1178 592 1245 618 me
1284 592 1387 620 cura
1426 581 1595 621 levaris.

146 638 288 678 Habes
318 637 370 678 ad
399 639 551 678 omnia.
619 638 713 678 Etsi
750 650 884 689 paene
913 637 1128 688 praeterii,
1171 637 1360 676 chartam
1399 637 1479 677 tibi
1529 637 1627 676 de·-

146 707 259 734 esse:
303 707 396 734 mea
426 695 567 734 cautio
598 699 682 744 est,
722 696 757 734 si
794 694 961 745 quidem
1000 694 1091 733 eius
1127 693 1273 744 inopia
1301 694 1440 734 minus
1465 695 1599 734 multa

145 751 198 791 ad
236 763 303 791 me
342 751 507 793 scribis.
566 752 629 791 Tu
661 763 760 792 vero
792 752 911 791 aufer
940 750 1158 791 ducentos.
1190 751 1281 790 Etsi
1313 763 1444 790 meam
1473 751 1514 790 in
1548 763 1597 790 eo

142 808 441 860 parsimoniam
496 808 622 848 huius
671 809 849 861 paginae
908 808 1144 849 contractio
1192 807 1414 860 siguificat.
1445 810 1471 857 †
1490 809 1598 847 Dum

144 932 391 965 vermuthlich
426 931 484 964 ein
510 931 855 975 Rechtsgelehrter.
892 951 935 956 —
960 932 1120 975 exceptio
1143 941 1189 963 Ξ
1223 932 1382 965 Clausel.
1435 931 1599 965 Sicinius

144 984 324 1020 suaserat,
351 984 389 1010 ut
414 978 549 1011 Cicero
576 978 612 1011 in
646 979 768 1012 edicto
801 979 1026 1024 provinciali
1060 979 1112 1021 (in
1137 977 1276 1011 seinem
1303 978 1522 1020 Manifeste,
1561 977 1599 1010 in

139 1025 270 1066 ,seiner
294 1024 567 1067 verordnung,
600 1024 676 1057 wie
701 1037 740 1058 cr
767 1037 805 1059 es
838 1025 903 1058 mit
928 1025 1185 1067 Handhabung
1221 1024 1287 1057 der
1315 1024 1600 1066 Gerechtigkeit

146 1070 184 1103 in
207 1071 275 1103 der
298 1070 463 1104 Provinz
488 1071 618 1103 wollte
644 1072 817 1113 goiialten
844 1072 1010 1112 wissen.)
1047 1070 1307 1114 exceptionem
1334 1072 1512 1113 quandam
1546 1071 1598 1102 su-

146 1122 260 1150 ceret.
312 1118 419 1149 Hunc
453 1116 505 1149 ait
539 1117 673 1150 Cicero
718 1118 790 1150 sibi
824 1118 992 1162 probari,
1021 1116 1086 1150 sed
1112 1122 1233 1160 optat,
1260 1127 1306 1150 ne
1333 1117 1398 1150 illa
1423 1116 1598 1160 exceptio

145 1163 243 1196 forte
269 1161 306 1194 in
331 1163 492 1206 aliquem
518 1163 790 1206 negotiatorem
815 1171 877 1197 aut
901 1163 1139 1208 publicanum
1166 1163 1259 1196 bene
1291 1163 1337 1196 de
1362 1174 1402 1196 se
1427 1163 1599 1196 meritum

143 1209 319 1242 incurrat.
392 1208 489 1242 δεῇ.
531 1209 606 1242 Dic
630 1210 859 1243 Publicaner
882 1211 1064 1253 gehorten
1100 1219 1183 1242 zum
1216 1209 1494 1252 Ritterstande,
1532 1208 1600 1241 der

144 1255 226 1288 dem
252 1254 385 1288 Cicero
411 1255 483 1288 seit
505 1255 645 1288 seinem
669 1256 871 1290 Consulate
895 1257 981 1290 sehr
1006 1255 1170 1299 ergeben
1194 1265 1273 1288 war
1298 1255 1372 1288 und
1396 1255 1502 1288 dafur
1526 1265 1600 1287 von

146 1301 221 1335 ihm
246 1311 310 1333 aus
334 1301 560 1344 politischen
587 1302 766 1335 Griinden
790 1303 877 1335 sehr
902 1302 1119 1345 begiinstigt
1142 1301 1284 1334 wurde.
1320 1301 1357 1335 S.
1385 1313 1443 1346 ep.
1470 1301 1599 1344 XXX,

147 1349 181 1382 6.
212 1358 246 1380 u.
274 1357 302 1379 s.
331 1346 354 1378 f.
385 1366 423 1370 —
451 1348 780 1389 considerabimus,
819 1347 892 1381 wir
917 1348 1056 1380 wollen
1093 1357 1131 1379 es
1156 1346 1192 1379 in
1219 1346 1486 1390 Ueberlegung
1510 1347 1601 1380 neh-

147 1404 242 1426 men.
270 1411 312 1418 —
337 1392 392 1424 De
416 1390 548 1425 itinere
572 1397 694 1425 nostro
720 1393 743 1426 i.
772 1404 804 1425 e.
833 1393 878 1427 de
905 1393 1051 1427 itineris
1076 1392 1194 1425 nostri
1220 1392 1257 1425 in
1284 1393 1453 1427 Ciliciam
1479 1393 1600 1426 contim

148 1439 335 1472 nuatione.
364 1457 407 1461 —
432 1439 526 1480 quod
548 1442 647 1481 stat„
671 1439 756 1472 Asc.
785 1440 816 1471 1.
846 1440 945 1472 Crat.
972 1438 1072 1474 Vict.
1101 1441 1132 1471 1.
1160 1438 1308 1473 Bentiv.
1336 1440 1423 1483 quid
1451 1443 1495 1472 st.
1524 1440 1598 1473 Or.

146 1504 193 1511 -—
224 1486 267 1518 de
302 1483 454 1527 quinque
492 1485 632 1527 praefi,
677 1495 704 1517 s.
743 1494 800 1527 ep.
846 1484 958 1518 CXC.
991 1485 1172 1528 praefecti
1207 1485 1390 1529 equitum,
1440 1486 1597 1529 fabrum,

145 1531 474 1574 Kriegsobersten.
502 1530 627 1562 Ueber
653 1529 846 1573 Pompeius
869 1540 897 1563 s.
925 1540 956 1563 z.
985 1542 1042 1573 ep.
1072 1531 1302 1574 CLXXXV,
1328 1542 1383 1565 am
1408 1532 1526 1565 Ende.
1556 1551 1598 1556 —-

148 1578 204 1612 De
219 1577 341 1620 Oppio,
368 1575 475 1619 sep.
506 1575 801 1618 CLXXXIV,2.
827 1575 1037 1620 exposuisti,
1063 1576 1147 1610 dass
1173 1577 1235 1610 Du
1261 1577 1335 1611 ihm
1361 1577 1422 1611 die
1448 1579 1598 1620 &OQGOO

147 1622 354 1658 Sestertien
380 1622 660 1665 ausgekiindigt,
686 1632 731 1654 zu
757 1622 889 1655 zahlen
914 1623 1164 1666 versprochen
1193 1624 1283 1657 hast.
1309 1624 1406 1657 Eine
1430 1625 1600 1658 Redens-

147 1676 215 1713 art,
242 1669 409 1702 entlehnt
432 1679 503 1701 von
529 1679 720 1711 exponere
744 1668 947 1712 praemium
974 1668 1050 1702 Cic.
1067 1669 1192 1704 Quint.
1220 1681 1255 1703 c.
1279 1670 1334 1704 23.
1363 1669 1414 1704 So
1435 1682 1493 1716 ep.
1518 1671 1598 1714 184,

147 1717 180 1750 2.
222 1715 423 1759 aperuisti;
469 1714 562 1748 Stat.
603 1713 695 1748 Silv.
732 1716 763 1753 1,
794 1714 829 1754 2,
860 1715 916 1749 34.
952 1715 1164 1760 expositum
1194 1727 1240 1748 Ξ
1270 1723 1439 1761 apertum
1471 1718 1597 1752 limen.

149 1762 215 1797 Cd.
243 1760 362 1795 Landi
387 1761 574 1804 expedisti.
602 1761 687 1803 Vgl.
716 1760 750 1793 d.
777 1760 867 1805 solg.
895 1760 1006 1795 Brief
1026 1762 1054 1804 ἓ.
1081 1762 1102 1795 2
1127 1762 1346 1807 explicatum
1369 1764 1428 1799 sit.
1448 1784 1490 1790 ·—
1510 1764 1599 1800 Pha·-

147 1808 313 1842 lotimum
347 1806 385 1841 S.
413 1818 471 1851 ep.
500 1806 750 1850 CLXXXVI,
777 1808 808 1840 l.
847 1827 890 1832 —
919 1807 1047 1852 habes,
1082 1819 1150 1843 zur
1175 1810 1282 1843 Hand
1315 1811 1408 1845 hast.
1438 1831 1477 1836 -
1501 1812 1597 1856 perf.

149 1859 183 1888 et
206 1865 312 1896 cogn.
351 1857 444 1896 rat„
479 1864 519 1886 so
546 1854 658 1887 suche
684 1853 745 1887 die
770 1852 890 1889 Sache
916 1864 961 1887 zu
987 1854 1127 1889 Stande
1151 1866 1197 1889 zu
1224 1856 1381 1900 bringen
1418 1857 1491 1891 und
1517 1858 1598 1892 sieh

149 1900 212 1934 die
236 1901 442 1943 Rechnung
466 1900 593 1934 durch.
621 1919 665 1925 —
691 1903 723 1932 et
748 1904 785 1932 ut
811 1909 921 1942 agam
945 1902 1103 1945 amplius
1125 1913 1171 1935 Ξ
1201 1908 1237 1935 et
1263 1903 1410 1945 quidem
1444 1910 1481 1936 ut
1512 1904 1599 1948 pius

150 1947 260 1980 etiam
285 1946 522 1988 contendam,
557 1947 629 1981 und
654 1957 756 1982 zwar
773 1971 783 1988 ,
818 1957 926 1980 wenn
952 1947 1012 1980 ich
1037 1948 1208 1981 vollends
1233 1949 1299 1982 mit
1329 1949 1471 1983 meiner
1494 1951 1599 1984 Bitte

147 1993 404 2027 heraustreten
429 1993 513 2026 soll.
539 2003 610 2035 „ne
634 2003 766 2034 angar.
794 2003 828 2026 α.
853 1993 967 2026 HerV.
996 1993 1132 2027 omisso
1169 1999 1214 2027 et.
1241 1995 1288 2028 de
1312 1996 1467 2040 Malasp.
1495 2007 1597 2042 susp.

147 2039 275 2073 Lamb.
310 2044 366 2082 et,
399 2043 437 2072 ut
473 2049 516 2072 ne
547 2049 670 2082 angar
702 2039 812 2083 ampl.
845 2057 890 2064 —
915 2040 1169 2084 proficiscaris
1199 2041 1237 2075 in
1271 2042 1428 2086 Epirum
1460 2041 1498 2077 S.
1537 2055 1596 2088 ep.

145 2085 377 2128 CLXXXV,
411 2087 445 2120 3.

237 2133 270 2165 4.
320 2132 442 2165 Habes
473 2131 521 2165 ad
544 2132 677 2173 omnia,
705 2142 746 2166 so
770 2132 897 2166 waren
922 2132 1018 2167 deun
1043 2133 1116 2167 alle
1141 2133 1291 2167 Punkte
1324 2133 1465 2168 Deines
1491 2135 1600 2169 Brie-

148 2178 204 2211 fes
237 2179 496 2212 beantwortet.
546 2178 600 2211 Zu
635 2179 756 2212 Habes
789 2179 911 2223 suppl.
944 2190 1024 2213 mea
1056 2179 1250 2225 rescripta.
1285 2199 1328 2204 —
1374 2181 1458 2214 Etsi
1486 2191 1600 2225 paene

146 2225 337 2267 praeterii,
369 2224 465 2257 doch
500 2224 657 2258 beinahe
688 2225 789 2258 hatte
814 2224 873 2258 ich
898 2236 1109 2269 vergessen.
1142 2246 1179 2251 —
1215 2226 1332 2260 chart.
1364 2227 1434 2260 tibi
1465 2229 1597 2270 deesse,

151 2270 236 2303 dass
261 2281 300 2303 es
326 2270 398 2304 Dir
422 2281 467 2303 an
492 2270 631 2315 Papier
655 2281 700 2304 zu
726 2271 850 2304 fehlen
874 2272 1030 2305 scheint.
1080 2272 1269 2315 „Attikus
1304 2273 1405 2306 hatte
1438 2274 1597 2306 n'amlich

149 2314 248 2349 diess
279 2316 543 2360 geschrieben,
575 2328 633 2350 um
658 2317 719 2350 die
754 2318 882 2351 Kurze
917 2318 1039 2352 seines
1063 2318 1188 2352 Briefs
1217 2328 1264 2352 zu
1299 2319 1595 2363 entschuldigen.

150 2372 230 2394 mea
256 2363 376 2395 cautio
402 2367 453 2395 est
477 2363 501 2397 i.
526 2374 558 2397 e.
587 2364 657 2396 hoc
683 2373 752 2406 ego
778 2374 910 2397 cavere
936 2364 1070 2407 debeo,
1096 2375 1142 2397 ne
1167 2365 1329 2398 amittam
1366 2366 1596 2399 commodum

151 2407 341 2441 literarum
367 2414 522 2442 tuarum.
572 2409 771 2443 Ernesti.
797 2429 841 2434 -
873 2411 978 2452 aufer
1002 2411 1187 2454 ducentos,
1219 2410 1278 2443 ich
1305 2410 1385 2444 will
1417 2412 1491 2444 Dir
1515 2413 1595 2445 also

149 2453 279 2487 hiemit
313 2454 380 2488 200
411 2454 617 2489 Sestertien
649 2455 742 2489 dazu
783 2456 1019 2499 angewiesen
1064 2457 1194 2490 haben.
1245 2456 1377 2500 Suppl.
1411 2458 1596 2491 sestertios

151 2499 198 2532 ad
223 2501 411 2533 emendam
436 2502 598 2534 chartam
623 2501 669 2534 de
694 2512 774 2535 mea
797 2501 965 2546 pecunia.
984 2502 1128 2536 Iocose.
1154 2503 1356 2536 Ernesti.
1383 2521 1427 2527 --
1450 2504 1592 2538 Etsi...

150 2546 335 2588 significat
359 2546 382 2580 i.
411 2557 443 2580 e.
471 2548 570 2590 quod
595 2547 632 2580 in
658 2548 726 2581 hac
744 2548 892 2592 pagina,
919 2558 965 2581 ne
990 2559 1120 2582 novam
1142 2550 1292 2582 chartae
1317 2549 1503 2592 plagulam
1528 2550 1593 2583 ad-

149 2591 288 2635 derem,
313 2593 624 2627 contractioribus
648 2599 685 2627 et
715 2593 976 2628 minutioribus
1006 2594 1168 2628 literulis
1192 2595 1337 2638 scripsi.
1363 2594 1447 2628 Sclz.
1472 2596 1594 2638 „wie-

151 2638 249 2670 wohl
271 2639 333 2673 Du
348 2649 413 2673 aus
432 2640 499 2673 der
515 2639 686 2674 Schmale
705 2639 827 2674 dieses
847 2641 969 2674 Blatts
993 2640 1197 2674 schliessen
1214 2641 1402 2681 konntest,
1429 2640 1513 2675 dass
1530 2641 1592 2676 ich

151 2694 191 2716 es
219 2684 335 2721 selbst
368 2696 502 2730 sparen
534 2687 696 2720 miisse.“
741 2687 820 2720 Ans
850 2686 1114 2720 Reisenfehlt
1146 2697 1185 2720 es
1217 2687 1271 2719 oft
1300 2697 1344 2720 an
1369 2687 1519 2731 Papier.
1545 2707 1591 2712 —

151 2728 271 2771 †Dum
295 2735 376 2767 acta
394 2736 427 2766 et
442 2742 606 2767 rumores
621 2732 737 2767 vellet.
757 2733 859 2767 Haec
879 2738 1067 2778 corrupta.
1094 2743 1201 2778 quum
1221 2733 1301 2768 Cet.
1317 2733 1445 2768 Lamb.
1467 2734 1589 2777 signi-
