1795 3043
565 26 879 77 EPISTOLA
915 27 1120 75 CXCIV.
1512 24 1579 78 25

329 165 643 214 EPISTOLA
680 164 883 212 CXCIV.
920 164 1004 225 (ad
1024 165 1129 211 Div.
1164 163 1252 210 111.
1290 163 1358 219 4.)

283 252 367 289 Ser.
392 253 587 288 Brundisii
611 254 709 289 Non.
736 254 819 288 Iun.
843 254 890 288 Α.
917 253 964 287 U.
993 253 1034 288 C.
1060 254 1137 288 703.
1165 253 1215 296 (a.
1240 251 1283 286 C.
1309 249 1384 294 51.)

112 322 339 368 Exspectari
364 333 386 358 a
409 335 450 360 se
475 323 607 360 scribit
632 323 806 359 Clodium
830 334 912 356 cum
931 322 1048 368 Appii
1073 321 1254 356 mandatis
1280 319 1391 364 eique
1415 317 1577 354 studium

554 377 590 405 et
624 370 750 405 officia
781 369 996 415 pollicetur.
1033 369 1136 403 1—2.

434 439 627 476 CICERO
659 439 700 475 S.
725 440 777 475 D.
811 439 971 474 APPIO
995 437 1253 474 PULCHRO.

225 509 373 551 Pridie
401 508 544 550 Nonas
574 510 685 558 Iun„
716 522 846 562 quum
877 522 1012 550 essem
1041 508 1271 555 Brundisii,
1305 505 1451 546 literas
1478 506 1576 546 tuas

114 568 290 620 accepi:
322 566 477 619 quibus
508 569 599 607 erat
638 568 845 620 scriptum
875 569 917 608 te
947 568 995 609 L.
1028 567 1175 607 Clodio
1205 564 1438 613 mandasse,
1466 575 1577 615 quae

111 623 233 664 illum
264 638 431 665 mecum
461 626 580 676 loqui
607 626 756 666 velles.
815 626 927 666 Eum
956 637 1056 665 sane
1086 622 1398 674 exspectabam,
1431 626 1478 660 ut
1509 633 1575 673 ea,

112 693 221 732 quae
251 696 277 723 a
304 684 347 722 te
377 680 562 729 afferret,
594 694 721 733 quam
750 682 933 735 primum
958 693 1268 734 cognoscerem.
1325 678 1470 718 Meum
1490 679 1577 717 stu-

112 738 230 778 dium
260 752 359 793 erga
388 741 431 780 te
461 741 503 779 et
533 738 742 787 officium,
780 740 948 780 tametsi
977 739 1122 780 multis
1159 738 1244 778 iam
1278 735 1408 775 rebus
1450 747 1577 787 spero

110 795 195 835 tibi
226 809 315 837 esse
345 796 584 849 cognitum,
611 798 751 837 tamen
781 797 826 837 in
856 797 909 837 iis
938 797 1119 837 maxime
1148 792 1388 841 declarabo,
1422 792 1578 844 quibus

110 854 343 904 plurimum
373 853 612 906 significare
642 856 838 906 potuero,
869 856 984 894 tuam
1014 854 1119 893 mihi
1149 850 1503 892 existimationem
1533 850 1578 889 et

113 909 364 963 dignitatem
395 911 654 951 carissimam
684 924 787 951 esse.
828 911 938 952 Mihi
968 912 1010 951 et
1041 912 1088 959 Q.
1118 909 1278 951 Fabius
1308 908 1577 961 Vergilianus

113 969 158 1006 et
190 967 236 1009 C.
267 969 478 1015 Flaccus,
520 969 645 1008 Lucii
673 967 811 1016 filius,
844 971 886 1008 et
914 968 1237 1021 diligentissime
1267 966 1326 1006 M.
1359 965 1576 1013 Octavius,

115 1023 247 1065 Cnaei
276 1025 404 1073 filius,
436 1025 737 1066 demonstravit
767 1038 834 1065 me
864 1040 889 1066 a
918 1028 960 1066 te
989 1025 1164 1078 plurimi
1193 1024 1312 1065 fieri:
1343 1023 1454 1074 quod
1484 1034 1580 1075 ego-

113 1083 201 1121 met
245 1083 389 1122 multis
435 1083 693 1135 argumentis
736 1084 823 1123 iam
864 1088 986 1123 antea
1030 1083 1265 1123 iudicaram
1309 1081 1580 1131 maximeque

113 1138 190 1178 illo
221 1139 386 1179 LIBRO
417 1140 724 1188 AUGURALI,
756 1153 882 1192 quem
910 1141 963 1180 ad
982 1153 1050 1181 me
1072 1139 1355 1181 amantissime
1373 1139 1579 1190 scriptum

113 1196 402 1236 suavissimum
431 1198 594 1237 misisti.
651 1197 749 1238 Mea
777 1199 822 1238 in
853 1200 896 1239 te
927 1199 1070 1238 omnia
1103 1209 1266 1238 summa
1302 1193 1579 1236 necessitudi-
1601 1194 1630 1234 2

114 1253 181 1292 nis
212 1253 357 1293 officia
386 1255 653 1295 constabunt.
712 1254 820 1295 Nam
857 1268 986 1307 quum
1016 1257 1059 1295 te
1087 1255 1249 1307 ipsum,
1282 1266 1334 1292 ex
1364 1266 1447 1305 quo
1478 1253 1582 1292 tem-

116 1322 222 1361 pore
252 1312 298 1350 tu
328 1323 394 1350 me
425 1311 602 1364 diligere
634 1312 839 1364 coepisti,
872 1313 1058 1364 quotidie
1087 1312 1221 1365 pluris
1249 1311 1358 1352 feei:
1398 1311 1487 1351 tum
1513 1321 1584 1350 ac-

390 1435 550 1469 APPIO
575 1434 833 1471 PULCHRO.
884 1435 924 1470 S.
951 1446 997 1470 zu
1024 1446 1083 1481 ep.
1110 1435 1304 1470 CLXXX.

210 1503 242 1537 l.
268 1502 373 1537 Prid.
399 1504 497 1537 Non.
523 1504 620 1544 Iun.‚
656 1515 712 1537 am
735 1506 770 1540 3.
803 1504 944 1539 Iunius.
972 1524 1015 1529 —
1040 1505 1187 1548 quibus,
1222 1504 1351 1538 Lanib.
1378 1503 1418 1537 in
1441 1504 1582 1548 quibus,

117 1567 161 1573 -
179 1549 223 1582 L.
243 1550 386 1590 Clodio,
414 1550 534 1583 einem
555 1551 724 1594 Legaten
750 1551 843 1585 oder
862 1551 1059 1586 Priisectus
1085 1552 1229 1584 fabi-iim
1255 1551 1320 1584 des
1347 1550 1481 1584 Cicero
1508 1551 1585 1586 und

117 1596 238 1628 nahen
272 1597 528 1631 Verwandten
561 1597 626 1630 des
659 1597 820 1641 Appius.
867 1617 912 1622 —
960 1598 1209 1641 exspectabam
1241 1609 1289 1630 Ξ..-
1322 1603 1503 1641 exspecto
1533 1597 1585 1631 im

115 1641 299 1677 Briefstil.
327 1662 368 1667 —
393 1644 574 1685 studium,
599 1644 875 1688 Ergebenheit3
902 1645 1081 1687 officium,
1107 1643 1513 1678 Dienstbeflissenheit.
1539 1661 1587 1670 —-

115 1687 157 1721 a'n
180 1689 240 1731 iis,
265 1688 343 1724 Md.
368 1689 470 1725 Vict.
493 1692 526 1723 l.
552 1690 586 1725 2.
611 1690 652 1724 in
675 1690 746 1734 his,
771 1691 998 1735 Mam-Lag.
1024 1691 1087 1725 iis.
1116 1691 1190 1724 OR.
1219 1691 1310 1730 „bei
1335 1690 1488 1724 solchen
1510 1690 1587 1724 Ge-

118 1734 399 1778 legenheiten.“
423 1755 468 1761 —
494 1737 645 1776 declar„
676 1737 738 1770 ich
762 1738 891 1772 werde
918 1748 964 1771 zu
991 1738 1096 1781 Tage
1130 1739 1250 1780 legen.
1277 1756 1323 1762 -—
1346 1738 1492 1780 signifi,
1517 1737 1587 1771 be-

117 1781 274 1817 weisen.
301 1802 344 1806 —
379 1787 545 1828 potuero.
583 1783 647 1818 Sic
671 1784 751 1818 Md.
788 1783 890 1825 Crat.
930 1784 1033 1820 vict.
1059 1785 1092 1818 2.
1131 1784 1261 1819 Lamb.
1297 1784 1432 1818 Graev.
1457 1788 1586 1827 potero

119 1827 221 1863 Vict.
250 1831 281 1864 l.
308 1829 400 1864 Ern.
426 1830 567 1864 Bened.
593 1830 835 1874 Maru-Lag.
871 1830 958 1866 Sch.
983 1831 1080 1864 Liin.
1109 1831 1308 1864 ORELLI.
1347 1850 1382 1856 -
1410 1832 1585 1874 existim„

120 1873 183 1907 die
209 1875 424 1908 offentliche
450 1876 632 1920 Meinung
656 1887 729 1909 von
754 1877 840 1912 Dir.
868 1895 910 1902 ——
939 1878 979 1913 Q.
998 1878 1135 1911 Fabius
1156 1877 1413 1920 Vergilianus,
1439 1878 1586 1921 legatus

118 1920 237 1964 Appii
261 1921 418 1956 Pulchri
444 1921 481 1955 in
508 1923 653 1962 Cilicia,
679 1923 945 1968 Pompeianus.
972 1924 1062 1959 Vid.
1089 1936 1148 1968 ep,
1175 1925 1308 1963 CXCI,
1336 1926 1368 1959 1.
1395 1923 1440 1957 ad
1466 1924 1587 1960 Attic.

119 1967 231 2007 VIII,
259 1970 314 2002 ll.
341 1988 386 1996 -ν-
414 1968 454 2002 C.
467 1969 622 2003 Flaccus
648 1969 691 2003 L.
719 1970 761 2003 F.
787 1970 858 2004 suit
882 1971 928 2005 de
953 1971 1109 2004 cohorte
1134 1971 1251 2015 Appii
1275 1970 1433 2006 Pulchri
1458 1971 1495 2005 in
1522 1970 1587 2005 Ci-

120 2013 232 2056 licia,
271 2021 373 2049 certe
415 2026 577 2048 summus
617 2015 698 2049 eius
741 2017 880 2050 amicus
938 2023 975 2051 et
1014 2017 1220 2052 familiaris.
1272 2019 1404 2060 Itaque
1435 2028 1495 2063 ep.
1529 2019 1589 2057 11,

121 2060 324 2102 (CCLXV)
360 2061 500 2095 dicitur
526 2062 698 2101 curasse,
732 2068 771 2095 ut
802 2069 916 2097 testes
950 2064 1170 2097 mercenarii
1206 2064 1242 2098 in
1275 2064 1437 2108 Appium
1464 2076 1485 2098 a
1508 2063 1588 2097 suis

121 2105 335 2141 civitatibus
372 2114 601 2142 notarentur.
659 2108 777 2142 ERN.
817 2110 876 2144 M.
912 2110 1093 2149 Octavius,
1121 2111 1192 2145 Cn.
1224 2111 1266 2145 F.
1299 2112 1352 2145 M.
1389 2111 1435 2145 N.
1468 2109 1587 2154 Appii

119 2152 277 2187 Pulchri
317 2155 462 2198 legatus
496 2162 558 2188 aut
590 2156 812 2199 praefectus.
860 2157 989 2191 Famil.
1024 2157 1143 2196 VIII,
1175 2157 1197 2190 2
1226 2157 1323 2202 petit
1355 2157 1587 2191 aedilitatem

122 2210 203 2232 cum
230 2200 380 2240 Caelio,
413 2201 564 2234 mininie
599 2201 786 2245 gratiosus
818 2203 900 2237 fuit.
946 2203 1060 2238 Attic.
1087 2204 1135 2243 V,
1172 2204 1229 2238 21.
1263 2204 1396 2237 aedilis
1431 2203 1587 2243 curulis,

121 2246 174 2279 M.
201 2246 382 2280 Marcello
408 2253 445 2280 et
470 2247 605 2282 Servio
632 2247 803 2292 Sulpicio
830 2250 933 2284 Coss,
982 2250 1061 2283 Das
1086 2250 1274 2294 Betragen
1300 2251 1422 2284 seines
1447 2251 1588 2284 VaterS

123 2290 162 2324 in
189 2292 313 2326 seiner
337 2294 549 2337 Propr'atur
581 2294 618 2327 in
645 2295 892 2329 Macedonien
919 2297 1079 2340 empfahl
1106 2297 1240 2331 Cicero
1273 2297 1413 2330 scinem
1438 2296 1589 2329 Bruder

124 2337 283 2372 Quintus
309 2349 390 2372 zum
417 2341 570 2374 Muster.
598 2340 634 2375 S.
662 2341 708 2374 ad
736 2341 864 2377 Quint.
880 2343 940 2376 Fr.
968 2345 1000 2381 l,
1027 2345 1059 2382 l,
1086 2343 1142 2376 21.
1160 2344 1193 2383 2,
1220 2346 1250 2377 7.
1278 2363 1320 2367 —-
1344 2344 1412 2377 illo
1432 2343 1590 2376 LIBRO

125 2383 407 2419 AUGURALI
429 2387 475 2420 de
500 2399 680 2427 augurum
705 2388 905 2432 disciplina
928 2389 1081 2434 scripto.
1108 2389 1145 2423 S.
1173 2400 1218 2423 zu
1244 2402 1300 2434 ep.
1329 2390 1527 2428 CLXXX,
1554 2390 1587 2423 l.

124 2430 338 2481 QGXLIX,
371 2434 403 2467 3.
432 2444 463 2466 u.
490 2434 673 2473 CCLXV,
706 2435 738 2469 4.
766 2446 800 2469 u.
824 2436 967 2469 Festus.
993 2455 1039 2460 —
1064 2436 1112 2468 ad
1134 2447 1247 2469 mc...
1273 2436 1461 2479 scriptum.
1509 2436 1590 2480 Ap-

124 2486 209 2520 pius
234 2477 335 2510 hatte
360 2478 424 2511 das
447 2486 546 2513 erste
570 2481 677 2514 Bueh
699 2481 822 2515 seines
846 2482 1002 2525 grossen
1026 2482 1166 2516 Werks
1192 2483 1285 2516 iiber
1309 2482 1370 2514 die
1394 2481 1589 2525 Augurien

125 2522 269 2556 seinem
296 2525 479 2568 Collegen
505 2526 640 2560 Cicero
666 2527 910 2571 zugeeignet,
938 2538 1016 2562 was
1040 2528 1165 2562 dieser
1191 2530 1245 2562 als
1271 2528 1378 2562 einen
1405 2527 1589 2562 besonde-

124 2578 191 2601 ren
217 2569 366 2603 Beweis
391 2570 635 2616 aufriehtiger
659 2574 910 2618 Aussbhnung
936 2575 1010 2608 und
1034 2575 1304 2608 Freundschaft
1328 2575 1451 2608 ansah.
1486 2585 1591 2619 quem

40 2621 56 2633 ⁸
125 2615 175 2647 ad
198 2626 273 2659 me,
307 2618 522 2651 suavissime
546 2619 743 2664 scriptum,
777 2625 914 2655 amant.
939 2621 1077 2654 misisti
1100 2622 1341 2665 Mart.-Lag.
1372 2620 1458 2656 Sch.
1493 2621 1589 2656 Liin.

126 2668 254 2694 eontra
278 2663 355 2697 Md.
383 2663 581 2699 ORELLI.

215 2708 247 2743 2.
293 2720 435 2744 summa
459 2712 598 2747 Manus..
624 2724 798 2748 summae.
825 2732 868 2740 -
893 2713 1074 2749 coniunct.
1106 2725 1180 2748 nec.
1216 2718 1240 2748 t.
1279 2713 1341 2748 die
1366 2713 1588 2753 Verwandt..
