1795 3043
201 83 303 133 258
461 78 526 126 Μ.
561 77 620 125 Τ.
659 76 1000 126 CICERONIS
1034 77 1408 127 EPISTOLAE.

203 193 345 235 omnia
385 191 451 233 iit.
509 190 737 232 Stomacho
774 192 839 231 est
871 191 1037 233 scilicet
1075 191 1302 244 Pompeius
1340 192 1519 245 Magnus
1555 204 1669 234 nuno

202 252 265 292 ita
293 248 525 302 languenti,
556 249 605 288 ut
632 247 704 289 vix
735 248 792 296 id,
821 249 932 301 quod
962 249 1043 289 sibi
1071 250 1255 301 placeat,
1284 250 1485 302 reperiat.
1516 250 1668 291 Trans-

204 308 344 348 ierant
371 307 501 353 illuc,
541 306 589 345 ut
618 305 728 345 ratio
759 307 867 346 esset
897 306 988 346 eius
1018 306 1233 354 habenda,
1277 307 1352 358 qui
1382 319 1519 358 neque
1548 319 1666 348 exer-

202 365 336 406 eitum
365 374 503 414 neque
530 362 772 415 provincias
798 363 996 403 traderet.
1056 363 1413 411 Quemadmodum
1442 364 1524 405 hoe
1545 364 1667 405 Pom·

201 423 323 475 peius
350 421 514 461 laturus
540 419 608 466 sit,
635 432 761 471 quum
792 421 1030 473 cognoscat,
1063 421 1262 472 quidnam
1291 421 1354 461 rei
1380 421 1576 473 publicae
1605 423 1668 462 su-

201 481 344 519 turum
373 477 451 526 sit,
482 476 520 517 si
547 486 603 508 ***
633 479 706 517 aut
734 490 816 517 non
849 478 994 526 curet,
1026 490 1098 519 vos
1129 491 1249 519 senes
1279 477 1432 519 divites
1460 478 1665 520 videritis-

201 536 251 585 Q.
282 534 554 588 Hortensius,
591 547 720 587 quum
747 534 825 575 has
852 535 999 575 literas
1027 535 1194 588 scripsi,
1225 536 1410 576 animam
1438 533 1601 588 agebat.

342 727 654 776 EPISTOLA
701 729 1002 776 CCLXXIII.
1059 729 1142 787 (ad
1174 730 1280 776 Div.
1319 729 1382 776 ΙΙ.
1420 731 1523 789 15.)

298 817 379 853 Scr.
405 816 474 852 sub
500 815 644 850 exitum
669 815 807 851 mensis
833 815 1012 852 Quintilis
1036 817 1080 852 Α.
1106 817 1153 852 U.
1181 818 1221 853 C.
1249 818 1327 853 704.
1357 820 1402 861 (a.
1428 817 1470 851 C.
1495 817 1568 860 50.)

199 887 347 923 Gratias
372 886 450 931 agit
473 885 602 920 Caelio
627 895 698 930 pro
725 884 896 919 confecta
918 885 1202 929 supplicatione.
1230 888 1261 920 1.
1304 887 1466 920 laetatur
1481 884 1666 920 Dolabel-

198 935 271 969 lam
301 935 346 969 ab
378 944 424 967 eo
456 931 600 966 laudari
633 937 670 965 et
700 931 828 964 amari.
855 932 888 965 2.
938 931 1142 966 sollicitum
1175 943 1215 966 se
1247 933 1294 967 de
1326 943 1367 966 re
1398 933 1551 977 publica
1582 942 1665 966 esse

197 982 346 1016 fatetur.
362 982 397 1015 3.
430 990 496 1012 cur
512 977 680 1013 Caelium
701 977 855 1012 Caldum
881 985 1119 1021 quaestorem
1143 978 1363 1024 provinciae
1388 978 1664 1024 praeposuerit,

311 1025 482 1073 exponit.
507 1026 541 1058 4.
601 1023 706 1058 addit
730 1025 909 1067 quaedam
935 1025 981 1058 de
1008 1025 1159 1069 Ocella,
1199 1032 1253 1069 et,
1289 1036 1329 1060 se
1355 1036 1438 1059 eum
1462 1036 1551 1059 mox

719 1071 909 1113 visurum,
941 1078 1079 1116 sperat.
1108 1073 1141 1106 5.

342 1141 393 1177 M.
419 1138 606 1175 CICERO
632 1139 738 1174 IMP.
766 1138 803 1175 S.
824 1139 877 1173 D.
903 1139 957 1174 M.
984 1139 1172 1174 CAELIO
1198 1139 1379 1174 AEDILI
1405 1140 1517 1175 CUR.

311 1211 407 1253 Non
436 1210 576 1263 potuit
617 1210 859 1251 accuratius
899 1210 966 1263 agi
1008 1222 1088 1250 nec
1126 1210 1394 1262 prudentius,
1439 1223 1566 1262 quam
1603 1211 1667 1250 est

198 1271 340 1311 actum
368 1282 393 1309 a
421 1270 463 1308 te
493 1280 590 1308 cum
622 1267 805 1307 Curione
834 1266 887 1305 de
917 1267 1244 1318 supplicationez
1283 1270 1346 1315 et,
1379 1269 1540 1320 hercle,
1569 1279 1667 1308 con-

197 1403 379 1439 Entlehnt
402 1411 488 1436 vom
514 1405 894 1446 entgegengesetzten
928 1400 966 1434 in
998 1401 1212 1434 sententiam
1242 1401 1319 1443 ire,
1353 1400 1459 1435 einer
1483 1402 1665 1446 Meinung

197 1450 398 1485 beitreten.
421 1468 463 1473 —
504 1449 668 1492 scilicet,
702 1448 835 1489 wisse,
868 1448 930 1481 Du
956 1454 1071 1481 musst
1096 1447 1245 1482 wissen.
1280 1447 1321 1483 S.
1348 1447 1500 1482 Ramsh.
1527 1449 1558 1491 §.
1584 1450 1663 1483 187.

195 1515 241 1524 --
279 1496 373 1541 quod
403 1495 477 1529 sibi
497 1495 658 1539 placeat,
696 1505 772 1528 was
798 1494 873 1528 ihm
899 1494 1120 1527 sehmecken
1146 1494 1241 1528 will.
1263 1512 1307 1519 ——
1354 1495 1594 1528 Transierant
1616 1495 1665 1528 il-

197 1544 255 1576 luc
281 1569 289 1577 .
311 1569 319 1577 .
355 1542 525 1576 traderet.
591 1541 732 1576 Sensus
769 1547 840 1574 est:
889 1546 928 1573 ut
961 1540 1097 1574 Caesar
1137 1540 1267 1574 consul
1304 1548 1517 1584 crearetur,
1563 1541 1664 1585 quod

195 1590 309 1623 aliter
334 1588 541 1622 exercitum
567 1594 603 1621 et
628 1587 859 1632 provinciam
886 1585 1036 1619 tradere
1061 1586 1127 1620 alii
1152 1587 1282 1620 nollet.
1308 1587 1544 1622 ERNESTI.
1573 1588 1664 1632 „Da

195 1635 401 1681 Pompeius
431 1644 478 1668 zu
509 1633 655 1668 keinem
688 1634 807 1667 sesten
832 1632 1076 1666 Entschlusse
1107 1632 1277 1666 kommen
1308 1632 1449 1667 konnte
1481 1634 1556 1668 und
1591 1635 1662 1668 den

196 1681 311 1717 Senat
335 1681 476 1715 seinem
501 1681 698 1724 zaghasten
718 1679 810 1713 Hin-
826 1690 861 1712 u.
876 1679 1183 1712 Herschwanken
1209 1688 1254 1712 zu
1281 1679 1499 1713 iiberlassen
1521 1681 1663 1723 semen,

196 1739 237 1764 so
263 1728 326 1762 fiel
358 1727 422 1761 auf
451 1726 516 1760 das
540 1722 784 1760 'unermudele
807 1724 1026 1769 Andringen
1059 1725 1127 1758 der
1151 1725 1322 1759 Freunde
1348 1725 1415 1760 des
1441 1726 1573 1760 casars
1600 1726 1662 1761 die

196 1772 564 1810 Stimmenmehrheit
589 1773 702 1806 dahin
727 1783 808 1806 aus:
835 1782 916 1805 man
942 1771 1065 1805 konne
1086 1772 1156 1804 den
1176 1772 1290 1805 Ciisar
1309 1771 1411 1805 nicht
1429 1772 1560 1816 sanger
1580 1773 1662 1806 hiu-

196 1821 309 1863 dern,
341 1820 422 1855 sich
456 1820 521 1853 des
546 1820 777 1861 Vorrechts‚
810 1818 876 1852 das
908 1817 984 1851 ihm
1011 1818 1077 1852 702
1102 1818 1220 1851 durch
1244 1817 1354 1851 einen
1379 1817 1661 1854 Senatsschluss

195 1866 447 1911 zugestanden
478 1866 653 1908 worden,
687 1876 731 1898 zu
757 1864 941 1898 bedienen
968 1864 1043 1898 und
1068 1864 1337 1907 abwesend,
1370 1865 1449 1898 also
1475 1865 1593 1899 bevor
1619 1876 1661 1898 er

194 1914 291 1947 noch
324 1913 428 1946 seine
460 1912 628 1946 Provinz
664 1911 879 1955 iibergeben
918 1911 1037 1953 hatte,
1076 1922 1134 1944 um
1170 1910 1234 1944 das
1260 1911 1438 1945 Consulat
1462 1911 1529 1945 des
1554 1912 1661 1946 Iahrs

194 1960 262 1995 '105
293 1958 551 1993 anzuhalten.”
606 1958 732 1992 Ciilius
767 1957 901 1990 dr'uckt
937 1957 1018 1991 sich
1049 1956 1322 2000 geflissentlich
1354 1957 1458 1991 nicht
1492 1957 1660 1993 deutlich

194 2017 273 2041 aus.
333 2006 412 2039 Das
439 2004 610 2048 Plusqpf.
650 2004 876 2038 transierant
898 2003 988 2037 illuc
1010 2014 1058 2036 τ·-
1090 2003 1137 2037 da
1171 2013 1298 2036 waren
1335 2002 1391 2037 sie
1416 2003 1512 2037 deun
1537 2004 1660 2047 liingst

195 2063 242 2086 zu
275 2051 357 2086 dem
388 2052 614 2086 Beschlusse
647 2051 956 2093 ubergegangen‚
998 2060 1020 2082 a
1044 2049 1217 2094 Pompeii
1251 2049 1436 2083 sententia
1467 2049 1558 2083 illue
1593 2051 1658 2084 de-

193 2099 390 2140 flexerant,
415 2104 501 2132 statt
525 2097 592 2131 des
616 2097 849 2131 Perfectums
874 2096 1092 2139 gebraucht‚
1118 2095 1233 2129 mahlt
1257 2095 1318 2128 die
1344 2095 1426 2128 dem
1450 2095 1655 2141 Pompeius

193 2144 533 2179 zuvorkommende
558 2142 818 2187 Eilsertigkeit
841 2142 909 2176 der
935 2141 1176 2176 Ciisarischen
1203 2142 1332 2175 Partei
1357 2141 1404 2174 im
1431 2140 1580 2176 Senate.
1614 2142 1656 2179 S.

194 2191 343 2226 Ramsh.
370 2190 493 2233 §.164‚
512 2192 570 2233 11,
588 2192 622 2224 3.
643 2209 687 2215 —-
723 2189 887 2223 traderet
910 2200 957 2222 Ξ.-
981 2189 1126 2222 tradere
1150 2188 1256 2221 vellet
1280 2187 1371 2221 Ern.
1392 2186 1590 2223 Sch.Liin.
1609 2208 1653 2214 ——

192 2242 256 2272 aut
280 2237 463 2282 quidnam.
494 2236 619 2270 Rostii
646 2235 743 2270 coni.
768 2235 870 2280 spec.
884 2236 917 2269 2.
940 2247 978 2279 p.
996 2236 1030 2270 9.
1057 2234 1143 2269 Sch.
1168 2234 1260 2268 Liin.
1286 2253 1330 2259 —
1360 2234 1395 2267 si
1417 2247 1471 2266 u*
1496 2239 1559 2268 aut
1583 2246 1655 2268 non

192 2289 305 2319 curet.
343 2283 407 2318 Sic
438 2293 565 2317 mance
590 2282 668 2316 Md.
693 2282 791 2317 Vict.
811 2283 843 2316 2.
873 2282 1008 2316 GraeV.
1043 2281 1111 2319 sit,
1142 2281 1176 2314 si
1201 2291 1271 2313 non
1296 2284 1397 2314 curet
1421 2280 1516 2324 (scil.
1543 2282 1653 2315 Pom-

190 2330 314 2376 peius)
349 2330 395 2363 de
428 2328 650 2372 pantagathi
682 2328 779 2362 coni.
816 2328 902 2363 Sch.
942 2328 1038 2361 Liin.
1072 2326 1135 2360 ΟΒ
1203 2327 1318 2370 „Wie
1352 2326 1416 2360 das
1449 2327 1653 2372 Pompeius

189 2377 408 2411 aufnehmen
433 2375 575 2417 werde,
601 2374 648 2408 da
672 2386 713 2408 er
738 2374 852 2417 weis,
887 2384 964 2408 was
988 2384 1054 2407 aus
1078 2373 1146 2407 der
1157 2372 1352 2419 Republik
1369 2373 1523 2408 werden
1541 2385 1653 2417 musa

189 2434 300 2459 wenn
325 2434 366 2457 er
390 2422 469 2456 sich
494 2421 595 2455 nicht
620 2421 747 2455 darum
772 2421 1006 2455 bekiimmert
1039 2419 1197 2462 (odert
1232 2430 1341 2454 wann
1366 2431 1408 2453 er
1431 2431 1472 2454 es
1497 2421 1652 2463 erfahrt,

189 2470 283 2504 oder
307 2479 383 2503 was
408 2478 473 2502 aus
498 2468 566 2502 der
590 2467 784 2512 Republik
807 2467 961 2500 werden
987 2466 1127 2509 diirfte,
1153 2476 1264 2500 wenn
1290 2478 1332 2500 er
1355 2466 1436 2499 sich
1460 2465 1563 2500 nicht
1587 2466 1652 2500 da-
1762 2465 1763 2481 ¹

189 2527 268 2550 rum
294 2515 562 2557 bekijmmert‚)
589 2513 654 2547 das
676 2514 762 2557 geb’
781 2513 842 2547 ich
866 2512 975 2546 Euch
995 2512 1147 2546 reichen
1170 2513 1269 2547 alten
1288 2513 1412 2547 Herrn
1438 2522 1484 2546 zu
1510 2512 1651 2545 beden-

186 2562 274 2596 ken.
292 2566 358 2595 aut
376 2572 444 2595 vor
461 2561 708 2605 quidnam!--
735 2560 774 2595 Q.
787 2559 1004 2592 Hortensius
1019 2584 1026 2592 .
1040 2583 1047 2591 .
1066 2559 1227 2592 animam
1244 2560 1391 2602 agebat,
1410 2558 1503 2602 liegt
1518 2557 1554 2591 in
1577 2558 1648 2592 den

186 2608 325 2642 letzten
346 2608 486 2650 Ziigen.
525 2607 556 2640 T
572 2617 626 2640 ro
641 2605 801 2650 pisch.
835 2605 946 2639 Denn
970 2616 1012 2639 er
1037 2615 1116 2639 war
1139 2605 1258 2640 Einer
1281 2606 1350 2640 der
1372 2604 1522 2639 reichen
1549 2605 1648 2638 alten

184 2655 330 2698 Herrn,
355 2655 417 2688 die
443 2665 498 2687 am
530 2652 690 2687 Meisten
716 2661 760 2685 zu
786 2651 973 2685 verlieren
998 2652 1145 2694 hatten,
1179 2663 1288 2687 wann
1314 2663 1353 2686 es
1377 2660 1459 2684 zum
1484 2651 1647 2694 Burger-

183 2700 315 2744 kriege
339 2700 434 2735 kam.
483 2697 744 2741 Wirklich;
770 2698 866 2732 denn
892 2709 934 2731 er
957 2698 1060 2732 starb
1084 2698 1181 2732 bald.
1221 2698 1259 2735 S.
1285 2709 1342 2743 ep.
1355 2697 1643 2740 CCLxxv1‚2.

273 2749 303 2781 1.
343 2747 387 2781 de
409 2747 551 2792 suppl„
585 2745 622 2780 in
653 2744 795 2779 meiner
818 2744 1225 2790 Supplicationssache.
1273 2745 1409 2781 Cicero
1442 2750 1644 2777 antwortet

1670 2948 1673 2951 ,
1723 2863 1760 3043 7
