1795 3043
225 69 326 116 392
483 64 549 111 Μ.
586 63 642 110 Τ.
679 62 1021 110 CICERONIS
1055 62 1428 112 EPISTOLAE.

229 177 420 218 dibiliter
457 175 688 229 pertimuit.
756 175 876 218 Nihil
913 177 1077 230 spectat
1115 175 1200 216 nisi
1235 177 1396 229 sugam:
1448 175 1520 218 cui
1556 178 1602 219 tu
1630 196 1687 206 —-

231 235 354 275 video
381 233 492 273 enim
519 233 622 284 quid
651 232 805 274 sentias
832 254 890 264 -—-
925 247 993 275 me
1023 233 1219 274 comitem
1247 236 1372 286 putas
1400 233 1553 274 debere
1583 246 1686 276 esse.

180 300 208 339 2
234 293 322 344 Ego
354 303 477 337 vero,
508 303 632 342 quem
660 291 837 343 fugiam,
869 291 1025 332 habeo:
1066 303 1191 342 quem
1220 303 1393 340 sequar,
1424 303 1509 331 non
1539 290 1687 332 habeo.

232 347 354 396 Quod
392 348 503 387 enim
541 349 588 387 tu
617 359 753 387 meum
783 348 929 389 laudas
970 350 1012 388 et
1046 347 1361 388 memorandum
1391 347 1518 396 dicis,
1561 349 1690 389 malle

232 405 345 457 quod
386 403 567 445 dixerim
596 417 663 445 me
698 418 796 446 cum
823 406 1026 457 Pompeio
1054 405 1171 446 vinci
1200 416 1327 456 quam
1356 417 1450 446 cum
1479 404 1572 445 istis
1598 404 1690 445 vin-

233 474 353 503 cere:
413 474 488 515 ego
531 474 632 503 vero
676 464 809 517 malo,
860 463 933 503 sed
977 475 1075 502 eum
1116 462 1192 502 illo
1221 462 1447 513 Pompeio,
1490 462 1564 513 qui
1599 462 1690 502 tum

232 520 324 559 erat
354 520 427 559 aut
455 519 528 570 qui
554 519 660 560 mihi
689 532 780 560 esse
808 520 1049 568 videbatur3
1091 531 1189 560 eum
1218 519 1300 560 hoc
1330 530 1458 566 vero,
1490 518 1564 570 qui
1592 521 1691 559 ante

231 575 362 628 fugit,
400 588 522 628 quam
552 577 632 616 scit
662 579 735 616 aut
764 589 889 627 quem
918 578 1054 629 fugiat
1082 579 1155 616 aut
1184 588 1289 628 quo,
1328 576 1403 627 qui
1432 577 1579 615 nostra
1607 577 1691 615 tra-

234 632 365 679 didit,
413 633 490 685 qui
530 633 712 684 patriam
750 634 948 685 reliquit,
1000 634 1168 674 Italiam
1204 632 1433 683 relinquit,
1484 633 1520 673 si
1547 632 1694 683 malui,

234 689 436 742 contigit;
495 690 636 730 victus
683 703 790 732 sum.
862 689 982 737 Quod
1022 691 1234 742 superest,
1291 702 1370 731 nec
1420 690 1501 729 ista
1548 689 1694 730 videre

232 758 420 798 possum,
451 758 559 798 quae
588 759 801 800 nunquam
830 747 951 787 timui
978 757 1032 785 ne
1061 747 1270 797 viderem,
1312 758 1391 786 nec
1421 759 1489 785 me
1517 747 1694 786 hercule

234 803 387 853 istum,
417 806 593 856 propter
612 817 737 856 quem
767 804 874 844 mihi
898 815 982 844 non
1011 804 1132 844 modo
1162 805 1286 852 meis,
1318 803 1391 844 sed
1421 806 1572 843 memet
1601 804 1695 855 ipso

184 864 213 904 3
237 861 466 901 carendum
509 863 597 904 est.=
644 862 710 903 Ad
739 861 1018 901 Philotimum
1059 860 1212 913 scripsi
1251 861 1302 900 de
1331 860 1508 907 viatico,
1554 861 1642 900 sive
1671 874 1697 899 a

235 916 409 958 Moneta
435 940 495 948 —
531 931 656 959 nemo
687 919 799 958 enim
829 919 952 959 solvit
982 941 1040 949 —
1076 919 1165 958 sive
1195 917 1248 957 ab
1279 917 1454 970 Oppiis,
1484 917 1569 957 tuis
1599 928 1697 957 con-

234 975 540 1016 tubernalibus.
599 976 749 1016 Cetera
778 976 970 1028 apposite
999 974 1078 1016 tibi
1106 973 1330 1016 mandabo.

237 1093 328 1128 ietzt
360 1105 443 1128 vom
469 1094 606 1130 Senate
638 1107 684 1129 zu
711 1097 843 1130 C'aeisars
873 1096 1101 1139 Naehsolger
1137 1095 1174 1129 in
1201 1095 1351 1130 Gallien
1386 1100 1562 1139 ernannt,
1597 1095 1699 1128 hatte

235 1140 308 1173 den
334 1141 519 1175 consular
539 1142 721 1176 Lentulus
742 1142 940 1188 Spinther,
979 1143 1105 1176 mehre
1129 1141 1338 1176 Senatoren
1365 1141 1439 1175 und
1465 1141 1549 1175 eine
1569 1151 1700 1187 grosse

235 1187 383 1221 Anzahl
407 1187 533 1222 Ritter
565 1188 626 1222 bei
660 1189 753 1224 sich.
787 1208 832 1214 --
874 1189 1090 1234 pertimuit,
1119 1188 1282 1222 muthlos
1314 1188 1360 1221 is(
1393 1199 1447 1222 er.
1480 1207 1525 1213 —-
1573 1188 1700 1221 debere

233 1243 311 1312 Esse
340 1243 494 1313 :rbResse
525 1235 653 1269 debere
683 1235 836 1277 Lamb.;
883 1246 971 1270 sane
1004 1241 1062 1269 est
1090 1245 1179 1269 mox
1211 1235 1279 1279 Ep,
1307 1234 1362 1268 14.
1388 1234 1516 1267 videor
1540 1244 1615 1268 esse
1639 1233 1701 1267 de-

258 1289 330 1312 ere.
435 1305 442 1314 .

326 1325 358 1360 2.
399 1336 515 1359 meum
547 1326 679 1360 laudas
710 1327 793 1362 scil.
818 1326 980 1370 dictum,
1016 1324 1328 1369 quod-sequitur.
1362 1344 1405 1350 -·
1453 1325 1549 1359 dicis
1583 1325 1702 1367 (ducis

235 1369 324 1406 Bos.
354 1371 528 1415 G1·aev.),
564 1373 664 1416 quod
689 1373 827 1407 dictum
853 1373 921 1407 tibi
947 1372 1041 1407 adeo
1067 1371 1227 1416 placuit,
1261 1378 1300 1406 ut
1323 1371 1413 1405 mihi
1440 1371 1478 1405 id
1504 1372 1541 1405 in
1563 1382 1702 1405 memo-

236 1417 328 1450 riam
354 1424 506 1462 putares
532 1420 794 1455 revocandum.
820 1420 927 1454 SCH.
955 1438 999 1445 —-
1045 1419 1156 1452 malle
1181 1424 1250 1452 cet.
1286 1418 1325 1453 S.
1345 1428 1403 1463 ep.
1419 1417 1702 1460 CCLXXXIV‚

235 1464 272 1497 4.
299 1482 344 1488 ——
391 1466 561 1500 tradidit.
591 1467 682 1510 Vgl.
710 1477 769 1511 ep.
792 1465 1039 1509 CCCXXVI,
1061 1467 1102 1499 4:
1140 1475 1211 1498 non
1230 1465 1388 1508 pecunia
1413 1464 1530 1497 omnis
1553 1470 1622 1498 cet.
1656 1483 1700 1489 —

237 1509 429 1554 relinquit,
456 1512 580 1546 Oxon.
607 1513 702 1549 Ball.
731 1513 888 1547 deseruit
911 1513 1095 1557 probante
1121 1511 1295 1545 Graevio.
1314 1529 1359 1535 —-
1390 1513 1424 1543 si
1447 1510 1564 1544 malui
1586 1509 1701 1553 vinci,

238 1566 348 1598 quarn
374 1568 455 1590 cum
481 1558 562 1591 istis
587 1559 752 1593 vincere.
779 1578 822 1583 --
854 1559 1031 1601 contigit,
1057 1558 1175 1591 victus
1198 1568 1286 1591 sum.
1323 1557 1472 1590 Factum
1499 1563 1574 1600 est,
1601 1557 1702 1601 quod

238 1601 353 1636 volui.
403 1604 560 1638 Facetus
599 1605 715 1639 iocus.
754 1605 970 1639 CORRAD.
1020 1604 1197 1646 contigit,
1242 1604 1359 1636 victus
1396 1614 1475 1636 sum
1513 1613 1582 1647 per
1613 1612 1703 1636 con-

238 1647 464 1683 iunctionem
490 1650 597 1684 verbi
621 1651 747 1685 felicia
771 1650 1016 1695 significantis
1042 1650 1199 1691 contigit
1222 1660 1302 1682 cum
1318 1649 1435 1683 verbo
1461 1649 1559 1683 tristi
1585 1649 1703 1683 victus

237 1705 326 1730 sum.
352 1696 588 1731 ERNESTI.
628 1697 747 1732 Simul
772 1709 882 1740 quum
910 1697 1023 1738 dicit,
1053 1697 1087 1729 si
1111 1696 1245 1740 malui,
1277 1696 1396 1729 facete
1422 1695 1542 1729 innuit
1566 1705 1606 1729 se
1631 1696 1702 1728 hoc

238 1751 313 1773 non
345 1742 531 1777 maluisse.
580 1744 716 1778 Maluit
749 1744 845 1777 enim
881 1755 961 1777 cum
988 1742 1169 1787 Pompeio
1197 1749 1236 1774 ut
1259 1741 1347 1774 sorti
1371 1747 1408 1775 et
1433 1740 1609 1786 prudenti
1634 1741 1702 1775 im-

238 1794 428 1831 peratore,
453 1800 527 1822 non
552 1796 674 1824 autem
699 1801 779 1824 cum
804 1789 933 1824 eodem
956 1789 1105 1832 timido,
1129 1788 1271 1822 imbelli
1287 1794 1322 1821 et
1338 1788 1571 1832 imprudente
1587 1787 1702 1830 vinci,

239 1844 348 1876 quam
380 1846 461 1868 cum
488 1837 650 1870 Caesare
682 1837 846 1871 vincere.
872 1836 987 1871 SC'H.-
1005 1854 1049 1861 ·—·
1097 1846 1161 1868 nec
1184 1835 1275 1878 ista,
1312 1840 1384 1867 tam
1410 1844 1590 1877 perversa
1613 1844 1702 1867 con-

239 1879 327 1915 silia
350 1879 539 1925 Pompeii.
565 1902 610 1908 —
662 1894 726 1917 nec
749 1884 880 1925 istum,
915 1883 1122 1917 Caesarem.
1155 1880 1261 1915 SCH.
1300 1879 1373 1914 imo
1398 1879 1630 1925 Pompeium.

328 1928 364 1962 3.
398 1927 649 1964 Philotimum.
697 1929 736 1964 S.
764 1941 824 1975 ep.
850 1929 938 1971 312,
969 1929 1001 1964 2.
1040 1929 1127 1970 316,
1158 1929 1192 1962 1.
1230 1928 1316 1965 319,
1348 1927 1382 1960 2.
1423 1927 1511 1970 320,
1544 1928 1578 1960 1.
1617 1926 1699 1961 321.

238 1972 325 2011 3⁵24,
360 1975 390 2007 l.
433 1993 476 1999 —
533 1977 577 2009 de
610 1976 771 2018 viatim,
817 1975 900 2010 dass
934 1986 975 2009 er
1005 1975 1075 2008 mir
1110 1974 1176 2007 das
1207 1973 1361 2015 nothige
1388 1972 1593 2016 Reisegeld
1618 1983 1702 2006 ver-

238 2019 402 2053 schaffen
427 2022 537 2056 solie.
560 2041 604 2048 —
641 2035 665 2055 α
690 2023 841 2056 Moneta
867 2022 890 2056 i.
917 2033 946 2055 e.
975 2033 1023 2055 ex
1049 2020 1198 2055 officina
1222 2030 1413 2053 numorum
1431 2019 1700 2061 cudendorum‚

239 2076 335 2107 quae
361 2073 440 2100 erat
464 2068 508 2101 ad
534 2068 663 2102 aedem
687 2070 880 2107 Monetae,
906 2069 986 2101 scil.
1013 2079 1082 2112 pro
1108 2073 1261 2110 argento
1287 2076 1359 2098 non
1381 2065 1525 2108 signato
1538 2064 1702 2109 petendo

239 2111 437 2155 signatum.
496 2115 612 2148 Nemo
644 2116 740 2148 enim
771 2116 899 2157 solvit,
942 2115 1004 2158 qui
1040 2112 1128 2147 mihi
1163 2113 1292 2153 debet,
1333 2117 1371 2144 ut
1406 2112 1451 2144 ab
1490 2111 1536 2144 iis
1571 2116 1702 2154 petere

239 2158 434 2201 pecuniam
462 2161 614 2204 possim.
646 2161 877 2197 ERNESTI.
904 2180 946 2187 —
993 2161 1037 2193 ab
1064 2159 1201 2203 Oppiis.
1236 2158 1272 2192 S.
1299 2167 1343 2190 zu
1372 2168 1431 2201 ep.
1451 2157 1639 2199 CCCVII,
1665 2158 1698 2190 5.

242 2204 314 2237 und
332 2206 570 2243 CCCLXVI.
587 2227 630 2232 —
667 2208 829 2252 apposite
854 2207 874 2241 i.
891 2219 922 2241 e.
950 2213 1174 2252 opportune,
1201 2203 1299 2246 „wie
1320 2203 1430 2237 sich’s
1456 2214 1588 2247 passen
1606 2202 1699 2243 will,

238 2250 314 2284 wie
339 2262 379 2285 es
404 2252 478 2286 Dir
503 2253 659 2295 bequem
685 2254 762 2288 sein
790 2254 945 2288 dtirsteJ'
979 2254 1112 2287 Cicero
1136 2250 1280 2284 Scheint
1304 2250 1389 2283 iibel
1417 2250 1584 2292 gestiunt,
1611 2249 1698 2283 weil

243 2295 318 2330 ihm
344 2297 493 2332 Attikus
520 2299 712 2333 vielleicht
743 2300 847 2334 seine
871 2302 985 2334 Casse
1014 2310 1095 2333 zum
1120 2297 1333 2332 Vorsehuss
1364 2296 1465 2328 nicht
1488 2306 1559 2328 von
1585 2295 1702 2330 selbst

242 2344 451 2386 angeboten
479 2346 590 2379 hatte.
626 2346 677 2381 So
704 2347 750 2380 de
765 2347 844 2380 Inv.
872 2349 904 2389 1,
929 2347 951 2380 5
976 2345 1102 2379 dicere
1117 2342 1288 2388 apposite
1313 2342 1358 2376 ad
1374 2342 1647 2386 persuasionem
1670 2367 1701 2375 ..

240 2390 288 2423 ad
313 2392 525 2426 sanandum.
574 2391 639 2426 Sic
665 2393 776 2426 Hem.
805 2393 971 2428 Gessner
1005 2392 1041 2425 in
1066 2391 1258 2424 Thesauro
1284 2399 1316 2422 v.
1343 2389 1505 2433 apposite
1528 2388 1701 2433 exempla

243 2436 416 2473 'l'nlliana
441 2439 619 2483 afferens,
650 2438 738 2474 Sch.
763 2439 857 2474 Lim.
883 2439 1050 2484 apposita
1075 2438 1172 2472 Cett.
1198 2447 1279 2470 cnm
1304 2435 1382 2471 Md.
