1795 3043
219 87 319 134 388
480 80 543 127 Μ.
580 80 635 124 Τ.
674 78 1014 126 CICERONIS
1051 80 1422 127 EPISTOLAE.

175 198 202 237 2
226 195 371 247 aptum
393 193 444 234 ad
463 190 712 232 docendum.
771 191 854 232 Sed
885 193 947 232 est
976 192 1178 233 memoria
1192 191 1315 234 bona.
1375 193 1446 233 Me
1463 193 1576 237 dIcet
1595 207 1685 237 esse

223 253 413 292 meliore.
475 248 637 296 Quibus
666 249 803 289 literis
832 249 893 289 ita
922 249 1154 300 respondit,
1184 251 1230 289 ut
1259 262 1337 302 ego
1361 251 1534 304 nemini,
1562 254 1684 294 cuius

223 319 395 350 causam
423 318 506 346 non
537 307 786 358 reciperem.
847 307 1024 358 Semper
1053 306 1191 357 enim,
1228 311 1268 346 si
1292 315 1469 358 potero,-
1513 315 1553 351 si
1580 318 1683 351 ante

221 371 415 417 suscepta
444 377 578 404 causa
606 378 693 403 non
720 366 956 415 impediam
1002 376 1217 414 nunquam
1246 376 1320 403 reo
1350 365 1566 417 cuiquam,
1596 369 1681 407 tam

221 421 389 470 humili,
418 421 506 461 tam
535 420 725 468 sordido,
757 422 841 460 tam
871 420 1061 472 nocent-i,
1092 422 1174 460 tam
1206 421 1346 461 alieno
1376 423 1460 461 tam
1490 425 1683 474 praecise

220 479 396 532 negavi,
448 490 575 529 quam
603 478 676 518 hic
705 478 825 518 mihi.
884 478 1017 517 Plane
1045 478 1135 517 sine
1165 478 1254 517 ulla
1283 478 1533 530 exceptione
1563 494 1682 532 prae-

221 536 338 576 cidit.
394 534 514 576 Nihil
545 536 722 588 cognovi
752 534 980 587 ingratius:
1013 535 1057 575 in
1087 546 1170 585 quo
1192 535 1298 575 vitio
1328 535 1435 575 nihil
1466 537 1566 576 mali
1596 550 1681 577 non

170 596 196 635 3
221 594 346 634 inest.
406 591 489 632 Sed
519 591 571 632 de
600 593 682 632 hoc
712 592 835 631 nimis
870 593 1017 632 multa.
1076 592 1166 644 Ego
1195 604 1343 632 navem
1373 595 1539 644 paravi:
1588 596 1682 635 tuas

219 650 367 690 literas
395 651 534 689 tamen
567 650 786 699 exspect03
827 649 874 688 ut
902 649 1054 699 sciam,
1083 649 1184 700 quid
1214 649 1496 700 respondeant
1520 653 1686 691 consul-

219 707 370 747 tationi
399 718 533 748 meae.
594 706 796 746 Sulmone
839 705 882 744 C.
915 703 1076 745 Attium
1107 706 1328 758 Pelignum
1357 707 1570 758 aperuisse
1598 708 1682 748 An-

218 765 337 804 tonio
367 765 532 816 portas,
574 775 703 813 quum
733 763 872 802 essent
900 762 1096 802 cohortes
1125 764 1334 815 quinque,
1368 765 1414 811 Q.
1436 764 1681 806 Lucretium

218 821 318 861 inde
356 819 552 872 effugisse
592 820 688 862 scis.
758 822 786 869 †
817 818 1003 859 Gnaeum
1038 819 1103 859 ire
1141 820 1416 861 Brundisium
1458 821 1680 862 desertum.

218 879 422 918 Confecta
450 889 519 917 res
549 879 626 919 est,

215 1002 318 1035 hatte
343 1011 456 1045 sagen
483 1000 625 1041 sonem,
660 999 720 1034 ich
746 998 832 1033 liide
857 998 965 1032 einen
990 996 1179 1033 Diciiarch
1205 1023 1213 1032 .
1231 1023 1241 1034 .
1266 998 1516 1033 Aristoxenus
1541 1025 1552 1035 .
1570 1025 1580 1035 .
1607 1000 1679 1034 ein.

216 1047 255 1083 S.
282 1048 433 1082 Ramsh.
459 1046 488 1090 §.
506 1048 584 1086 166,
609 1047 644 1080 2.
671 1058 702 1081 c.
736 1065 781 1071 —
828 1045 1000 1079 omnium.
1026 1045 1102 1079 Md.
1131 1045 1255 1079 Oxon.
1282 1046 1314 1080 l.
1340 1046 1374 1080 2.
1407 1057 1479 1079 non
1503 1045 1682 1080 hominem

215 1105 310 1128 omn.
343 1095 435 1138 loq.‚
481 1100 521 1127 ut
549 1093 646 1127 infra
674 1093 742 1137 Ep.
767 1093 823 1127 16.
857 1091 1037 1125 hominem
1068 1092 1481 1128 ἅπολιτικώτατον
1507 1093 1678 1127 omnium.

218 1140 488 1227 0RE2eLdlz3oet'
521 1196 563 1219 er
586 1185 658 1219 soll
682 1195 797 1228 Sagen
814 1209 823 1226 ‚
848 1182 961 1217 sehen
978 1206 988 1223 ,
1014 1181 1099 1216 dass
1123 1181 1183 1215 ich
1209 1183 1305 1217 noch
1330 1182 1391 1218 ein
1416 1184 1590 1219 besseres
1605 1185 1681 1219 Ge·

213 1231 403 1267 dachtniss
429 1233 535 1266 habe.
578 1231 747 1271 Redner‚
772 1229 937 1264 Iuristen
964 1228 1105 1261 hielten
1131 1228 1219 1265 Viel
1243 1230 1310 1263 auf
1330 1230 1431 1264 diess
1457 1230 1681 1265 Seelenver-

212 1279 361 1321 mogen.
386 1295 432 1304 -
481 1277 616 1312 Quibus
639 1288 685 1311 Ξ
709 1276 777 1310 His
801 1275 894 1309 meis
918 1273 1052 1307 literis.
1080 1293 1122 1298 —
1172 1275 1309 1308 nemim·
1333 1276 1544 1320 clientium,
1577 1278 1683 1311 cuius

213 1334 362 1357 causam
386 1335 457 1357 non
481 1324 680 1367 reciperem
704 1322 728 1355 i.
757 1333 791 1355 e.
817 1326 1038 1364 recepturus
1064 1330 1092 1353 s.
1121 1326 1360 1365 suscepturus
1384 1332 1459 1356 non
1484 1333 1614 1357 essem.
1635 1341 1681 1348 —-

213 1370 364 1414 Semper
384 1371 479 1403 enim
504 1369 562 1403 his
588 1375 672 1402 utor
697 1368 840 1402 verbis:
866 1367 900 1400 si
919 1370 1047 1410 potero
1073 1373 1160 1408 cet„
1189 1366 1285 1400 denn
1311 1367 1349 1401 in
1375 1368 1530 1402 solchen
1547 1369 1679 1403 Fallen

212 1416 362 1450 brauch’
387 1416 448 1450 ich
473 1415 704 1459 wenigstens
727 1414 790 1448 die
814 1412 1046 1447 mildernden
1072 1412 1315 1447 Ausdriicke:
1353 1424 1492 1448 wenn
1519 1415 1604 1449 mir
1628 1425 1680 1450 es

211 1462 409 1506 moglich
436 1463 498 1496 ist
523 1473 559 1495 u.
588 1473 615 1495 s.
643 1472 689 1495 W.
717 1480 761 1486 —
801 1464 903 1503 ante,
930 1460 1071 1493 sriiher.
1095 1478 1140 1483 —
1187 1460 1322 1503 alieno,
1346 1461 1679 1495 wildfremden.—

207 1509 375 1552 praecise
398 1519 500 1551 neg..
538 1508 666 1541 seinen
691 1506 872 1540 Beistand
897 1505 991 1539 rund
1017 1505 1254 1549 abschlagon.
1280 1524 1327 1533 —
1373 1509 1553 1552 exceptio,
1580 1509 1678 1542 Aus-

210 1555 360 1598 nahme,
408 1554 652 1597 Bedingung,
697 1551 1034 1595 Entschuldigung.
1077 1569 1122 1575 -—
1176 1552 1285 1586 Nihil
1318 1564 1365 1586 =
1402 1565 1596 1588 neminem.
1632 1572 1678 1579 —·

209 1600 306 1634 m‘lzz'l
331 1627 338 1634 .
358 1626 364 1634 .
385 1627 393 1634 .
418 1612 489 1635 non
514 1601 713 1643 vitiorum,
745 1599 818 1633 alle
842 1599 1005 1633 anderen
1031 1598 1174 1631 Laster.
1201 1617 1246 1623 —
1270 1600 1315 1633 de
1339 1600 1423 1643 hoc,
1456 1612 1528 1634 von
1555 1600 1676 1634 einem

208 1647 414 1681 menschen
439 1647 507 1681 der
532 1649 614 1680 Art.

300 1695 334 1727 3.
363 1705 499 1727 navem.
535 1692 573 1727 S.
602 1692 635 1725 d.
663 1690 785 1735 vorig.
803 1689 912 1724 Bries
933 1691 961 1731 ξ.
978 1690 1009 1722 7.
1037 1707 1081 1713 -
1126 1692 1208 1722 tuas
1230 1689 1377 1733 literas,
1403 1697 1465 1725 tua
1482 1703 1672 1736 responsa.

208 1757 251 1763 --
292 1739 483 1783 Sulmone,
514 1738 794 1773 Forellenstadt
822 1736 896 1770 und
930 1735 1146 1770 vaterstadt
1177 1735 1242 1769 des
1277 1737 1415 1780 Ovids,
1461 1738 1551 1771 ietzt
1587 1738 1675 1773 Sul-

206 1796 337 1829 mona,
374 1787 423 1819 im
447 1785 576 1819 Laude
601 1785 669 1818 der
693 1784 874 1827 Peligner
900 1782 1089 1825 (Abruzzo
1116 1781 1234 1824 citra).
1265 1782 1304 1817 S.
1322 1783 1433 1817 Ovid.
1461 1786 1586 1818 Amor.
1603 1785 1673 1819 111.

205 1831 313 1875 Eleg.
340 1833 430 1868 XV.
456 1851 501 1856 -
548 1832 693 1865 Attium
717 1829 997 1874 Pompeianum.
1038 1828 1174 1861 Caesar
1198 1834 1317 1862 tamen
1342 1829 1430 1863 libr.
1445 1831 1472 1864 1.
1499 1830 1545 1864 de
1570 1831 1614 1865 B.
1630 1832 1672 1866 C.

204 1887 237 1910 c.
267 1879 321 1912 18.
361 1889 434 1911 non
459 1877 602 1911 Attium
628 1876 760 1910 scribit
784 1875 977 1920 aperuisse
1002 1873 1167 1906 Antonio
1194 1882 1341 1919 portas,
1368 1876 1434 1910 sed
1458 1876 1561 1921 ipsos
1587 1876 1674 1912 Sui·

205 1934 421 1966 monenses;
459 1924 601 1957 Attium
628 1934 718 1956 vero
744 1928 781 1956 et
798 1921 1014 1956 Lucretium
1041 1919 1088 1953 de
1113 1931 1218 1954 muro
1243 1931 1284 1954 se
1309 1921 1492 1956 deiecisse
1518 1929 1555 1956 et
1575 1924 1672 1958 hune

202 1970 411 2012 aufugisse3
446 1969 550 2003 illum
575 1970 824 2012 interceptum
849 1967 896 2002 ad
919 1978 959 2001 se
984 1966 1183 2000 deductum
1198 1967 1326 2002 tuisse.
1352 1969 1579 2003 MALASP.
1610 1970 1671 2003 De

201 2015 374 2049 RAm'o
400 2015 474 2050 vid.
501 2027 562 2060 ep.
585 2015 769 2057 CCCVII,
797 2017 835 2057 75
874 2014 921 2048 de
946 2014 1109 2046 Antonz’o
1135 2024 1195 2058 ep.
1222 2014 1367 2058 CCCII,
1393 2015 1426 2049 2.
1465 2016 1670 2058 CCXCIX‚

200 2062 233 2095 5.
260 2062 506 2104 CCLXXVI,
526 2063 557 2096 4.
583 2080 629 2087 ——-
666 2073 773 2105 (luzam
799 2063 859 2104 (=
876 2060 1069 2103 obgleich)
1097 2059 1148 2092 ibi
1175 2063 1290 2092 essent
1315 2061 1467 2104 quinque
1491 2062 1667 2102 cohortes,

201 2118 297 2150 quae
330 2109 509 2152 oppidum
542 2108 797 2142 defenderent.
833 2126 878 2132 ——
945 2107 983 2141 Q.
1009 2105 1243 2147 Lucretium,
1283 2106 1404 2140 Cassii
1438 2107 1666 2142 familiarem.

201 2154 289 2188 vid.
315 2155 362 2187 ad
387 2154 500 2188 Attic.
533 2155 604 2196 IV,
640 2156 695 2189 16.
737 2153 835 2197 VII,
864 2153 909 2187 24
943 2152 1176 2195 (CCCXXI).
1209 2151 1264 2186 25.
1291 2170 1336 2177 —-
1384 2153 1584 2195 †Cnaeum
1611 2157 1667 2188 ire

199 2201 444 2234 Brundisium
469 2202 659 2234 desertum.
686 2201 811 2235 Locus
827 2205 1038 2242 corruptus.
1077 2197 1184 2233 Quod
1210 2198 1242 2231 si
1268 2209 1349 2231 cum
1362 2197 1494 2243 Lipsio
1522 2200 1665 2236 etLall.

200 2247 323 2291 legas:
363 2247 521 2280 Gnaeum
547 2247 603 2279 ire
627 2247 892 2289 Brundisium,
928 2244 1131 2278 Domitium
1156 2245 1356 2287 desertum,
1392 2245 1563 2286 habebit,
1589 2257 1664 2290 quo

199 2303 239 2326 se
275 2300 434 2326 tueatur.
477 2292 672 2328 ORELLI.
710 2292 749 2329 S.
784 2304 844 2338 ep.
868 2290 1118 2333 CCCXXVI,
1153 2292 1184 2326 7.
1225 2309 1267 2315 —-
1318 2291 1491 2335 Confecta
1516 2303 1575 2326 res
1598 2297 1663 2338 est,

199 2338 264 2372 mit
290 2339 424 2373 italien
452 2339 497 2373 ist
520 2350 560 2373 es
585 2342 666 2372 ans!
