1795 3043
487 84 797 132 EPISTOLA
833 85 1115 134 CCCXLVI.
1427 96 1526 146 437

68 197 244 249 peccata
272 196 523 244 recordans,
570 197 614 237 in
644 196 795 249 quibus
822 194 961 238 iuerat
989 197 1064 239 illc
1101 199 1228 241 etiam
1256 212 1411 249 annus,
1450 202 1522 253 qui

67 265 169 302 nos,
215 254 295 294 hoc
342 267 426 294 non
466 253 737 301 defendente,
789 266 843 293 ne
882 254 1020 294 dicam
1049 256 1237 307 gravius,
1287 256 1519 308 afflixeram

64 310 380 362 praesentisque
418 312 620 362 temporis
656 322 911 363 cognoscens
952 312 1255 364 temeritatem,
1292 311 1517 365 ignaviam,

65 367 387 419 negligentiam,
430 366 740 409 succensebam.
798 366 881 407 Sed
923 379 972 406 ea
1005 367 1089 407 iam
1118 370 1223 408 mihi
1254 370 1513 412 exciderunt.
1545 366 1572 407 3

62 422 276 463 Beneficia
306 423 491 464 eiusdem
522 425 684 477 cogit05
733 423 871 476 cogito
911 423 1039 464 etiam
1068 423 1328 476 dignitatem.
1387 428 1514 469 Intel-

62 479 169 530 ligo,
212 480 346 519 serius
376 479 590 532 equidem,
629 492 752 530 quam
780 481 955 532 vellem,
998 484 1174 532 propter
1203 482 1401 533 epistolas
1429 497 1513 524 ser-

63 548 290 587 monesque
324 537 471 585 Balbi3
529 537 600 576 sed
634 536 757 576 video
800 537 927 588 plane
966 537 1075 577 nihil
1119 537 1232 578 aliud
1267 540 1354 592 agi,
1405 541 1514 582 nihil

60 594 202 632 actum
247 592 301 633 ab
349 593 498 645 initio,
552 604 678 645 quam
713 594 760 633 ut
797 593 912 634 huuc
951 593 1176 634 occideret.
1241 595 1331 648 Ego
1364 596 1510 650 igitur,

59 650 102 744 ἒ.
127 650 163 688 si
208 650 300 701 quis
348 649 460 703 apud
503 649 755 698 Homerum,
816 662 947 701 quum
994 650 1035 691 ei
1082 652 1125 691 et
1167 654 1300 694 mater
1344 655 1386 694 et
1432 654 1511 696 dea

88 706 250 754 ixisset,

171 782 325 823 Αὐτίκα
354 781 433 833 γάρ
462 795 525 822 τοι
551 783 689 824 ἔπειτα
716 785 811 834 μεθ’
836 782 1009 835 Ἕκτορα
1038 784 1185 835 πότμος
1213 784 1379 838 ἕτοιμος,

57 863 182 904 matri
211 865 301 917 ipse
330 863 561 917 respondit,

167 940 322 982 Αὐτίκα
349 945 571 993 τεθναίην,
613 944 699 982 ἐπεὶ
727 941 801 983 οὐκ
831 942 894 993 ἆρ’
922 945 1086 994 ἔμελλον
1116 946 1263 996 ἑταίρῳ

167 1001 416 1051 Κτεινομένῳ
446 1000 646 1049 ἐπαμῦναι
658 1015 672 1037 .·

52 1078 175 1130 quid,
216 1080 251 1120 si
280 1092 362 1120 non
393 1080 537 1130 ἑταίρῳ
566 1080 725 1128 solum,
756 1079 830 1120 sed
859 1079 984 1121 etiam
1012 1078 1230 1129 εὐεργέτῃέ)
1278 1080 1396 1128 adde,
1430 1081 1505 1122 tali

52 1136 168 1188 viro,
197 1137 325 1176 talem
345 1149 513 1178 causam
541 1136 680 1189 agenti
691 1150 704 1186 3
741 1148 816 1189 ego
846 1149 945 1177 vero
975 1137 1080 1178 haec
1110 1136 1251 1179 officia
1279 1138 1505 1179 mercanda

51 1192 139 1232 vita
167 1194 284 1244 puto.
340 1191 623 1245 optimatibus
659 1204 760 1234 vero
798 1194 880 1235 tuis
910 1194 1020 1234 nihil
1049 1194 1236 1242 confido,
1282 1195 1390 1235 nihil
1418 1195 1504 1236 iam

50 1260 105 1288 ne
142 1249 324 1290 inservio
365 1250 546 1301 quidem.
610 1249 769 1297 video,
820 1251 867 1289 ut
903 1262 948 1290 se
985 1251 1086 1290 huic
1122 1251 1245 1300 dent,
1288 1253 1336 1291 ut
1365 1250 1503 1292 daturi

6 1303 8 1307 ’
50 1304 146 1345 sint.
204 1306 439 1357 Quidquam
466 1308 513 1345 tu
541 1306 618 1345 illa
646 1308 769 1357 putas
807 1306 936 1346 fuisse
973 1306 1025 1346 de
1053 1307 1294 1347 valetudine
1331 1306 1504 1349 decreta

50 1362 379 1414 municipiorum
408 1375 509 1414 prae
533 1363 598 1401 his
622 1361 673 1402 de
695 1362 873 1402 victoria
891 1362 1278 1415 gratulationibus?
1318 1364 1500 1414 Timent,

50 1417 229 1470 inquies.
287 1419 343 1461 At
381 1419 464 1472 ipsi
503 1421 591 1458 tum
627 1431 672 1458 se
711 1419 898 1459 timuisse
936 1418 1096 1460 dicunt.
1151 1420 1235 1460 Sed
1272 1419 1503 1472 videamus,

49 1566 84 1593 et
117 1560 148 1595 1.
171 1559 292 1604 Lipsii
324 1559 483 1593 Excurs.
519 1560 566 1594 ad
596 1558 717 1593 Taciti
749 1560 882 1593 Annal.
906 1560 1002 1603 XV,
1033 1561 1090 1594 41.
1129 1560 1312 1596 GRAEV.
1345 1580 1390 1587 —
1437 1562 1500 1605 qui

0 1616 1 1622 ¹
50 1615 114 1638 uos
140 1632 148 1641 .
165 1632 173 1640 .
193 1633 200 1640 .
228 1606 434 1648 afflixerat,
477 1616 555 1640 was
579 1605 674 1638 mich
699 1615 746 1638 zu
769 1605 902 1639 Boden
926 1605 1069 1649 schlug.
1100 1624 1145 1632 --
1192 1606 1258 1641 hoc
1282 1607 1500 1651 (Pompeio)

0 1662 3 1685 5
47 1661 119 1684 non
149 1653 355 1694 defendente
385 1657 431 1686 st.
464 1651 551 1694 quia
573 1651 776 1695 Pompeius
807 1662 865 1686 me
894 1661 969 1685 non
1000 1652 1231 1688 defendebat.
1265 1652 1423 1698 Malasp.
1458 1659 1497 1688 et

0 1696 2 1731 ᾗ
47 1697 96 1732 Α.
122 1698 319 1743 Augustin.
345 1697 442 1732 coni.
467 1697 534 1731 hoc
557 1697 747 1732 desem-‚ente
786 1698 874 1742 Vgl.
899 1708 959 1742 ep.
985 1699 1075 1743 326,
1098 1701 1131 1734 3
1167 1699 1256 1742 332,
1281 1701 1316 1734 3.

137 1767 171 1801 3.
204 1766 436 1808 dignitatem.
474 1764 512 1800 S.
548 1777 593 1810 ep
637 1765 821 1804 CCCLII,
853 1765 997 1809 Anlage
1022 1767 1067 1801 A.
1099 1766 1133 1800 2.
1165 1785 1210 1793 -
1255 1769 1404 1811 propter

0 1823 2 1847 ι
48 1811 179 1855 Balbi,
222 1812 357 1855 quibus
388 1811 520 1846 scribit
550 1777 642 1844 nihil
673 1811 782 1844 malle
811 1788 1010 1845 Caesarem
1043 1823 1150 1856 quam
1182 1811 1353 1856 principe
1383 1812 1495 1845 Pom-

46 1857 133 1902 peio
159 1857 240 1891 sine
264 1865 362 1891 metu
387 1858 525 1890 xivere.
554 1856 766 1891 CORRAD
803 1857 892 1892 Vid.
920 1869 964 1901 ep
971 1859 1084 1901 332,
1109 1859 1142 1892 4.
1183 1858 1309 1892 Ueber
1333 1858 1496 1901 equidem

47 1914 76 1937 s.
103 1904 251 1937 Ramsh.
276 1906 304 1948 §.
328 1905 418 1946 191,
451 1903 497 1938 N.
523 1904 557 1937 3.
584 1914 616 1936 a.
663 1903 806 1937 Grotef.
831 1904 860 1947 ξ).
878 1869 964 1938 333Ρ
980 1923 1026 1929 --
1073 1904 1097 1947 †
1120 1904 1155 1938 si
1178 1906 1267 1948 quis
1299 1904 1381 1938 Hoc
1405 1914 1494 1938 sane

46 1957 274 2029 5¹53&ae
288 1949 494 2040 ,fimat-⁵223,
515 1947 967 2038 ³55..⁰1{³.21502221³,3¹33
987 1949 1082 2030 ἓξὲξ.
1099 1949 1493 2047 313ssffiiii¹1{}⁰13‘1‘31¹15

3 2079 5 2083 ¹
46 2041 194 2075 xidetur
236 2042 379 2076 Giaece
420 2041 596 2086 scriptum
635 2040 769 2074 fuisse:
806 2043 840 2073 si
869 2041 1093 2084 Ἀχιλλεύς
1125 2044 1234 2084 (sicut
1262 2041 1296 2074 is
1331 2041 1490 2083 Iunius).

49 2087 244 2121 ORELLI.
298 2088 378 2121 Aus
412 2086 726 2121 Bescheidenheit
764 2092 877 2120 neunt
910 2098 952 2121 er
985 2087 1054 2120 den
1090 2087 1260 2121 Achilles
1295 2086 1397 2122 nicht
1429 2087 1492 2121 bei

44 2133 199 2168 Namen.
241 2133 391 2168 WIEL.
424 2151 470 2158 -·
523 2136 557 2166 et
590 2133 674 2176 dea,
712 2132 857 2167 Thetis.
893 2151 936 2158 -—
984 2135 1186 2177 ἕτοιμος,
1231 2132 1353 2167 statim
1395 2133 1492 2168 enim

46 2178 115 2213 tibi
147 2178 282 2213 deinde
318 2184 405 2225 post
440 2179 639 2212 Hectorem
676 2188 776 2212 mors
810 2184 946 2222 parata.
997 2177 1087 2214 vid.
1118 2179 1225 2213 Iliad.
1257 2178 1410 2213 Homer.
1447 2185 1491 2215 Σ.

45 2236 78 2260 v.
103 2226 160 2260 98.
184 2226 239 2259 99.
266 2243 310 2250 —-
358 2227 534 2270 ἐπαμυπ
547 2238 610 2267 αι
643 2224 778 2258 utinam
804 2224 925 2258 statim
949 2223 1111 2267 moriar,
1149 2235 1262 2268 quum
1285 2234 1360 2258 non
1383 2224 1491 2269 potui

45 2270 149 2304 socio
175 2271 402 2314 (Patroclo),
426 2282 537 2314 quum
561 2250 853 2313 in'terficeretur‚
879 2281 986 2314 opem
1002 2270 1113 2304 serre.
1137 2289 1180 2297 --
1217 2270 1300 2312 Ego
1324 2271 1488 2312 igitur..

43 2317 131 2360 quid
155 2316 296 2360 dicam,
330 2316 364 2350 si
389 2328 458 2350 ηοη
486 2342 518 2350 ..
537 2342 544 2350 .
570 2317 708 2360 solum,
740 2317 802 2349 sed
826 2315 935 2349 etiam
960 2316 1177 2364 εὐεργέτῃ
1203 2316 1282 2350 scil.
1309 2317 1490 2359 ἐπαμῦναι

43 2372 118 2395 non
142 2361 295 2416 possim.
320 2380 364 2387 ·-
410 2373 577 2405 causam,
608 2362 664 2395 rei
688 2361 862 2407 publicae
887 2371 1043 2395 causam.
1082 2331 1177 2396 νίᾱζη
1194 2373 1254 2407 ep.
1270 2363 1359 2400 341,
1383 2361 1418 2396 4.
1443 2378 1489 2384 -

43 2419 152 2442 merc.
178 2406 256 2441 vita
276 2412 384 2451 puto,
418 2408 598 2442 wahrlich
623 2407 684 2442 ich
707 2408 843 2452 glaube
867 2407 928 2441 die
952 2407 1191 2451 Erfiillung
1176 2408 1325 2442 solcher
1347 2384 1490 2439 'Pflich-

45 2459 127 2496 ten,
163 2454 217 2487 als
241 2452 301 2486 ich
327 2454 407 2487 dem
430 2454 632 2498 Pompeius
658 2453 828 2498 schuldig
852 2452 936 2495 bin,
969 2453 1035 2487 mit
1058 2454 1140 2487 dem
1158 2453 1285 2487 Leben
1310 2452 1489 2485 erkausen

45 2510 91 2535 zu
125 2501 285 2533 mussen.
317 2517 359 2524 —
415 2497 516 2541 huic,
551 2500 711 2535 Caesari.
745 2518 789 2527 --·
844 2499 1045 2542 Quidquam
1070 2526 1077 2533 .
1122 2497 1490 2541 ,gratulationibusv

44 2546 139 2580 Num
163 2550 270 2597 putas
296 2542 361 2578 illa
384 2544 666 2589 municipiorum
691 2546 840 2579 decreta
862 2545 901 2578 in
926 2545 1103 2580 honorem
1126 2542 1321 2588 Pompeii,
1347 2542 1489 2576 v-aletu

47 2591 132 2625 dine
157 2590 237 2625 eius
262 2590 449 2632 restituta,
476 2590 553 2624 ullo
569 2591 680 2624 modo
704 2590 948 2636 comparanda
970 2600 1053 2626 esse
1077 2600 1157 2624 cum
1181 2589 1238 2624 his
1262 2588 1310 2622 de
1329 2587 1488 2623 victoria

47 2636 353 2679 gratulationibus
379 2635 530 2670 Caesari
554 2635 684 2670 sactis²
715 2637 821 2672 SCH.
868 2637 958 2673 vid.
984 2648 1042 2681 ep.
1062 2636 1151 2674 324,
1182 2637 1218 2670 3.
1259 2635 1346 2677 340,
1377 2636 1419 2678 1,
1454 2634 1488 2669 2.

48 2700 90 2706 —
126 2684 284 2726 Τι’·,ηιεηί
317 2682 381 2716 Sic
406 2682 525 2715 thun's
550 2692 614 2715 aus
639 2683 787 2717 Furcht.
814 2702 858 2708 —-
905 2687 979 2716 tum
1003 2693 1040 2715 se
1063 2681 1243 2723 timuisse,
1285 2690 1398 2724 quum
1423 2680 1490 2714 illa

13 2753 15 2768 ῃ
48 2727 196 2763 decreta
232 2728 269 2762 in
309 2729 486 2762 honorem
518 2727 689 2772 Pompeii
726 2727 903 2763 facerent.
934 2728 1040 2764 scu.
1076 2746 1119 2753 —
1171 2727 1376 2780 videamus,
1417 2725 1490 2761 wir
