1795 3043
405 117 724 167 EPISToLA
760 116 976 163 ccccv.
1047 115 1286 163 cccnvr.
1480 122 1584 174 477

108 228 220 286 ‘quid
249 234 332 286 est,
377 231 508 273 biduo
543 230 735 272 sciemus.
791 228 829 270 A
856 229 901 268 te
931 228 1063 277 nihil,
1115 241 1170 270 ne
1197 228 1381 271 Anteros
1411 229 1581 282 quidem

116 291 221 342 quid
249 291 492 332 literarum:
540 301 620 329 nec
648 287 817 328 mirum.
874 285 983 333 Quid
1013 285 1125 326 enim
1155 289 1241 340 est,
1282 286 1394 340 quod
1421 288 1581 327 scriba-

116 348 236 389 mus?
296 348 385 400 Ego
424 348 562 386 tamen
592 347 758 385 nullum
787 342 898 383 diem
928 343 1234 393 praetermitto.
1293 344 1463 396 Scripta
1493 343 1581 396 epi-
1601 348 1631 387 3

117 406 248 457 stola,
278 405 428 444 literae
457 402 561 442 mihi
592 404 689 443 aute
719 402 858 441 lucem
889 413 914 439 a
931 400 1066 451 Lepta
1093 399 1237 453 Capua
1264 401 1454 442 redditae
1481 403 1579 442 sunt

115 461 223 501 Idib.
250 461 396 502 Mart:
442 459 688 510 Pompeium
726 472 751 498 a
778 455 1004 497 Brundisio
1044 458 1359 510 conscendisse,
1400 460 1446 500 at
1479 457 1580 500 Cae-

115 530 252 561 sarem
280 531 320 560 a.
351 517 391 560 d.
420 528 500 558 vn.
530 516 627 559 Kal.
656 514 795 567 April.
827 513 995 566 Capuae
1022 513 1128 554 fore.

295 689 611 738 EPISTOLA
646 687 886 735 CCCLVI.
932 686 1015 748 (ad
1049 688 1141 734 Att.
1179 688 1258 736 IX.
1296 690 1400 749 15.)

196 777 279 814 Ser.
308 778 346 812 in
369 776 572 814 Formiano
597 777 708 814 V111.
734 776 819 811 Kal.
841 776 934 821 Apr.
960 777 1007 810 A.
1034 774 1078 810 U.
1104 775 1146 811 C.
1171 776 1250 812 705.
1283 779 1332 821 (a.
1358 775 1399 812 C.
1425 777 1500 821 49.)

115 844 255 881 Scribit
279 857 320 881 se
343 857 582 891 congressum
609 858 691 881 cum
717 846 878 881 Caesare
903 850 1134 890 exspectare.
1167 846 1282 882 1—4.
1331 845 1499 880 defendit
1522 856 1579 891 ea,

190 903 287 936 quae
311 894 484 939 asperius
511 893 557 926 de
582 893 772 938 Dionysio
798 892 1012 936 scripserat.
1041 892 1083 926 -5.
1131 891 1316 937 epistolae
1339 902 1362 928 a
1385 893 1504 928 Mauo

529 947 706 984 acceptae
731 939 944 983 exemplum
968 938 1094 972 mittit.
1128 938 1160 973 6.

599 1008 786 1043 CICERO
819 1006 1011 1042 ATTICO
1049 1004 1089 1042 S.

224 1066 363 1115 Quum
399 1065 607 1107 dedissem
636 1068 689 1108 ad
718 1069 761 1107 te
789 1067 959 1117 literas,
1001 1068 1051 1105 ut
1087 1065 1220 1107 scires
1253 1066 1473 1107 Caesarem
1504 1065 1582 1106 Ca-

112 1136 223 1177 puae
259 1137 338 1164 vn.
370 1123 550 1164 Kalend.
590 1125 704 1173 fore,
754 1124 910 1163 allatae
949 1122 1057 1161 mihi
1096 1125 1193 1162 sunt
1221 1123 1373 1164 literae
1410 1135 1504 1163 eum
1533 1122 1581 1163 in

110 1180 279 1222 Albano
308 1181 418 1232 apud
439 1181 665 1220 Curionem
693 1194 733 1221 v.
755 1177 935 1219 Kalend.
968 1180 1074 1220 sore.
1131 1180 1242 1220 Eum
1273 1192 1402 1231 quum
1418 1180 1583 1228 videro,

112 1238 320 1290 Arpinum
353 1249 542 1289 pergam.
602 1237 650 1277 Si
688 1236 795 1276 mihi
825 1236 1017 1283 veniam,
1071 1248 1198 1286 quam
1226 1239 1350 1289 peto,
1399 1236 1580 1285 dederit,

111 1296 210 1336 utar
238 1296 358 1335 illius
388 1293 651 1334 conditione:
701 1293 766 1332 sin
796 1292 957 1339 minus,
999 1292 1238 1344 impetrabo
1267 1294 1430 1344 aliquid
1460 1308 1485 1335 a
1512 1304 1582 1334 me

111 1353 217 1405 ipso.
277 1352 380 1402 Ille,
408 1352 456 1389 ut
484 1350 537 1389 ad
557 1362 624 1389 me
653 1349 843 1402 scripsit,
873 1348 1061 1401 legiones
1081 1350 1266 1402 singulas
1284 1350 1428 1402 posuit
1445 1351 1582 1390 Brun-

114 1410 232 1462 disii,
279 1407 475 1454 Tarenti,
523 1407 704 1459 Siponti.
763 1406 968 1446 Claudere
1005 1406 1112 1447 mihi
1150 1407 1318 1447 videtur
1347 1407 1585 1448 maritimos

113 1468 271 1509 exitus:
301 1466 344 1504 et
371 1465 511 1503 tamen
540 1464 632 1515 ipse
652 1463 873 1503 Graeciam
904 1464 1097 1515 spectare
1118 1463 1259 1515 potius
1287 1476 1412 1516 quam
1428 1465 1582 1517 Hispa-

112 1527 219 1568 nias.
290 1521 372 1563 Sed
410 1521 517 1561 haec
553 1520 721 1573 longius
759 1520 927 1560 absunt.
995 1519 1066 1560 Me
1101 1533 1215 1561 nunc
1254 1522 1297 1560 et
1332 1533 1580 1574 congressus
1600 1540 1634 1582 2

112 1585 240 1626 huius
269 1579 477 1622 stimulatt
507 1599 565 1605 -—
620 1578 657 1617 is
686 1589 788 1618 vero
817 1576 936 1616 adest
963 1596 1021 1606 —-
1078 1579 1120 1616 et
1147 1577 1304 1629 primas
1332 1577 1425 1618 eius
1447 1578 1582 1619 actio-

113 1659 189 1691 nes
217 1649 384 1693 horreo.
443 1635 567 1675 Volet
596 1634 729 1683 enim,
761 1633 909 1686 credo,
946 1634 988 1673 S.
1021 1632 1064 1673 C.
1093 1634 1265 1685 facere5
1305 1636 1420 1676 volet
1449 1648 1578 1689 augu-

109 1762 149 1796 in
180 1771 226 1795 m.
262 1758 363 1792 1584.
414 1756 455 1792 S.
489 1766 546 1799 ep.
574 1755 691 1794 XIX,
727 1755 761 1789 4.
801 1771 845 1779 -·
893 1757 1072 1799 Anteros,
1120 1765 1251 1790 servus
1283 1760 1322 1790 et
1357 1756 1580 1791 tabellarius

109 1806 241 1842 Attici.
288 1805 377 1841 Vid.
410 1814 467 1847 ep.
492 1800 810 1837 CCCLXXXVI.
859 1800 1065 1844 A'ntlzerus,
1104 1812 1234 1837 servus
1265 1802 1460 1837 Ciceronis
1492 1803 1580 1839 filii.

110 1853 203 1891 Vid.
231 1862 290 1895 ep.
308 1847 603 1884 DCCLXXXII
626 1858 683 1881 am
701 1847 821 1882 Ende.
849 1866 892 1873 —
931 1848 1022 1892 quid
1034 1848 1230 1882 literarum
1253 1849 1300 1883 ad
1323 1859 1382 1884 me
1406 1848 1579 1894 pertulit.

109 1919 154 1926 -
185 1901 406 1943 praeterm„
442 1896 670 1935 versaumen.

200 1947 236 1980 3.
271 1955 293 1977 α
318 1943 444 1987 Lepta.
481 1940 520 1974 S.
548 1951 605 1985 ep.
623 1939 828 1982 CCCLIII,
854 1940 886 1975 l.
915 1955 963 1967 ·--
1009 1941 1106 1975 Idib.
1132 1940 1277 1984 Mam,
1310 1950 1366 1974 am
1391 1940 1578 1977 15.M5rz.

111 2010 155 2017 —-
180 1990 381 2031 conscensi„
407 1987 488 2022 sich
501 1986 857 2030 eingeschiffthabe.
876 2005 921 2012 -—
949 1986 1296 2031 V11.Kal.Apr2·l.,
1320 1998 1376 2020 am
1389 1987 1445 2022 26.
1456 1988 1578 2022 Marz.

202 2039 234 2071 1.
265 2037 404 2070 allatae
432 2033 525 2067 mihi
555 2032 684 2077 Capu&
717 2037 799 2065 sunt
838 2032 940 2068 Vict.
973 2035 1005 2068 l..
1038 2034 1072 2067 2.
1115 2045 1163 2067 ex
1195 2033 1273 2068 Md.
1310 2034 1433 2068 Oxon.
1460 2035 1493 2068 1.
1518 2033 1578 2068 2.:

112 2085 266 2128 Capuae·
281 2085 374 2116 sunt.
397 2080 471 2114 ΟΕ.
497 2099 542 2105 —-
577 2079 617 2112 in
641 2079 807 2121 Albano,
840 2079 923 2113 dem
936 2079 1139 2114 Landsitze
1164 2080 1229 2114 des
1255 2079 1371 2113 Curio
1397 2078 1461 2113 bei
1479 2080 1580 2115 Alba

110 2130 301 2165 zwischen
326 2128 454 2171 Capua
477 2126 552 2160 und
577 2125 739 2160 Formia.
790 2124 829 2159 S.
856 2127 1008 2170 ep.347.
1035 2129 1068 2160 1.
1106 2127 1194 2170 336,
1219 2125 1366 2169 Anlage
1389 2126 1437 2160 A.
1464 2126 1497 2160 l.
1530 2143 1578 2151 —-

110 2178 272 2218 veniam,
306 2174 369 2220 die
393 2172 580 2215 Freiheit3
619 2171 697 2206 scil.
725 2176 765 2205 ut
788 2170 878 2205 mihi
904 2171 1017 2206 liceat
1040 2173 1172 2206 abesse
1197 2172 1243 2205 ab
1267 2173 1384 2215 urbe,
1415 2182 1485 2205 nec
1509 2182 1578 2206 ne-

111 2234 215 2258 cesse
238 2222 287 2257 sit
309 2220 347 2255 in
373 2225 541 2254 senatum
565 2217 718 2262 venire,
741 2217 960 2252 sententiam
978 2218 1118 2253 dicere.
1143 2218 1259 2253 ERN.
1302 2218 1342 2255 S.
1362 2229 1422 2263 ep.
1434 2219 1515 2262 347,
1538 2219 1575 2254 6.

110 2271 197 2313 348,
221 2267 436 2310 3.·Anlage
461 2267 505 2300 A.
532 2266 565 2301 2.
606 2266 649 2299 B.
675 2265 709 2299 2.
739 2282 784 2290 —-
832 2264 937 2298 illius
967 2266 1185 2300 conditione.
1223 2264 1297 2303 ,Sic
1326 2265 1405 2301 Md.
1438 2266 1575 2308 Margo

111 2317 210 2351 Crat.
243 2315 335 2349 Bos.
369 2313 504 2346 Graev.
541 2323 612 2346 0111.
645 2311 749 2345 illius
786 2311 909 2345 Oxon.
935 2312 969 2345 1.
1002 2311 1034 2346 2.
1081 2313 1167 2346 Asc.
1200 2322 1259 2356 pr.
1302 2311 1403 2346 Crat.
1442 2310 1573 2345 Lamb.

110 2363 199 2396 Ern.
235 2361 321 2396 Sch.
352 2359 448 2393 Liin.
496 2358 574 2393 Sed
598 2359 765 2391 deletum
791 2363 848 2391 est
873 2357 919 2391 ab
943 2356 1014 2399 iis,
1058 2358 1123 2403 qui
1147 2357 1366 2402 ignorarent
1390 2357 1576 2390 conditio-

111 2419 191 2442 nem
213 2406 319 2441 illius
350 2405 425 2438 dici
456 2416 526 2450 pro
558 2405 765 2438 conditione
788 2403 926 2437 abillo
951 2403 1094 2438 oblata:
1136 2410 1174 2438 et
1208 2403 1415 2447 requiritur
1445 2413 1467 2436 a
1490 2413 1571 2446 seq.

109 2466 134 2489 a
165 2464 220 2486 me
248 2453 342 2497 ipso.
376 2451 572 2485 ORELLI.
608 2471 651 2477 -
699 2450 900 2495 impetrabo
931 2473 940 2482 .
962 2475 971 2484 .
1005 2461 1028 2483 a
1060 2460 1116 2483 me
1144 2451 1248 2495 ipso,
1291 2453 1446 2483 venuste
1479 2460 1571 2493 pro:

109 2500 221 2535 abibo
255 2499 301 2532 ad
336 2497 558 2541 Pompeium
590 2502 628 2531 et
663 2496 742 2531 eius
776 2496 1001 2539 exercitum,
1042 2496 1143 2540 quod
1168 2497 1288 2530 adhuc
1312 2506 1385 2529 nou
1411 2493 1573 2530 sustinui

109 2548 245 2581 facere.
278 2543 510 2579 ERNESTI.
543 2561 588 2568 —-
634 2544 726 2588 Ille,
770 2543 919 2577 caesar.
968 2543 1016 2577 ad
1047 2554 1102 2576 me
1132 2547 1172 2576 ut
1206 2542 1283 2576 Md.
1315 2552 1337 2575 a
1361 2552 1417 2586 pr.
1443 2552 1489 2575 m.
1525 2554 1572 2568 —··

108 2595 274 2636 legiones
305 2597 392 2624 tres.
429 2609 472 2616 —
521 2589 684 2634 Siponti,
729 2588 834 2624 einer
865 2588 975 2624 Stadt
1008 2589 1047 2623 in
1079 2587 1255 2633 Apnlien.
1287 2606 1333 2613 —
1378 2587 1450 2621 Sed
1483 2586 1572 2622 Ιιαεσ

110 2639 192 2684 (kae
215 2638 348 2680 Margo
375 2636 479 2677 1584)
505 2637 527 2670 l.
554 2636 648 2680 aba,
684 2636 781 2670 doch
805 2637 885 2671 Das
910 2636 957 2669 ist
982 2635 1080 2669 noch
1103 2635 1151 2668 im
1177 2633 1316 2667 weiten
1340 2633 1469 2668 Felde.

176 2685 234 2719 .‘2.
266 2683 433 2717 stimulat
462 2693 509 2715 z:
539 2687 700 2724 torquet.
736 2701 780 2707 --
828 2685 862 2715 is
890 2692 1112 2725 congressus
1137 2680 1238 2714 adest
1269 2691 1315 2714 =
1346 2680 1445 2714 steht
1475 2679 1571 2714 nahe

109 2731 249 2773 bevor,
281 2730 330 2763 ist
353 2728 463 2763 ieden
488 2728 727 2771 Augenblick
750 2738 798 2763 zu
822 2734 1023 2763 erwarten.
1049 2745 1093 2752 -
1140 2726 1177 2760 S.
1204 2726 1244 2760 C.
1285 2726 1324 2760 S.
1353 2737 1411 2770 ep.
1427 2725 1509 2768 350,
1532 2727 1568 2761 3.

110 2777 169 2806 -sst
190 2785 375 2821 augurum
403 2774 605 2818 dect-etum,
648 2774 675 2809 i.
697 2785 729 2809 e.
765 2779 805 2810 ut
836 2783 997 2818 augures
1027 2773 1228 2808 decernant
1259 2772 1378 2807 licere
1401 2771 1570 2817 praetori
