1795 3043
547 67 863 114 EPISTOLA
906 68 1163 116 CCLXXX.
1488 79 1587 128 275

129 196 180 226 ea
208 182 443 235 contentio,
471 193 596 234 quam
626 179 718 222 fieri
746 192 918 221 necesse
949 183 1030 233 est,
1061 182 1246 231 accedit,
1278 195 1327 224 eo
1357 184 1511 224 clarius
1541 186 1584 226 id

126 240 364 294 periculum
393 241 583 292 apparet.
643 238 909 290 Propositum
938 239 1019 279 hoc
1050 241 1127 290 est,
1156 240 1320 292 dequo,
1353 242 1425 293 qui
1441 254 1582 282 rerum

123 298 369 352 potiuntur,
409 298 503 337 sunt
541 295 801 336 dimicaturi:
848 295 959 346 quod
999 296 1071 337 Cn.
1105 297 1327 349 Pompeius
1364 300 1583 339 constituit

123 367 209 396 non
241 355 331 406 pati
362 354 406 394 C.
427 354 643 394 Caesarem
674 353 888 393 consulem
919 353 1046 393 aliter
1083 352 1196 405 fieri,
1234 355 1316 394 nisi
1345 358 1579 398 exercitum

123 414 167 452 et
206 412 447 464 provincias
484 410 726 450 tradiderit:
768 409 935 450 Caesari
976 412 1113 450 autem
1153 424 1394 463 persuasum
1432 416 1494 453 est
1535 426 1579 453 se

123 469 284 509 salvum
316 481 403 508 esse
432 480 514 508 non
545 479 679 519 posse,
710 466 744 507 si
776 467 827 506 ab
858 468 1045 507 exercitu
1065 468 1298 509 recesserit.
1343 471 1443 510 Fert
1462 471 1577 511 illam

121 527 261 566 tamen
299 525 599 571 conditionem,
651 525 697 563 ut
736 524 856 564 ambo
898 525 1109 565 exercitus
1143 525 1321 566 tradant.
1397 527 1468 567 Sic
1509 528 1578 569 illi

121 595 284 623 amores
314 584 356 622 et
383 582 589 622 invidiosa
620 581 861 622 coniunctio
892 594 975 621 uon
1006 582 1057 622 ad
1087 583 1296 622 occultam
1325 584 1477 624 recidit
1506 584 1577 624 ob-

118 639 435 687 trectationem,
465 639 535 678 sed
566 638 617 678 ad
649 638 805 678 bellum
835 651 879 678 se
909 639 1070 691 erupit;
1108 652 1265 691 neque,
1297 652 1481 680 meartun
1511 653 1577 681 re·

118 708 214 737 rum
246 696 347 747 quid
378 696 546 735 consilii
578 695 754 748 capiam,
787 696 976 748 reperio:
1014 696 1123 747 quod
1151 709 1235 736 non
1265 697 1430 748 dubito,
1471 698 1573 750 quin

116 757 160 793 te
190 765 354 804 quoque
382 753 488 792 haec
519 753 770 794 deliberatio
794 753 847 793 sit
876 754 1187 805 perturbatura.
1230 753 1337 795 Nam
1358 754 1461 794 mihi
1476 767 1573 795 cum

115 810 355 855 homiuibus
384 809 450 849 his
479 810 521 849 et
549 810 684 862 gratia
725 811 767 850 et
796 811 1057 851 necessitudo
1088 813 1170 859 est3
1210 813 1299 851 tum
1327 824 1493 852 causam
1521 812 1572 852 il-

114 868 221 913 lam,
260 878 345 906 non
376 866 568 906 homines
597 867 680 907 odi.
737 868 847 907 Illud
876 869 916 907 te
945 880 1028 907 non
1057 868 1241 908 arbitror
1269 868 1434 921 fugere,
1467 870 1568 919 quin
1593 873 1618 912 3

113 924 305 964 homines
335 924 379 962 in
407 923 666 964 dissensione
686 924 909 964 domestica
938 925 1130 976 debeant,
1158 925 1354 976 quamdiu
1383 925 1571 967 civiliter

113 981 204 1021 sine
234 981 362 1020 armis
391 982 595 1032 certetur,
625 982 908 1021 honestiorem
937 981 1053 1032 sequi
1082 984 1268 1033 partem:
1300 981 1373 1021 ubi
1403 982 1454 1022 ad
1486 982 1573 1024 bel-

112 1038 201 1078 lum
231 1039 273 1076 et
303 1039 442 1078 castra
469 1040 638 1078 ventum
669 1040 743 1086 sit,
776 1038 1022 1086 firmiorem,
1054 1042 1094 1077 et.
1121 1038 1164 1078 id
1192 1039 1344 1078 melius
1372 1040 1569 1088 statuere,

112 1094 224 1146 quod
254 1095 386 1134 tutius
416 1095 482 1134 sit.
542 1096 590 1134 In
628 1095 710 1135 hac
750 1095 961 1135 discordia
990 1095 1111 1135 video
1143 1095 1214 1134 Cn.
1232 1096 1478 1147 Pompeium
1509 1109 1571 1137 se-

110 1153 255 1191 natum
286 1151 441 1202 quique
471 1163 539 1191 res
568 1151 758 1192 iudicant
788 1164 930 1191 secum
967 1151 1229 1201 habiturum3
1269 1153 1320 1192 ad
1352 1152 1570 1196 Caesarem

111 1219 276 1255 omues,
315 1209 388 1258 qui
420 1220 513 1247 cum
551 1209 702 1248 timore
742 1211 815 1249 aut
843 1210 956 1249 mala
989 1221 1062 1260 spe
1102 1210 1265 1261 vivant,
1302 1222 1568 1252 accessurost

112 1265 345 1305 exercitum
376 1265 675 1305 conferendum
704 1278 787 1305 non
819 1277 922 1304 esse.
990 1265 1168 1305 Omnino
1211 1266 1312 1306 satis
1351 1268 1477 1318 spatii
1514 1267 1570 1308 sit

107 1396 248 1431 Bened.
287 1396 342 1430 An
369 1396 552 1428 ammam?
587 1395 677 1429 Lim.
703 1407 836 1428 annum
860 1396 957 1428 ultra
983 1408 1122 1440 pacem.
1156 1397 1242 1433 Sch.
1276 1411 1331 1433 me
1351 1412 1478 1444 pacem
1501 1414 1568 1436 αη-

108 1453 195 1475 num
219 1442 328 1475 ultra.
359 1441 555 1474 ORELLI.
596 1441 723 1483 „Dass
756 1442 816 1474 ich
850 1443 952 1475 nicht
976 1443 1085 1486 selle,
1118 1445 1192 1478 wie
1217 1445 1284 1478 der
1308 1447 1445 1481 Friede
1470 1450 1567 1484 noch

108 1488 202 1521 iiber
228 1489 287 1522 ein
313 1488 399 1521 Iahr
424 1487 563 1520 ‹lauern
594 1487 754 1521 konne.''
790 1488 914 1520 Allein
948 1499 1082 1521 annum
1105 1501 1151 1523 =
1183 1490 1242 1523 ein
1268 1492 1354 1525 Iahr
1386 1494 1484 1537 lang.
1528 1495 1566 1530 S.

106 1533 257 1569 Ramsh,
285 1534 314 1576 ξ,
335 1535 413 1574 135,
432 1534 467 1575 3,
486 1533 517 1566 b.
545 1533 687 1566 Grotes.
705 1534 731 1575 ἕ.
745 1533 880 1567 225.-
909 1545 950 1566 ecc
968 1535 1160 1577 contentio,
1187 1548 1292 1580 quam
1313 1538 1339 1579 f.
1357 1549 1392 1571 n.
1414 1544 1478 1580 est,
1505 1540 1568 1576 die

108 1580 212 1622 Zeit,
240 1591 301 1613 wo
328 1580 388 1613 die
416 1579 598 1612 bekannte
619 1579 842 1622 S.1·eitf1·age
869 1579 930 1621 (de
954 1581 1173 1624 provinciis)
1200 1594 1300 1616 muss
1327 1586 1567 1622 entschieden

106 1626 332 1660 werden.·—
372 1625 605 1667 Propositum
628 1637 674 1657 z
698 1625 764 1658 der
789 1625 929 1668 Punct‚
968 1626 1035 1659 der
1058 1627 1239 1670 t'ragliche
1264 1630 1397 1665 Punct.
1423 1650 1467 1656 —
1505 1633 1569 1677 qm·

106 1683 180 1706 rer.
203 1676 302 1715 pot.‚
335 1671 397 1704 die
429 1671 502 1703 alle
527 1671 651 1704 Macht
683 1671 720 1704 in
746 1671 899 1705 Handen
934 1672 1074 1714 haben,
1106 1674 1240 1717 casm,
1277 1676 1493 1720 Pompeius.
1523 1697 1566 1706 -·

106 1718 151 1751 ab
187 1728 300 1751 exerc.
337 1727 465 1750 recess.
511 1717 634 1750 Wenn
667 1728 708 1750 er
740 1729 812 1750 von
845 1718 982 1751 seinem
1018 1719 1142 1752 Heere
1174 1721 1254 1754 sich
1287 1728 1427 1757 trenne.
1473 1725 1566 1768 Vgl.

107 1762 260 1798 Sueten.
293 1764 400 1798 Caes.
433 1764 536 1797 030.
561 1781 604 1787 —
638 1765 792 1803 condit„
827 1764 1051 1808 Vorsclilag.
1072 1784 1115 1790 —
1158 1767 1285 1810 ambo,
1324 1779 1364 1801 er
1390 1781 1426 1804 u.
1451 1771 1568 1805 Pom.

105 1810 286 1854 peius.—
321 1819 484 1851 amores,
522 1808 584 1852 qui
611 1809 760 1842 suerunt
785 1809 882 1843 inter
908 1811 1103 1844 Caesarem
1128 1818 1164 1844 et
1190 1813 1432 1858 Pompeium,
1458 1828 1567 1861 prae-

41 1873 46 1886 ι
104 1855 233 1890 sertim
259 1861 344 1899 post
369 1854 515 1897 nuptias
543 1855 674 1898 Iuliae,
703 1856 870 1889 Caesaris
897 1857 997 1889 filiae
1016 1858 1198 1902 Pompeio
1225 1859 1438 1895 collocatae.
1464 1864 1567 1897 MA-

104 1901 226 1936 NUT.
241 1920 284 1925 —
309 1901 506 1942 inridiosa,
535 1900 663 1943 invisa,
682 1912 788 1944 quam
815 1902 1070 1946 improbarunt
1096 1915 1221 1938 omnes
1236 1905 1338 1939 boni.
1357 1908 1566 1944 MANUT.

104 1965 150 1971 —
182 1958 252 1979 non
267 1973 274 1980 .
289 1973 296 1980 .
313 1972 320 1980 .
336 1947 446 1980 recz'cl.
467 1947 628 1988 obtrect.‚
656 1947 706 1981 So
724 1947 892 1980 versinkt
912 1949 1013 1982 nicht
1031 1976 1038 1982 .
1055 1975 1081 1984 ..
1105 1949 1140 1983 in
1161 1950 1242 1984 eine
1260 1952 1431 1995 geheime
1444 1955 1568 1989 Eifer.

103 1993 221 2027 sucht.
256 1992 320 2027 Sic
346 1993 442 2028 vict.
461 1993 495 2027 2.
521 1993 646 2027 Lamb.
682 1993 816 2027 recedit
841 1994 968 2028 Ceteri
993 2006 1073 2029 cum
1098 1996 1173 2031 Md.
1194 2015 1236 2021 —
1278 2008 1315 2030 se
1339 2000 1467 2043 erupit.
1501 2001 1567 2036 Sic

103 2039 180 2073 Md.
213 2038 313 2073 vict.
338 2038 370 2072 2.
405 2039 538 2073 Graev.
573 2040 621 2073 ad
651 2039 784 2073 bellum
814 2050 852 2072 se
883 2041 1038 2085 erumpit
1068 2042 1159 2076 Ern.
1190 2043 1330 2078 Bened.
1357 2044 1444 2081 Sch.
1470 2047 1564 2082 Liin.

106 2085 303 2119 ORELLI.
344 2086 442 2129 quod
476 2085 634 2126 rectiu53
673 2096 753 2119 nam
789 2092 872 2119 ante
905 2094 959 2120 est
991 2087 1123 2121 recidit
1156 2099 1186 2122 s.
1218 2090 1363 2124 recedit.
1388 2110 1430 2116 —
1480 2094 1568 2138 quid

104 2131 276 2174 consilii,
303 2131 393 2165 Ern.
420 2132 515 2175 quod
539 2131 732 2165 consilium
756 2144 802 2165 m.
828 2143 951 2165 rerum
976 2134 1137 2178 capiam,
1163 2145 1271 2169 wozu
1297 2135 1356 2170 ich
1382 2138 1478 2172 mich
1504 2140 1567 2175 bei

104 2176 229 2210 dieser
253 2177 354 2220 Lage
385 2177 453 2211 der
478 2177 604 2220 Dinge
636 2178 901 2211 entschliessen
930 2179 1014 2214 soll.
1043 2199 1084 2204 —
1131 2179 1338 2216 hominibus
1362 2182 1437 2227 his,
1472 2186 1566 2220 Cae..

104 2233 188 2256 sare
214 2229 249 2256 et
273 2224 468 2267 Pompeio.
502 2224 629 2257 h'aha!
648 2243 691 2248 —
729 2235 875 2257 causam
900 2224 1024 2265 illam,
1050 2236 1123 2259 non
1144 2226 1317 2262 Caesaris
1342 2230 1473 2274 solum,
1497 2232 1565 2267 sed

102 2268 277 2312 Pompeii
303 2267 472 2348 quggue,
509 2270 609 2314 quod
637 2277 791 2314 uterque
816 2280 890 2303 uon
915 2270 1079 2305 civiliter
1105 2272 1171 2306 sed
1195 2274 1306 2308 armis
1333 2282 1476 2311 certare
1500 2288 1566 2322 pa-

102 2314 174 2347 rati
201 2321 316 2350 erant.
402 2316 448 2349 H.

192 2361 224 2394 3.
258 2361 342 2403 quin
368 2362 460 2394 nach
490 2362 636 2404 fugere,
661 2362 800 2405 fallere.
842 2361 881 2397 S.
908 2362 1058 2396 Ramsh.
1092 2364 1217 2407 §.185.
1259 2365 1400 2402 Grotef.
1436 2368 1464 2411 §.
1483 2369 1562 2403 404.

104 2405 249 2449 Zumpt.
278 2407 307 2449 §.
325 2406 403 2439 540.
423 2426 458 2431 —
498 2408 537 2440 in
563 2409 649 2442 diss.
677 2409 791 2451 dom,
818 2408 879 2442 bei
905 2409 1024 2442 ciuem
1051 2409 1340 2446 einheimischeu
1362 2414 1567 2459 Zwiespalt

103 2451 138 2484 d.
158 2452 180 2485 i.
207 2451 254 2484 im
274 2451 410 2494 Laude,
436 2453 537 2486 nicht
559 2453 625 2487 mit
648 2455 921 2498 Auswiirtigen.
940 2474 985 2480 —
1021 2455 1100 2489 sine
1124 2457 1240 2490 armis
1265 2459 1306 2501 []
1332 2460 1495 2494 Ernesti.
1520 2479 1564 2488 -·

102 2495 184 2530 laon.
210 2508 237 2531 s.
261 2501 381 2541 part.,
416 2509 454 2531 es
480 2499 546 2532 mit
572 2500 638 2533 der
671 2501 918 2535 rechtlichern
945 2501 1074 2535 Partei
1109 2502 1243 2537 halten.
1266 2523 1309 2528 —
1348 2505 1477 2548 quique
1506 2517 1566 2541 ree

102 2542 283 2581 iudicant,
322 2544 487 2586 iudices,
521 2555 614 2588 quos
639 2546 840 2591 Pompeius
877 2547 1023 2581 tertium
1050 2549 1178 2581 consul
1206 2549 1373 2583 CCCLX
1408 2552 1562 2594 legerat.

101 2588 306 2624 MANUT.
349 2590 439 2633 Vgl.
472 2600 517 2623 zu
551 2601 607 2634 ep.
631 2592 809 2636 CCCXL,
830 2594 863 2627 2.
900 2594 1045 2627 Iudices
1070 2594 1245 2628 DCCCL.
1291 2596 1564 2643 ,‚Dieienigen,

103 2633 163 2667 die
197 2635 276 2668 sich
314 2636 350 2669 in
392 2635 508 2668 ihrem
541 2636 715 2672 Urtheile
752 2639 844 2672 nach
880 2639 950 2673 den
982 2639 1128 2674 Sachen
1162 2641 1279 2674 selbst
1312 2642 1566 2678 bestimmen.'’

108 2679 258 2714 WIEL.
284 2701 327 2706 —
366 2681 496 2715 timore
520 2682 660 2717 Furcht
694 2695 763 2718 vor
786 2685 982 2729 Anklagen
1012 2686 1084 2719 und
1120 2686 1189 2718 den
1216 2686 1441 2733 Gerichten;
1466 2690 1567 2723 mala

103 2734 182 2769 spe,
215 2726 277 2761 die
301 2737 432 2771 wegen
458 2727 649 2763 Schulden
679 2729 717 2766 in
741 2731 956 2766 schlechtcn
980 2731 1206 2766 Aussichten
1233 2732 1354 2768 leben.
1380 2753 1423 2762 -·
1462 2743 1566 2769 ozer-

1179 2791 1263 2832 18‘
