1795 3043
168 68 235 121 76
458 64 523 112 Μ.
540 64 596 110 Τ.
624 40 968 109 CICERONIS
1003 58 1379 108 EPlsroLAE.

171 190 272 220 care
302 176 517 226 dicerent,
550 188 679 228 quum
708 187 850 227 posses
886 174 972 215 iam
1001 173 1210 227 suspicari
1238 173 1318 215 tibi
1349 184 1438 214 esse
1468 184 1629 214 succes-

169 249 285 277 sum:
318 248 427 287 quae
456 247 510 275 ne
540 234 594 275 ab
623 234 678 273 iis
707 232 875 284 quidem
904 231 998 272 fieri
1029 233 1236 282 solerent,
1278 231 1352 283 qui
1380 231 1500 271 brevi
1528 232 1629 271 tem-

119 299 150 343 5
171 306 278 347 pore
307 293 389 333 sibi
417 292 589 332 succedi
624 291 835 343 putarent.
892 289 1056 329 Horum
1088 301 1163 342 ego
1203 301 1396 329 sermone
1431 300 1515 328 non
1544 300 1630 328 mo-

170 351 325 394 vebar:
365 349 467 400 quin
498 349 648 400 etiam,
687 346 835 388 credas
863 347 967 387 mihi
996 346 1150 394 velim,
1191 346 1227 385 si
1258 346 1360 397 quid
1390 347 1437 385 tu
1467 358 1627 397 agereS,

168 409 307 450 levari
335 419 402 446 me
431 406 629 458 putabam
657 404 869 445 molestia:
913 405 955 443 et
994 416 1045 443 ex
1067 416 1206 444 annua
1235 403 1477 456 provincia,
1520 414 1629 453 quae

169 466 279 507 :mihi
315 465 443 516 longa
481 463 669 509 videtur,
710 473 845 513 prope
872 460 956 501 iam
993 460 1191 500 undecim
1225 461 1435 500 mensium
1460 460 1630 512 provin-

170 524 282 564 ciam
319 522 476 561 factam
504 532 592 560 esse
623 517 878 572 gaudebam,
920 518 956 557 si
984 517 1148 558 absenti
1187 518 1293 558 mihi
1322 518 1446 557 unius
1473 516 1632 557 mensis

168 580 296 623 labor
332 578 544 618 detractus
583 577 705 617 esset.
762 575 899 622 Illud,
942 587 1042 616 vere
1080 575 1241 628 dicam,
1280 587 1347 615 me
1377 576 1540 622 movet,
1581 574 1630 614 in

169 638 291 678 tanta
318 636 503 676 militum
531 633 747 686 paucitate
777 632 920 672 abesse
950 633 1027 672 tris
1056 633 1268 680 cohortes,
1300 645 1408 684 quae
1437 631 1521 672 sint
1541 632 1630 683 ple-

169 695 384 741 nissimae,
417 704 497 732 nec
526 704 593 731 me
624 691 734 731 scire
764 689 839 729 ubi
868 690 965 728 sint.
1025 689 1322 730 Molestissime
1352 691 1493 730 autem
1523 690 1628 741 sero,

170 751 301 804 quod,
333 751 376 790 te
395 749 470 789 ubi
492 749 658 790 visurus
677 747 768 795 sim,
800 747 967 786 nescio:
993 758 1127 797 eoque
1147 747 1200 787 ad
1218 749 1260 786 te
1280 747 1441 787 tardius
1461 746 1628 798 scripsi,

170 808 288 860 quod
317 806 504 859 quotidie
541 808 584 845 te
622 805 758 857 ipsum
788 802 1104 856 exspectabam:
1147 817 1278 855 quum
1307 805 1470 844 interea
1497 816 1552 843 ne
1581 803 1630 844 li-

169 868 286 907 teras
317 864 486 917 quidem
515 864 624 902 ullas
654 861 822 913 accepi,
857 874 966 911 quae
995 873 1062 901 me
1091 860 1316 913 docerent,
1352 861 1455 912 quid
1486 873 1631 914 ageres

170 925 247 965 aut
276 922 350 962 ubi
378 923 421 961 te
451 921 617 961 visurus
645 931 792 958 essem.
851 920 998 970 Itaque
1025 917 1164 958 virum
1193 921 1347 959 sortem
1375 919 1564 969 mihique
1586 918 1630 957 in

168 980 320 1034 primis
346 978 588 1032 probatum,
617 975 872 1023 Antonium,
913 976 1176 1029 praesectum
1207 977 1496 1028 evocatorum,
1534 975 1630 1014 misi

170 1038 227 1080 ad
255 1039 320 1085 te,
362 1035 452 1083 cui,
494 1035 529 1075 si
560 1035 639 1074 tibi
668 1034 903 1082 videretur,
943 1033 1140 1073 cohortes
1176 1033 1386 1074 traderes:
1422 1034 1493 1084 ut,
1532 1032 1630 1072 dum

171 1097 339 1148 tempus
369 1093 469 1134 anni
499 1093 608 1131 esset
637 1091 855 1143 idoneum,
897 1090 1057 1142 aliquid
1087 1091 1245 1143 negotii
1274 1102 1420 1143 gerere
1449 1102 1628 1142 possem.

169 1155 221 1194 In
253 1163 352 1204 quo,
382 1152 456 1190 tuo
487 1148 665 1190 consilio
696 1150 743 1188 ut
773 1161 839 1187 me
869 1160 1081 1200 sperarem
1112 1161 1202 1187 esse
1230 1160 1426 1195 usurum,
1460 1149 1502 1186 et
1529 1147 1631 1187 ami-

170 1210 278 1251 citia
306 1209 451 1248 nostra
482 1208 524 1245 et
553 1207 702 1246 literae
732 1208 829 1245 tuae
860 1207 1069 1245 fecerant:
1105 1205 1215 1255 quod
1245 1217 1298 1244 ne
1328 1217 1439 1244 nunc
1459 1204 1631 1255 quidem

170 1268 365 1319 despero.
426 1263 509 1303 Sed
538 1264 678 1316 plane,
711 1262 876 1314 quando
895 1264 967 1301 aut
996 1262 1069 1301 ubi
1098 1265 1138 1301 te
1168 1262 1333 1301 visurus
1349 1262 1440 1309 sim,
1471 1262 1554 1301 nisi
1576 1261 1630 1302 ad

121 1332 150 1372 6
172 1336 241 1365 1110
281 1321 524 1373 scripseris,
565 1333 618 1359 ne
649 1320 857 1372 suspicari
888 1318 1057 1369 quidem
1092 1331 1276 1370 possum.
1335 1319 1446 1370 Ego,
1488 1323 1536 1358 ut
1563 1331 1629 1358 me

171 1381 254 1423 tibi
285 1378 582 1420 amicissimum
611 1389 700 1417 esse
730 1379 771 1416 et
790 1377 914 1427 aequi
941 1378 983 1415 et
1007 1375 1145 1426 iniqui
1166 1374 1417 1427 intelligant,
1449 1375 1630 1417 curabo:

173 1439 227 1480 de
247 1440 320 1477 tuo
337 1437 379 1475 in
398 1448 465 1475 me
486 1435 625 1475 animo
649 1433 805 1485 iniquis
824 1446 942 1473 secus
967 1433 1238 1473 existimandi
1256 1433 1411 1473 videris
1432 1434 1627 1474 nonnihil

170 1496 260 1538 loci
291 1493 475 1543 dedisse,
507 1492 552 1531 id
582 1492 617 1531 si
649 1491 905 1538 correxeris,
938 1491 1045 1529 mihi
1076 1491 1198 1529 valde
1229 1492 1392 1542 gratum
1423 1491 1518 1532 erit.
1558 1492 1629 1544 Et,

171 1556 221 1594 ut
249 1551 409 1594 habere
438 1549 649 1590 rationem
669 1548 815 1600 possis,
845 1559 928 1599 quo
950 1549 1043 1587 loco
1061 1558 1140 1595 me,
1166 1548 1282 1588 salva
1302 1548 1395 1600 lege
1419 1548 1629 1601 Cornelia,

171 1675 395 1718 ordnungen
428 1683 475 1706 zu
501 1672 686 1715 erlassen,
711 1670 921 1705 Bescheide
947 1681 992 1704 zu
1018 1671 1138 1714 geben
1165 1672 1237 1705 und
1262 1672 1538 1707 Rechtshandel
1563 1675 1628 1707 ab·

169 1723 326 1757 zuthun.
355 1740 394 1745 —-
422 1720 570 1763 suspic„
594 1718 824 1751 vermuthen.
852 1737 895 1742 —
933 1718 1001 1751 tibi
1025 1729 1100 1751 esse
1123 1729 1238 1759 succ„
1272 1719 1370 1752 Dein
1395 1720 1627 1764 Nachfolger

169 1769 269 1804 habe
304 1766 383 1801 sein
417 1768 503 1801 Amt
537 1764 679 1798 bereits
713 1770 943 1808 angetreten.
971 1783 1013 1788 —
1048 1765 1092 1797 ab
1122 1765 1184 1798 iis.
1211 1765 1289 1799 Md.
1322 1766 1427 1801 vict.
1454 1768 1487 1801 l.
1515 1767 1548 1800 2.
1581 1768 1626 1801 ab

171 1815 244 1850 llis.
269 1833 314 1839 —-
337 1813 412 1847 sibi
435 1812 589 1854 succedi,
614 1811 741 1844 Lamb.
767 1821 965 1844 successum
989 1810 1054 1844 iri.

265 1862 300 1895 5.
348 1861 382 1893 si
398 1860 484 1903 quid
499 1862 535 1890 ta
550 1868 692 1899 ageres,
717 1868 825 1890 wenn
844 1858 905 1890 Du
919 1857 1158 1901 dergleichen
1171 1857 1318 1891 thatest.
1333 1877 1374 1881 —
1394 1859 1551 1894 lez-ari...
1571 1870 1627 1893 me

167 1907 400 1953 p.m0lestia,
428 1906 566 1948 glaubt’
592 1904 652 1937 ich
668 1904 731 1938 Du
750 1904 915 1937 nehmest
934 1904 1003 1937 mir
1029 1904 1112 1938 eine
1130 1904 1220 1937 Last
1245 1905 1301 1938 ab.
1327 1924 1371 1929 —
1397 1906 1508 1947 longa
1528 1906 1627 1940 vide-

170 1959 245 1988 tur.
272 1954 372 1988 Crat.
406 1953 506 1986 Man.
532 1951 660 1984 Lamb.
686 1951 883 1983 videretur.
910 1950 1018 1984 Hand
1043 1951 1151 1984 male.
1190 1950 1385 1984 ORELLI.
1422 1953 1521 1986 Illud
1551 1964 1627 1987 me-

169 2001 267 2041 lius,
301 2010 351 2033 ex
381 2009 491 2032 sensu
528 1996 722 2032 Ciceronis
763 1996 794 2030 si
827 2008 904 2030 rem
943 1996 1140 2030 diiudices.
1166 2017 1209 2021 —
1240 1998 1406 2031 undecim
1435 2000 1625 2039 mensium,

171 2046 264 2081 weil
288 2057 330 2080 er
354 2044 428 2078 ihm
454 2044 514 2077 die
539 2043 672 2078 Arbeit
695 2043 798 2077 eines
824 2044 998 2078 Monaths
1022 2044 1285 2087 abgenommen
1312 2045 1418 2078 habe.
1445 2064 1488 2069 ——
1513 2046 1626 2088 Illud,

170 2094 255 2128 Das
279 2093 380 2126 aber.
408 2102 492 2124 vero
517 2089 565 2124 ist
592 2090 842 2133 ausgelassen,
868 2090 957 2123 weil
984 2101 1065 2123 vere
1090 2090 1197 2133 folgt.
1225 2109 1270 2115 —
1290 2091 1538 2134 plenissimae,
1564 2092 1626 2125 die

172 2139 373 2174 starksten.
424 2138 531 2171 ohne
564 2136 662 2170 diess
688 2147 767 2169 war
792 2148 860 2170 vor
886 2137 1010 2170 seiner
1035 2136 1202 2171 Ankunft
1228 2137 1287 2170 ein
1312 2138 1491 2172 Aufstand
1519 2145 1626 2171 unter

172 2187 242 2220 der
266 2186 403 2221 Armee
428 2194 627 2227 gewesen,
662 2182 844 2216 wodurch
868 2182 923 2217 sie
948 2183 1028 2217 sich
1052 2189 1236 2216 zerstreut
1261 2183 1381 2226 hatte,
1407 2195 1448 2217 so
1475 2185 1558 2218 dass
1585 2196 1626 2218 er

173 2232 229 2267 sie
255 2237 333 2266 erst
357 2230 501 2264 wieder
526 2229 699 2262 sammeln
726 2236 874 2263 01115510.
903 2229 939 2264 S.
967 2242 1025 2274 ep.
1050 2230 1186 2271 CCIV,
1205 2231 1236 2263 l.
1264 2241 1319 2263 am
1341 2230 1462 2264 Ende.
1490 2232 1624 2275 CXCI,

171 2279 207 2314 2.
235 2297 280 2303 —
314 2280 564 2318 evocatorum,
598 2276 664 2309 der
692 2276 791 2309 alten
815 2275 1088 2320 Freiwilligen.
1149 2276 1291 2310 Milites
1326 2283 1431 2310 erant
1464 2277 1624 2321 emeriti,

173 2324 302 2360 subito
333 2334 382 2357 ex
416 2323 515 2366 agris
541 2321 578 2355 in
604 2321 772 2355 militiam
799 2323 962 2366 evocati,
995 2333 1087 2366 quos
1113 2322 1247 2356 Cicero
1281 2334 1330 2355 ex
1361 2329 1511 2357 senatus
1537 2335 1625 2357 con-

173 2372 275 2407 sulto
316 2370 354 2403 in
384 2368 582 2413 provincia
607 2375 860 2411 contraxerat,
887 2375 925 2402 ut
951 2369 1003 2402 ait
1029 2380 1086 2413 ep.
1109 2369 1200 2406 XV,
1226 2369 1259 2402 4.
1286 2370 1623 2413 (CCXXXVIII.).

173 2416 386 2453 MANUT.
413 2434 456 2440 —
481 2416 540 2448 cuz·
564 2426 609 2447 =
632 2421 672 2447 111
697 2415 767 2448 01...
795 2416 879 2449 illas
902 2422 977 2449 tres
995 2415 1157 2448 cohortes
1176 2416 1348 2449 traderes.
1374 2434 1418 2441 -
1443 2417 1622 2451 idoneam.

174 2464 215 2499 S.
243 2475 303 2508 ep.
331 2461 468 2504 CCIX,
497 2463 531 2496 3.
555 2460 591 2494 in
617 2460 781 2494 aestivis.
809 2462 946 2504 CCIV,
973 2462 1005 2495 2.
1032 2472 1087 2495 am
1112 2462 1230 2495 Ende.

267 2512 301 2545 6.
350 2508 510 2552 iniquis,
536 2507 689 2549 Denen,
724 2507 784 2540 die
818 2519 862 2541 an
891 2519 1036 2541 unserm
1069 2515 1182 2551 guten
1215 2509 1455 2543 Vernehmen
1487 2507 1623 2542 keinen

175 2555 459 2600 VVohlgefallen
485 2553 621 2587 finden.
666 2563 766 2587 secus
791 2555 921 2589 exist...
948 2565 1054 2587 noun.
1082 2555 1155 2587 loci
1179 2555 1338 2597 dedisse,
1374 2553 1536 2588 scheinst
1560 2556 1623 2590 Du

175 2602 329 2646 einigen
364 2601 497 2635 Anlass
529 2600 622 2633 dazu
655 2601 825 2643 gegeben
850 2611 896 2634 zu
922 2601 1062 2643 haben,
1095 2601 1178 2634 (lass
1210 2601 1264 2634 5ἰο
1289 2601 1423 2634 anders
1458 2611 1530 2633 von
1555 2612 1624 2636 uns

177 2648 336 2682 denken.
363 2648 490 2680 Ueber
518 2645 684 2679 nonnihil
715 2658 744 2680 c.
773 2647 886 2690 genis.
914 2658 942 2680 5.
969 2647 1116 2681 Ramsh.
1144 2649 1172 2690 ξ.
1199 2649 1277 2687 104,
1304 2650 1334 2681 1.
1361 2648 1440 2687 203,
1466 2649 1498 2690 1,
1526 2648 1561 2690 b,
1587 2648 1622 2691 2,

179 2706 209 2728 c.
236 2705 270 2728 u.
297 2695 326 2737 §.
359 2695 438 2736 173,
463 2696 496 2729 3.
537 2694 682 2727 Grotof.
717 2694 745 2736 ξ.
773 2694 851 2727 291).
885 2704 918 2726 u.
952 2693 1030 2727 231.
1063 2712 1107 2718 --
1141 2694 1347 2736 corrigere,
1383 2693 1526 2727 wieder
1559 2701 1623 2736 gut

178 2741 342 2777 macheu.
369 2758 413 2765 --
439 2739 568 2774 habere
592 2744 679 2783 rat„
704 2740 926 2774 berechnen.
953 2758 996 2764 -
1019 2741 1123 2773 salta
1147 2741 1240 2784 Iege,
1266 2741 1363 2774 ohne
1388 2741 1624 2784 Vcrletzung

1783 518 1790 583 ,.-
1780 269 1784 350 «ΒΑ
1782 140 1795 145 Ι
1782 54 1785 72 ἢ
1782 15 1795 24 =
