1795 3043
246 85 346 132 190
500 81 570 129 M.
606 80 662 126 Τ.
699 77 1044 128 CICERONIS
1079 79 1459 133 EPISTOLAE.

194 198 223 238 2
248 207 295 235 re
325 207 416 235 sum
445 193 680 235 delectatus
707 193 854 247 magis.
926 193 1046 243 Quod
1085 206 1221 235 meam
1257 191 1477 247 βαθύτητοι
1504 195 1551 237 in
1579 195 1721 251 Appio

246 253 343 304 tibi,
373 252 613 291 libertatem
644 252 770 292 etiam
799 252 842 292 in
873 251 1004 292 Bruto
1035 252 1194 304 prob03
1232 254 1504 294 vehementer
1533 255 1721 308 gaudeo:

245 322 296 350 ac
326 310 518 361 putaram
548 321 680 349 secus.
744 310 906 361 Appius
937 310 1048 350 enim
1078 309 1130 350 ad
1160 322 1225 350 me
1255 323 1306 351 ex
1325 310 1480 351 itinere
1507 311 1573 352 bis
1601 313 1721 352 terve

244 366 622 418 ’ὑπομεμψιμοίρους
650 367 799 407 titeras
829 368 1025 419 miserat,
1056 367 1169 418 quod
1199 368 1406 419 quaedam
1437 382 1462 408 a
1492 381 1535 409 se
1564 368 1721 409 consti-

245 427 338 465 tuta
368 424 664 466 rescinderem.
733 424 810 472 Ut,
841 424 876 464 si
906 425 1113 472 medicus,
1147 437 1277 475 quum
1308 427 1504 477 aegrotus
1535 427 1608 466 alii
1636 438 1722 466 me-

247 483 341 522 dico
372 481 550 522 traditus
581 482 648 530 sit,
679 482 808 522 irasci
836 482 943 522 velit
973 483 1013 522 ei
1043 481 1220 534 medico,
1251 482 1324 533 qui
1343 481 1425 522 sibi
1449 483 1719 531 successerit,

247 540 298 589 si,
328 551 435 590 quae
465 538 555 591 ipse
584 539 628 579 in
651 539 837 580 curando
863 540 1148 587 constituerit,
1176 542 1309 579 mutet
1327 540 1426 580 ille:
1458 540 1518 580 sic
1539 540 1719 592 Appius,

246 609 375 649 quum
406 596 447 638 ἐξ
477 593 728 645 ἀφαιρέσεως
758 596 1021 648 provinciam
1053 597 1234 645 curarit,
1265 597 1511 650 sanguinem
1537 597 1719 645 miserit,

247 654 454 706 quidquid
484 655 621 705 potuit
653 653 905 703 detraxerit,
943 654 1050 694 mihi
1087 653 1310 694 tradiderit
1350 656 1564 705 enectam,
1603 667 1721 703 προς·

246 712 583 760 ανατρεφομὲνην
613 724 705 751 eam
734 724 758 750 a
787 723 854 750 me
883 723 967 750 non
998 710 1183 750 libenter
1211 711 1327 752 videt
1338 725 1351 760 ;
1382 711 1453 752 sed
1476 711 1599 752 modo
1627 724 1723 752 suc-

246 771 406 819 censet,
433 768 556 808 modo
587 768 745 821 gratias
783 769 882 820 agit.
941 767 1061 808 Nihil
1101 768 1212 807 euim
1253 782 1278 808 a
1306 781 1371 808 me
1410 767 1458 809 fit
1495 781 1592 808 cum
1629 770 1722 809 ulla

243 828 361 867 illius
392 826 661 866 contumelia.
722 824 1027 866 Tantummodo
1066 824 1359 865 dissimilitudo
1389 838 1510 865 meae
1540 825 1721 866 rationis

245 883 421 925 offendit
439 883 664 925 homiuem.
709 882 818 929 Quid
848 883 959 922 enim
979 883 1116 934 potest
1136 895 1225 921 esse
1247 884 1331 923 tam
1351 882 1568 930 dissimile,
1592 895 1722 933 quam

244 943 321 982 illo
352 942 586 992 imperante
617 941 863 980 exhaustam
894 952 983 980 esse
1013 939 1248 990 sumptibus
1278 941 1320 978 et
1343 940 1519 980 iacturis
1548 940 1722 991 provin-

244 1000 379 1041 ciam:
410 997 533 1037 nobis
564 1010 656 1036 eam
686 997 988 1044 obtinentibus,
1020 1009 1234 1036 nummum
1263 997 1427 1036 nullum
1457 1008 1545 1036 esse
1576 1009 1720 1050 eroga-

243 1059 334 1096 tum
362 1067 442 1095 nec
473 1055 675 1106 privatim
705 1067 784 1094 nec
816 1054 1020 1106 publice?
1063 1053 1173 1102 Quid
1204 1053 1343 1094 dicam
1372 1054 1423 1093 de
1453 1053 1569 1094 illius
1599 1066 1720 1105 prae-

242 1114 378 1160 fectis,
413 1111 655 1162 comitibus,
686 1112 867 1164 legatis?
899 1112 1026 1151 etiam
1055 1111 1107 1150 de
1134 1110 1328 1162 rapinis?
1359 1111 1411 1150 de
1441 1110 1718 1151 libidinibus?

241 1171 293 1211 de
324 1167 617 1211 contumeliis?
675 1168 799 1209 Nunc
830 1171 970 1209 autem
1001 1168 1148 1208 domus
1177 1168 1422 1208 mehercule
1452 1168 1571 1208 nulla
1596 1170 1717 1208 tanto

242 1228 421 1269 consilio
462 1228 535 1266 aut
572 1227 689 1266 tanta
729 1225 955 1277 disciplina
997 1224 1257 1277 gubernatur
1296 1226 1369 1264 aut
1411 1225 1497 1264 tam
1528 1225 1717 1266 modesta

241 1288 318 1332 est,
352 1296 475 1335 quam
503 1284 648 1322 nostra
676 1284 765 1322 tota
794 1282 1025 1334 provincia.
1066 1283 1185 1321 Haec
1216 1280 1413 1320 nonnulli
1443 1282 1568 1322 amici
1586 1281 1719 1334 Appii

239 1342 420 1382 ridicule
448 1341 800 1391 interpretanturt
835 1338 909 1391 qui
939 1351 1007 1378 me
1035 1338 1216 1378 idicirco
1245 1339 1398 1390 putent
1429 1337 1537 1378 bene
1567 1340 1717 1380 audire

330 1464 362 1498 2.
391 1463 649 1510 βαθύτητα,
685 1461 798 1495 animi
831 1460 1065 1495 altitudinem
1099 1462 1174 1505 (ep.
1197 1461 1378 1503 CXCVI,
1398 1462 1430 1497 3.
1458 1473 1494 1496 u.
1521 1463 1628 1505 CIX,
1650 1464 1716 1508 2.),

240 1511 324 1545 dass
340 1510 459 1544 meine
474 1508 737 1542 Gelassenheit
755 1508 816 1541 bei
837 1508 918 1541 dem
935 1508 1150 1540 Benehmen
1166 1507 1231 1541 des
1248 1508 1394 1552 Appius
1410 1509 1586 1544 Pulcher.
1604 1509 1642 1544 S.
1655 1521 1713 1555 ep.

240 1558 373 1597 CCIX,
386 1558 418 1591 6.
434 1575 477 1580 —
504 1556 623 1588 libert.
644 1555 683 1587 in
700 1556 784 1595 Br.,
811 1554 907 1587 mein
927 1554 1263 1587 freiesBenehmen
1284 1566 1404 1598 gegen
1419 1556 1571 1591 Brutus.
1599 1555 1635 1591 S.
1653 1557 1719 1599 §.3

239 1605 369 1639 u.ff.u.
387 1601 673 1647 ep.CCX1V,4.
692 1600 1046 1641 CCXXV111‚6.-
1073 1601 1140 1633 tibi
1160 1601 1293 1644 proba,
1313 1602 1462 1636 Deinen
1479 1603 1617 1637 Beifall
1641 1603 1717 1639 hat.

239 1670 283 1676 —-
320 1648 512 1684 ac=und
537 1658 653 1690 zwar,
680 1647 851 1681 n'amlich.
881 1646 918 1680 S.
936 1646 1087 1680 Ramsh.
1115 1647 1143 1689 §.
1162 1648 1236 1681 179.
1254 1648 1372 1689 B,a.l
1393 1651 1471 1683 u.3.
1508 1650 1655 1683 Grotef.
1682 1651 1713 1694 ξ.

237 1698 319 1733 358.
361 1699 516 1729 Ascens.
545 1694 665 1739 prima
690 1698 738 1727 at.
766 1694 892 1727 Lamb.
918 1704 1013 1726 nam.
1032 1712 1077 1717 -
1115 1694 1211 1726 enim
1236 1705 1283 1728 =
1308 1694 1480 1729 namlich.
1508 1695 1545 1730 S.
1562 1696 1713 1730 Ramsh.

239 1745 365 1788 §.182
394 1743 422 1780 Ι,
442 1744 474 1775 l.
507 1741 652 1774 Grotef.
685 1741 808 1783 §.368.
828 1759 871 1766 -
910 1750 953 1772 ex
984 1740 1132 1782 itinere,
1163 1740 1227 1773 auf
1256 1740 1380 1774 seiuer
1406 1741 1628 1777 Ruckreise.
1671 1742 1712 1778 S.

239 1803 298 1836 ep.
320 1788 527 1829 CCXLIX,
549 1790 578 1821 1.
598 1806 643 1811 —
681 1788 922 1831 finossceuuz„
955 1785 1124 1818 nonnihil
1151 1786 1328 1829 querulas
1354 1793 1389 1820 et
1416 1789 1713 1831 expostulantes,

238 1846 356 1872 etwas
381 1834 646 1878 iibelgelaunte
671 1833 811 1866 Briete.
855 1832 941 1876 Vgl.
970 1844 1026 1876 ep.
1044 1832 1248 1876 CCXLIV,
1265 1834 1299 1867 2.
1318 1844 1350 1867 u.
1369 1833 1619 1868 CCXXII.—
1652 1846 1712 1868 re-

237 1884 373 1921 scind„
401 1881 608 1915 eiureisseu
637 1887 733 1924 trop.
757 1892 804 1912 :-
828 1879 1006 1921 cassiren,
1035 1878 1198 1923 ungiltig
1223 1880 1388 1919 macheu,
1414 1881 1613 1924 ausheben,
1640 1881 1713 1915 tol-

238 1932 329 1964 lere.
370 1928 408 1962 S.
436 1939 494 1973 ep.
513 1927 710 1968 CCXXII,
734 1929 752 1960 7
790 1937 845 1959 am
871 1926 990 1960 Ende.
1009 1944 1054 1951 —-
1097 1926 1262 1968 constit„
1292 1926 1631 1961 vorschreiben.—-
1669 1927 1713 1967 ἐξ

237 1975 524 2022 ἀφαιρέσεως
556 1985 632 2007 cur.
659 1984 727 2017 per
760 1972 1052 2014 detractionem,
1086 1971 1152 2005 mit
1184 1973 1305 2006 lauter
1336 1973 1605 2015 ausleerenden
1632 1974 1712 2008 Ab-

235 2019 820 2072 futiruugsmittelmbehaudeln.
853 2039 891 2043 —
934 2022 1112 2071 enectam,
1149 2019 1502 2071 ausgemergelt.-
1543 2034 1712 2071 ηροςα-

235 2070 1174 2151 {35⁶5‘25513’505331'2335213„2²51{fifi‘fsssszrezffissss
1184 2065 1711 2155 ’ᾐρῗιῗέἒῖὲῖἒῖἧῗᾝέἷᾱῖἶῗ

234 2172 417 2199 succenS.‚
451 2161 611 2203 grollen.
642 2180 679 2185 -—
722 2170 802 2192 cum
827 2184 835 2192 .
855 2185 861 2191 .
881 2184 888 2191 .
916 2158 1155 2200 contumelia,
1192 2158 1255 2192 auf
1276 2158 1419 2192 Kosten
1447 2158 1572 2192 seiner
1595 2159 1712 2193 Ehre.
1772 2159 1795 2199 ,¹

236 2209 275 2245 S.
304 2220 362 2253 ep.
382 2207 573 2245 CCXXII,
593 2207 626 2240 2.
649 2207 682 2240 5.
709 2216 742 2240 u.
769 2205 902 2247 CCIX,
923 2207 944 2240 6
970 2216 1053 2249 geg.
1081 2204 1199 2238 Ende.
1219 2223 1263 2229 —
1297 2215 1397 2238 meae
1422 2205 1592 2243 rationis,
1618 2204 1712 2238 mei-
1771 2243 1773 2246 .

235 2267 305 2290 ner
330 2257 399 2289 Art
434 2253 495 2286 die
521 2253 687 2286 Provinz
716 2263 760 2286 zu
787 2252 1009 2285 behandelu.
1029 2271 1071 2276 —-
1109 2250 1269 2283 exhaust.
1306 2262 1381 2284 esse
1411 2255 1541 2294 sumpt.
1584 2250 1622 2285 S.
1651 2262 1708 2296 ep.
1764 2290 1765 2301 3

235 2300 414 2339 CCVIII.
432 2300 467 2343 2,
484 2301 517 2334 3.
545 2299 679 2341 CCIX,
700 2301 734 2333 6.
762 2299 952 2342 CCXXII,
972 2298 1005 2331 5.
1033 2297 1288 2337 CCXXVIII,
1309 2298 1341 2331 6,
1371 2297 1661 2339 CCXXXVIII,
1675 2298 1708 2331 2.

232 2349 342 2394 CCL,
362 2349 455 2383 5.—
489 2357 552 2379 nec
580 2346 679 2389 priv.
708 2356 770 2378 nec
791 2345 914 2389 publ„
951 2343 1081 2377 weder
1114 2343 1172 2376 fur
1203 2343 1264 2377 die
1301 2344 1544 2378 offentlichen
1570 2344 1709 2377 Cassen

229 2401 328 2436 noch
355 2397 414 2431 fiir
439 2393 511 2426 den
536 2392 672 2425 Beutel
699 2392 801 2425 eines
826 2391 1123 2425 Einzelmannes.
1163 2389 1214 2424 So
1241 2390 1413 2433 CCVIII,
1434 2393 1473 2425 3:
1501 2389 1601 2433 quod
1626 2389 1709 2423 nul·
1762 2433 1763 2437 Ἰ

230 2450 289 2483 lus
316 2446 358 2480 fit
384 2445 551 2484 sumptus
578 2438 614 2472 in
641 2449 709 2471 nos
736 2449 857 2480 neque
883 2437 920 2470 in
946 2437 1089 2479 legatos
1115 2447 1235 2479 neque
1262 2437 1299 2469 in
1325 2443 1560 2479 quaestorem
1585 2443 1708 2478 neque

229 2496 269 2530 in
297 2492 537 2537 quemquam,
566 2485 699 2527 CCIX,
715 2486 749 2517 l:
779 2491 817 2518 ut
842 2484 965 2517 nullus
986 2482 1174 2516 teruncius
1193 2483 1396 2516 insumatur
1414 2483 1449 2516 iu
1468 2492 1707 2525 quemquam;
1760 2525 1761 2528 Ἴ

234 2541 347 2582 CCL,
366 2539 404 2572 5:
431 2534 576 2569 nullum
596 2531 801 2564 teruncium
822 2542 880 2564 me
906 2530 1098 2562 obtinente
1124 2529 1353 2573 provinciam
1380 2535 1545 2573 sumptus
1570 2528 1706 2561 factum

233 2599 318 2622 esse
344 2595 411 2618 uec
437 2583 475 2617 in
503 2577 771 2623 rempublicam
796 2587 865 2609 nec
891 2576 927 2609 in
965 2586 1184 2618 quemquam
1216 2586 1393 2608 meorum.
1444 2574 1558 2608 Wiel.
1593 2574 1707 2607 iiber-
1730 2590 1732 2593 f

232 2639 347 2669 setzt:
375 2630 436 2663 die
460 2626 623 2669 meinige
650 2623 875 2667 (Regii-ung)
902 2621 1089 2666 ningegen
1113 2622 1243 2655 weder
1263 2621 1334 2655 den
1357 2620 1597 2654 offentlichen
1614 2620 1706 2654 Cas-

232 2691 297 2715 sen
325 2678 420 2712 noch
457 2675 540 2708 dem
564 2671 699 2706 Beutel
734 2669 867 2714 irgend
903 2668 1005 2701 eines
1030 2668 1287 2702 Privatmanus
1324 2667 1459 2700 keinen
1484 2666 1616 2700 Heller
1640 2677 1705 2709 ge-

231 2726 358 2762 kostet
384 2725 459 2757 hat.
475 2739 520 2747 --
555 2718 703 2761 legatis.
729 2717 819 2760 Vgl.
846 2726 906 2759 ep.
927 2714 1127 2757 CCXXII,
1148 2718 1179 2748 7.
1192 2716 1225 2749 8.
1245 2733 1289 2738 ——
1323 2715 1365 2747 de
1390 2716 1566 2755 contum„
1591 2712 1704 2746 Miss-

231 2772 488 2814 handlungen‚
513 2767 627 2801 deren
653 2765 709 2799 sie
734 2763 814 2798 sich
838 2760 1011 2804 schuldig
1036 2761 1207 2805 gemacht
1233 2761 1421 2794 haben.-—
1453 2760 1593 2801 domus,
1617 2757 1704 2793 Pri-
