1795 3043
538 70 854 118 EPISTOLA
890 70 1074 120 CCLII.
1441 80 1544 132 207

78 196 251 228 necesse
292 186 368 227 est.
440 184 544 224 Erat
584 186 803 237 praeterea
837 186 1148 238 cynocephalus
1186 186 1240 228 'in
1282 186 1425 230 essedo
1461 201 1544 231 nec

81 244 256 285 deerant
284 241 442 295 onagri.
500 240 724 293 Nunquam
766 241 852 282 vidi
893 243 1102 284 hominem
1142 246 1399 297 nequiorem.
1459 246 1544 288 Sed

81 303 313 341 extremum
344 299 457 340 audi.
514 298 767 339 Deversatus
797 300 860 338 est
889 299 1122 341 Laodiceae
1153 303 1265 355 apud
1294 304 1544 356 Pompeium

79 358 347 398 Vindullum:
388 354 451 395 ibi
490 368 565 395 sua
605 355 817 408 deposuit,
861 368 989 407 quum
1030 358 1082 397 ad
1121 371 1186 398 me
1224 360 1438 412 profectus
1467 363 1544 404 est.

81 414 267 455 Moritur
296 413 464 453 interim
491 412 734 453 Vindullus:
768 425 875 464 quae
904 426 971 453 res
1001 414 1053 454 ad
1082 415 1278 468 Magnum
1299 417 1544 471 Pompeium

82 472 299 523 pertinere
338 469 576 522 putabatur.
636 470 678 510 C.
704 470 948 510 Vennonius
987 471 1153 511 domum
1183 473 1373 514 Vindulli
1402 475 1540 518 venit:

83 540 213 579 quum
243 528 382 568 omnia
410 526 663 578 obsignaret,
693 526 737 565 in
767 527 973 567 Vedianas
1003 540 1070 568 res
1099 529 1262 570 incidit.
1306 532 1355 570 In
1386 533 1453 572 his
1481 533 1544 573 in-

83 588 235 625 ventae
265 586 363 625 sunt
397 583 584 634 quinque
623 584 933 636 plangunculae
971 587 1277 636 matronarum,
1316 587 1360 627 in
1391 589 1544 640 quibus

83 654 169 681 una
200 642 355 682 sororis
386 640 511 680 amici
542 640 619 686 tui,
649 640 830 680 hominis
859 641 1056 693 „bruti‚'’
1086 644 1160 693 qui
1189 644 1271 684 hoc
1300 646 1467 695 utatur3
1500 648 1544 687 et

83 698 201 738 illius
238 697 451 750 ‚‚lepidi‚”
492 697 567 748 qui
603 698 709 737 haec
750 700 834 738 tam
872 699 1136 751 negligenter
1175 702 1293 741 ferat.
1350 703 1469 743 Haec
1500 705 1543 743 te

81 756 200 796 volui
229 754 535 803 παριστορῆσαι.
580 754 732 794 Sumus
762 755 872 795 enim
900 756 1020 796 ambo
1051 756 1162 796 belle
1192 759 1362 799 curiosi.
1400 761 1542 801 Unum
1564 764 1624 806 26

83 812 210 852 etiam
247 813 377 853 velim
414 812 584 864 cogites.
653 811 791 852 Audio
825 812 1009 864 Appium
1050 811 1303 861 προπύλαιον
1339 817 1543 858 Eleusine

80 870 236 910 facere.
293 868 405 909 Num
434 868 567 920 inepti
594 868 819 920 fuerimus,
849 870 884 908 si
912 882 987 909 nos
1018 882 1184 922 quoque
1201 871 1455 913 Academiae
1484 877 1544 915 fe-

81 925 293 966 cerimus‘.·>
345 926 477 974 Puto,
521 926 697 977 inquies.
756 926 869 978 Ergo
911 926 955 966 id
992 927 1127 978 ipsum
1169 929 1328 970 scribes
1371 931 1424 970 ad
1462 944 1544 972 me.

81 982 289 1034 Equidem
315 983 437 1023 valde
466 983 579 1033 ipsas
608 983 795 1023 Athenas
825 995 931 1022 amo.
999 984 1103 1023 Volo
1133 997 1221 1025 esse
1261 986 1431 1036 aliquod
1459 1002 1544 1029 mo-

82 1042 340 1079 numentum.
401 1039 480 1079 Odi
518 1039 646 1079 falsas
691 1040 991 1092 inscriptiones
1028 1044 1258 1083 statuarum
1294 1043 1541 1085 alienarum.

80 1159 313 1194 munirentur
339 1164 375 1192 et
402 1164 440 1192 ut
465 1158 510 1192 ab
527 1157 586 1201 iis,
613 1157 676 1201 qui
701 1157 899 1201 vehiculis,
925 1160 1078 1203 essedis,
1099 1161 1237 1205 rhedis,
1254 1162 1413 1207 lecticis,
1437 1164 1545 1210 equis

81 1206 119 1240 in
145 1206 341 1239 itineribus
366 1210 577 1248 uterentur,
610 1211 710 1239 certa
735 1205 953 1248 exigeretur
976 1208 1134 1251 pecunia
1159 1209 1229 1243 viis
1252 1210 1461 1245 muniendis
1485 1212 1544 1246 in-

83 1252 269 1286 sumenda.
295 1252 402 1286 SCH.
420 1271 464 1277 —
508 1251 785 1295 cynocephalus,
818 1253 1066 1297 κυνοκέφαλος
1097 1255 1181 1297 (mit
1207 1256 1241 1289 d.
1266 1257 1543 1303 Hundskopfe),

81 1299 221 1332 Linnes
247 1297 361 1331 Simia
386 1298 511 1340 Inuus,
536 1298 691 1330 Buffons
716 1299 856 1340 Magot.
883 1298 966 1331 eine
991 1300 1160 1334 Affenart
1184 1301 1221 1335 in
1245 1302 1443 1337 Ostindien
1469 1304 1545 1339 und

82 1344 322 1381 Nordasrika.
360 1342 397 1377 S.
416 1344 608 1377 Aristotel.
635 1344 678 1376 H.
705 1344 774 1377 An.
791 1344 842 1386 II,
861 1344 894 1377 8.
922 1344 1066 1378 Aelian.
1092 1346 1140 1379 H.
1167 1347 1321 1390 An.1V‚
1340 1350 1396 1384 46.
1423 1351 1542 1393 X‚25.

81 1390 245 1425 Diodor.
269 1389 341 1432 111,
366 1389 423 1424 35.
468 1389 568 1423 Plin.
596 1389 640 1422 H.
673 1389 718 1423 N.
753 1389 828 1431 VI,
854 1391 909 1423 30.
951 1391 1067 1433 VIII,
1098 1393 1153 1426 54.
1192 1394 1412 1437 XXXVII,
1436 1398 1470 1430 9.
1496 1415 1543 1422 —-

83 1437 238 1478 onagri,
275 1437 444 1482 6'2·cc790c‚
481 1450 558 1471 ονοι
591 1439 730 1482 dyonea,
769 1435 883 1469 wilde
915 1435 1026 1479 Esel,
1062 1439 1264 1474 Waldesel.
1304 1440 1342 1475 S.
1372 1442 1469 1476 Voss
1495 1453 1543 1477 zu

82 1483 224 1525 Virgil.
252 1482 388 1525 Georg.
406 1481 476 1524 ΙΙΙ,
493 1482 571 1515 409.
592 1499 633 1505 --
674 1483 882 1523 extremum,
909 1482 979 1514 den
1005 1484 1152 1526 argsten
1168 1485 1315 1519 Streich
1342 1487 1542 1523 desselben

84 1529 144 1562 Od‘
172 1529 237 1561 (135
262 1527 381 1561 finde,
401 1546 443 1551 -
484 1527 608 1570 Pomp.
639 1526 769 1569 Vinci„
801 1528 1050 1561 vermuthlich
1076 1530 1137 1563 ein
1163 1532 1311 1565 reicher
1329 1534 1544 1578 Freigelas-

83 1585 194 1609 sener
219 1574 283 1607 des
301 1572 517 1617 Pompeius.
534 1591 578 1597 —
609 1583 675 1605 sua
700 1573 796 1617 clep„
823 1573 904 1606 hier
930 1574 1019 1608 liess
1045 1586 1086 1608 er
1109 1576 1189 1610 sein
1209 1578 1363 1622 Gepiick
1387 1581 1544 1616 zuriick.

83 1640 128 1646 ——
159 1631 249 1664 quae
272 1630 331 1652 res
354 1631 400 1651 -·.:
425 1629 518 1661 quae
544 1619 731 1652 hereditas
758 1645 765 1653 .
781 1644 789 1652 .
808 1646 815 1653 .
838 1621 1057 1664 putabatur,
1085 1622 1217 1657 dessen
1241 1625 1442 1669 Nachlass,
1467 1628 1546 1661 wie

82 1678 164 1701 man
189 1666 358 1709 glaubte,
391 1665 472 1698 dem
498 1665 702 1710 Pompeius
728 1666 875 1700 zufiele.
925 1667 1072 1702 Liberti
1097 1669 1192 1703 enim
1225 1672 1391 1715 patronis
1418 1680 1453 1706 et
1477 1684 1545 1718 pa-

81 1712 182 1747 troni
207 1722 323 1755 aeque
348 1711 496 1744 libertis
521 1711 680 1745 heredes
706 1719 822 1754 erant,
849 1723 960 1755 quum
985 1720 1047 1747 aut
1072 1714 1237 1750 intestati
1263 1724 1325 1751 aut
1349 1719 1429 1752 sine
1450 1719 1546 1754 filiis

82 1759 274 1793 obiissent.
301 1757 508 1792 MANUT.
532 1776 576 1782 —
624 1758 664 1791 O.
695 1757 915 1798 Vennonius,
941 1760 1132 1795 familiaris
1151 1763 1357 1798 Ciceronis.
1390 1766 1476 1800 vid.
1495 1767 1543 1799 ad

79 1805 192 1840 Attio.
209 1805 302 1847 XII,
319 1806 374 1838 13.
401 1804 446 1836 ad
471 1804 599 1837 Famil.
615 1804 734 1846 XIII,
756 1805 808 1838 72.
837 1805 883 1849 de
909 1806 1025 1850 Legg.
1048 1809 1087 1850 l,
1107 1809 1193 1842 2.-
1232 1811 1384 1853 pla71g.,
1412 1811 1543 1846 kieine

79 1851 355 1886 VVachsbilder.
403 1849 478 1883 Die
502 1851 646 1884 Damen
674 1851 837 1894 ptlegten
862 1851 946 1885 ihre
970 1853 1137 1887 Anbeter
1161 1855 1227 1889 mit
1249 1856 1357 1889 ihren
1374 1857 1540 1892 Bildnis-

80 1909 145 1933 sen
177 1907 221 1930 zu
258 1896 516 1940 begunstigen.
538 1916 577 1921 —
623 1897 753 1930 Iuniae
782 1899 924 1932 sororis
952 1900 1061 1933 Bruti
1094 1907 1129 1934 et
1162 1902 1291 1936 uxoris
1326 1903 1543 1948 Lepidi.—

81 1945 144 1988 quz'
168 1943 232 1976 hoc
255 1947 398 1985 utatur,
426 1943 491 1975 des
518 1941 735 1986 einialtigen
759 1944 926 1987 mannes,
954 1946 1037 1980 dass
1063 1958 1104 1980 er
1136 1947 1203 1981 mit
1236 1948 1355 1982 einem
1387 1950 1543 1984 solchen

80 1989 283 2025 Menschen
315 1988 387 2023 wie
411 1988 555 2022 Vedius
591 1990 759 2032 umgeht3
798 1991 872 2024 und
902 1991 970 2024 der
1000 1992 1222 2027 Gemahlinn
1254 1995 1357 2029 ienes
1392 2007 1461 2040 gar
1493 2006 1543 2031 zu

82 2035 318 2079 Gefalligen,
353 2035 443 2068 weil
469 2046 510 2068 er
535 2034 595 2068 bei
622 2035 693 2069 den
719 2035 958 2070 Galanterien
984 2039 1109 2073 seiner
1133 2040 1231 2074 Frau
1257 2041 1316 2074 ein
1342 2042 1450 2086 Auge
1474 2052 1543 2076 zu-

81 2082 228 2116 driickt.
274 2081 420 2116 Alludit
444 2081 490 2114 ad
514 2081 734 2124 cognomina
757 2082 866 2117 Bruti
891 2090 925 2116 et
950 2084 1100 2128 Lepidi.
1139 2087 1189 2119 M.
1210 2087 1289 2121 Iun.
1307 2088 1459 2131 Brutus,
1482 2089 1541 2122 in-

80 2129 180 2173 quit,
215 2133 271 2161 est
299 2128 409 2161 homo
444 2128 569 2160 brutus
594 2133 630 2161 et
655 2128 836 2172 stolidus,
872 2129 936 2172 qui
968 2141 1041 2163 non
1073 2131 1340 2167 animadvertat
1370 2146 1540 2168 sororem

80 2186 182 2209 suam
207 2180 366 2218 propter
389 2173 493 2206 illum
517 2174 693 2207 adulterii
727 2182 933 2219 suspectam
966 2187 1066 2221 esse3
1103 2178 1270 2223 Lepidus
1302 2191 1393 2213 vero
1426 2182 1540 2215 homo

81 2221 242 2263 lepidus,
276 2219 340 2262 qui
369 2225 440 2253 tam
467 2226 609 2264 turpem
635 2220 883 2264 suspicionem
910 2221 946 2254 in
974 2234 1093 2256 uxore
1118 2225 1254 2258 leviter
1278 2232 1384 2260 curet
1412 2233 1449 2260 et
1474 2238 1540 2261 ne·-

80 2267 269 2311 gligenter
290 2266 398 2300 ferat.
424 2265 531 2300 SCH.
581 2266 636 2300 Zu
660 2267 764 2300 illius
799 2268 969 2312 „lepidi”
1009 2271 1133 2314 suppl.
1166 2271 1368 2306 uxoris.—-
1411 2286 1539 2322 παρι-

80 2314 317 2358 στορῆσαι,
352 2311 475 2345 obiter
497 2311 606 2346 scire.

170 2358 228 2392 26.
262 2357 395 2399 cogit„
441 2357 478 2391 in
507 2358 775 2403 Ueberlegung
808 2358 976 2394 nehmen.
1005 2379 1046 2386 —
1089 2364 1380 2411 προπύλαιον
1412 2364 1538 2398 Eleus.

81 2405 220 2446 facere,
255 2413 325 2447 per
355 2402 492 2437 amicos
531 2403 710 2438 videlicet
745 2409 788 2448 (s.
813 2405 963 2439 Ranish.
996 2407 1024 2449 §.
1045 2409 1127 2453 163,
1146 2411 1208 2451 3.).
1267 2411 1359 2445 Nam
1390 2410 1538 2454 Appius

79 2450 247 2485 Pulcher
278 2455 352 2482 tum
378 2449 422 2482 ad
438 2449 575 2483 Urbem
595 2451 777 2493 (Romam)
802 2460 1039 2496 pervenerat.
1064 2455 1301 2502 Προπῦλαιον
1324 2455 1423 2499 (eine
1436 2456 1538 2491 Vor-

79 2496 179 2530 halle
205 2505 273 2527 vor
298 2494 380 2528 dem
406 2495 560 2539 Tempel
586 2506 632 2530 zu
656 2497 835 2539 Eleusis.)
860 2505 1000 2542 autem,
1028 2507 1067 2533 ut
1092 2507 1191 2535 esset
1214 2501 1252 2535 in
1279 2502 1371 2535 urbe
1395 2501 1537 2535 celebri

79 2546 352 2575 monumentum
376 2541 534 2575 nominis
558 2542 628 2576 sui.
654 2543 820 2577 SCH.—
853 2546 1076 2579 Academiae
1092 2547 1262 2581 Athenis.
1282 2567 1323 2572 —
1355 2548 1395 2580 id
1420 2548 1538 2591 ipsum.

79 2594 116 2622 te
141 2594 292 2632 putare,
318 2597 385 2620 nos
409 2587 556 2631 ineptos
580 2588 683 2631 fore,
708 2589 740 2623 si
763 2591 999 2637 Προπύλαιον
1016 2593 1240 2626 Academiae
1265 2593 1472 2628 fecerimus.
1491 2612 1535 2618 —

78 2634 177 2678 ipsas
201 2633 275 2667 del.
301 2633 448 2666 censuit
473 2632 560 2667 Sch.
585 2634 776 2669 Fortasse:
810 2637 901 2670 istas
933 2638 1028 2679 (scil.
1056 2642 1165 2672 tuas).
1212 2638 1252 2672 Si
1279 2645 1380 2673 recte
1406 2650 1446 2673 se
1471 2640 1536 2673 ha·

76 2680 153 2723 bet,
178 2680 348 2714 Athenae
371 2679 472 2723 ipsae
496 2686 735 2723 opponuntur
750 2681 932 2716 Eleusini.
954 2684 1149 2718 ORELLI.
1182 2684 1271 2728 vgi.
1292 2685 1535 2729 ep.CXCVI,

76 2726 109 2760 5.
130 2744 172 2751 —
208 2729 475 2759 monumentum
507 2726 666 2760 nominis
700 2727 796 2771 mei,
827 2729 907 2763 scil.
939 2729 1004 2763 ibi.
1025 2748 1065 2755 -
1110 2730 1226 2773 salsae
1249 2731 1418 2776 inscript.
1450 2730 1475 2767 i.
1500 2743 1534 2766 e.
