1795 3043
271 103 339 153 84
536 97 601 145 Μ.
637 97 694 144 Τ.
733 96 1075 145 CICERONIS
1108 97 1480 146 EPISTOLAE,

276 211 543 263 studiumque
579 212 756 253 navare!
816 212 949 260 Quam
990 210 1096 252 mihi
1137 212 1385 252 facultatem
1424 211 1623 263 quoniam
1653 212 1727 253 hic

277 269 556 321 necopinatus
584 271 627 308 et
655 270 909 321 improvisus
926 269 1173 321 provinciae
1203 282 1326 309 casus
1357 269 1537 320 eripuit:
1567 270 1725 316 tamen,

282 330 329 367 ut
356 329 398 367 te
435 326 649 366 consulem
689 339 778 366 rem
807 325 1022 379 publicam
1051 338 1129 378 pro
1168 327 1240 366 tua
1279 326 1481 378 dignitate
1515 328 1729 378 gerentem

280 385 424 427 videre
452 384 622 437 possim,
653 395 801 436 magno
831 395 958 436 opere
989 398 1013 423 a
1041 385 1082 422 te
1112 384 1235 434 peto,
1266 386 1312 423 ut
1330 395 1499 434 operam
1522 382 1610 434 des,
1639 382 1729 422 effi-

280 443 393 490 cias,
433 455 487 482 ne
525 441 625 493 quid
670 441 776 480 mihi
812 439 886 480 fiat
929 440 1110 480 iniuriae
1150 452 1255 480 neve
1296 440 1395 491 quid
1434 440 1634 493 temporis
1676 439 1728 479 ad

280 511 419 540 meum
457 510 642 539 annuum
686 510 836 538 munus
876 497 1064 539 accedat.
1123 496 1241 544 Quod
1271 498 1306 537 si
1335 497 1512 545 seceris,
1553 508 1729 549 maguus

279 556 332 598 ad
361 559 434 597 tua
461 555 643 609 pristina
672 567 771 608 erga
798 567 866 594 me
896 554 1035 594 studia
1072 555 1264 594 cumulus
1294 554 1482 595 accedet.

479 659 796 741 EPISTOLA
830 692 1030 738 ccx1x.
1067 691 1149 751 (aa
1182 691 1286 737 niv.
1323 692 1420 738 xv.
1456 692 1526 751 2.)

327 782 408 819 Ser.
434 781 471 817 in
496 781 633 816 itinere
657 791 705 815 ex
737 779 868 814 castris
894 778 940 813 ad
966 778 1140 823 Cybistra
1166 779 1202 813 in
1229 778 1397 814 Ciliciam
1428 778 1551 813 medio
1576 777 1681 823 Sept.

740 828 785 862 A.
813 827 857 861 U.
884 826 923 860 C.
951 827 1027 861 703.
1056 827 1102 868 (a.
1129 826 1170 860 C.
1197 827 1269 868 51.)

282 897 474 943 Exponit,
508 896 634 931 audito
660 895 884 930 Parthorum
921 893 1081 928 adventu
1115 894 1204 936 quid
1231 893 1353 938 egerit
1385 905 1455 938 pro
1481 893 1616 928 tuenda
1639 903 1728 938 pro-

283 945 405 980 vincia
427 943 616 987 sociisque
640 941 677 976 in
700 942 775 975 fide
801 940 1053 983 continendis;
1089 941 1257 984 adiungit
1278 941 1324 974 de
1356 951 1447 984 rege
1471 940 1728 975 Ariobarzane

730 989 776 1022 ab
801 987 948 1022 insidiis
971 988 1143 1022 liberam.
1170 988 1268 1022 1—8.

281 1060 333 1096 M.
360 1057 579 1094 TULLIUS
603 1059 654 1094 M.
679 1059 720 1094 F.
749 1058 935 1092 CICERO
959 1055 1173 1091 PROCOS.
1201 1055 1238 1090 S.
1266 1056 1315 1090 D.
1343 1054 1479 1091 COSS.
1505 1054 1726 1090 PRAETT.

740 1103 1011 1140 TRIBEPL.
1037 1102 1270 1138 SENATUI.

396 1176 438 1217 S.
468 1176 517 1218 V.
546 1176 596 1218 V.
625 1176 673 1216 B.
704 1175 757 1218 E.
786 1175 837 1215 E.
871 1174 919 1221 Q.
949 1173 995 1213 V.
1054 1173 1191 1220 Quum
1227 1173 1364 1225 pridie
1402 1171 1582 1214 Kalend.
1612 1172 1726 1212 Sext.

281 1233 327 1273 in
356 1233 619 1284 provinciam
647 1230 852 1272 venissem
877 1242 1015 1281 neque
1042 1231 1245 1270 maturius
1270 1232 1444 1282 propter
1463 1230 1663 1269 itinerum
1683 1229 1726 1268 et

281 1290 594 1342 navigationum
622 1288 919 1329 difficultatem
949 1287 1093 1327 venire
1127 1289 1376 1339 potuissem,
1417 1287 1598 1326 maxime
1628 1298 1726 1326 con-

281 1347 428 1387 venire
458 1347 601 1387 officio
631 1358 724 1385 meo
743 1345 888 1396 reique
908 1344 1105 1396 publicae
1125 1344 1362 1384 conducere
1384 1343 1541 1395 putavi,
1571 1355 1723 1394 parare

281 1417 345 1452 ea,
377 1417 486 1455 quae
515 1404 569 1443 ad
598 1402 831 1443 exercitum
860 1413 1053 1453 quaeque
1083 1400 1134 1440 ad
1164 1413 1253 1440 rem
1286 1401 1513 1440 militarem
1543 1400 1724 1453 pertine-

278 1463 386 1503 rent.
417 1463 532 1510 Quae
550 1472 678 1512 quum
698 1461 836 1499 essent
865 1473 889 1498 a
918 1471 984 1498 me
1004 1460 1114 1498 cura
1132 1458 1261 1510 magis
1282 1459 1323 1497 et
1346 1458 1567 1510 diligentia
1596 1469 1721 1508 quam

276 1519 484 1559 facultate
513 1518 554 1557 et
585 1517 707 1568 copia
738 1516 984 1562 constituta,
1014 1515 1234 1565 nuntiique
1252 1515 1294 1553 et
1313 1515 1463 1554 literae
1485 1514 1536 1554 de
1559 1514 1671 1554 bello
1695 1528 1721 1554 a.

276 1576 447 1616 Parthis
465 1574 509 1612 in
525 1572 790 1625 provinciam
809 1572 974 1625 Syriam
994 1571 1114 1611 illato
1134 1571 1322 1622 quotidie
1339 1573 1427 1612 fere
1448 1569 1719 1612 afferrentur:

275 1633 357 1673 iter
385 1631 489 1673 mihi
516 1629 758 1670 faciendum
786 1641 862 1681 per
897 1628 1151 1682 Lycaoniam
1188 1630 1231 1668 et
1265 1640 1342 1680 per
1378 1629 1544 1668 Isauros
1573 1630 1615 1668 et
1642 1641 1722 1680 per

362 1755 394 1788 2.
443 1762 580 1786 navare
605 1751 641 1785 in
666 1751 848 1795 petitione
874 1751 1095 1785 consulatus.
1122 1769 1166 1776 —·
1197 1751 1407 1793 facultatem
1441 1752 1717 1795 (Gelegenheit,

271 1799 536 1845 M6glichkeit)
569 1804 606 1832 te
638 1797 789 1831 videndi
821 1808 863 1831 ac
887 1797 955 1830 tibi
980 1796 1227 1841 gratificandi.
1255 1817 1295 1823 —
1330 1798 1508 1841 quoniam.
1558 1798 1645 1842 Vgl.
1671 1809 1717 1832 zu

273 1859 331 1892 ep.
358 1845 547 1887 CXCVII,
572 1845 594 1877 4
618 1854 739 1888 gegen
763 1844 881 1878 Ende.
906 1862 951 1868 -—-
979 1844 1211 1887 provinciae,
1242 1843 1307 1876 mit
1332 1844 1437 1877 einer
1461 1844 1626 1878 Provinz
1651 1845 1717 1878 be-

271 1894 382 1928 laden
406 1903 453 1926 zu
476 1890 641 1925 werden.
690 1890 779 1933 Erg.
816 1889 1026 1932 obeundae,
1060 1889 1294 1923 obtinendae.
1320 1909 1364 1914 ——
1398 1891 1546 1933 efficias·¹
1573 1892 1655 1924 Asc.
1684 1893 1715 1925 1.

273 1941 373 1974 Crat.
399 1939 491 1972 Ern.
516 1936 600 1971 Sch.
626 1936 720 1969 Liin.
753 1937 958 1979 efficiasque
992 1943 1121 1969 contra
1154 1936 1230 1969 Md.
1265 1941 1300 1969 et
1330 1937 1415 1970 Bas.
1451 1937 1644 1971 ORELLI.
1670 1956 1716 1961 -

274 1984 445 2019 iniuriae.
480 1983 567 2026 Vgl.
601 1993 660 2027 ep.
693 1983 864 2023 CCXIV,
895 1984 928 2016 3.
961 2001 1006 2006 —
1037 1984 1201 2022 accedat,
1234 1982 1335 2015 nicht
1365 1983 1504 2016 Furcht
1543 1994 1610 2016 vor
1642 1983 1714 2016 den

273 2031 460 2068 Parthern
489 2029 587 2063 trieb
621 2039 778 2062 unseren
811 2029 943 2063 Cicero
974 2039 1020 2062 zu
1053 2029 1190 2062 diesem
1215 2029 1423 2070 Wunsche;
1454 2029 1614 2063 sondern
1647 2029 1715 2062 der

274 2077 474 2119 Gedanke,
507 2076 583 2109 wie
608 2075 682 2109 viel
713 2075 921 2108 nutzlicher
951 2074 1034 2108 dem
1059 2075 1184 2109 Staate
1218 2074 1255 2107 in
1286 2074 1444 2118 ietziger
1476 2076 1579 2119 Lage
1610 2075 1713 2108 seine

271 2121 540 2160 Anwcsenheit
580 2121 618 2155 in
650 2121 745 2155 Rom
776 2121 857 2155 sein
887 2121 1026 2155 xviirde.
1077 2120 1114 2156 S.
1147 2132 1205 2165 ep.
1236 2121 1392 2164 CCVII,
1427 2123 1459 2154 1.
1495 2122 1652 2162 CCXX,
1677 2123 1709 2156 l.

271 2170 462 2213 magisque
486 2178 615 2201 verear
638 2174 708 2202 cet.
735 2186 780 2192 —-
804 2169 979 2209 cumulus,
1005 2166 1196 2201 Zuwachs.

361 2214 604 2249 SENATUI.
652 2214 791 2248 Dieser
827 2220 926 2247 erste
949 2213 1102 2247 Bericht
1134 2214 1227 2246 uber
1251 2212 1407 2246 Cilicien
1433 2223 1477 2246 an
1502 2212 1573 2246 den
1599 2212 1714 2247 Senat
1782 2210 1792 2252 <j

271 2264 382 2305 moge
413 2261 468 2294 als
503 2266 603 2294 erste
636 2261 765 2294 Probe
797 2260 948 2303 dienen,
980 2259 1054 2293 wie
1078 2258 1138 2293 die
1162 2259 1385 2292 Romischen
1422 2259 1641 2293 Siatthalter
1671 2260 1708 2293 in
1779 2258 1788 2301 ᾗ

271 2306 570 2342 Amtsberichten
604 2316 648 2339 an
680 2307 751 2339 den
785 2305 899 2340 Senat
931 2316 977 2339 zu
1007 2305 1202 2339 schreiben
1234 2306 1411 2349 pilegten.
1465 2307 1552 2339 Man
1582 2306 1710 2340 merke
1776 2305 1787 2350 J„

270 2355 349 2389 sich
373 2353 435 2387 die
458 2352 624 2386 Formel:
652 2352 694 2387 Si
719 2363 785 2385 vos
812 2351 964 2390 valetis,
988 2352 1084 2385 bene
1109 2358 1183 2394 est,
1208 2362 1278 2394 ego
1306 2351 1453 2394 quidem
1477 2352 1593 2386 valeo.
1776 2348 1780 2360 '

359 2401 392 2435 1.
435 2399 535 2443 prid.
561 2398 653 2432 Kal.
678 2398 805 2432 Sextil.
833 2409 889 2432 am
913 2400 967 2432 31.
987 2397 1115 2431 IuliuS.
1141 2416 1185 2422 —-
1205 2399 1450 2440 prouinciam,
1476 2398 1709 2432 Ciliciam.-·
1772 2393 1785 2432 ζ’

268 2445 460 2481 convenire
493 2444 634 2487 officie,
669 2444 753 2477 dass
786 2455 825 2477 es
850 2444 1006 2477 meinem
1043 2445 1147 2477 Amte
1173 2445 1336 2487 gemiiss,
1372 2456 1401 2479 r.
1425 2455 1462 2486 p.
1497 2445 1706 2486 conducere,
1772 2445 1790 2479 T

265 2493 350 2527 dem
374 2492 562 2526 Interesse
584 2490 651 2523 der
673 2489 865 2534 Republik
888 2489 1090 2523 sorderlich
1104 2489 1169 2524 sei.
1195 2509 1239 2515 -—
1263 2501 1387 2525 cura...
1413 2489 1607 2532 diligentia
1629 2501 1718 2528 mea*
1771 2488 1789 2524 ,³

268 2538 319 2572 im
345 2539 505 2582 Gegens.
530 2546 602 2570 von
627 2537 798 2577 facultate
823 2540 856 2569 et
879 2536 983 2580 copia
1006 2548 1050 2570 =
1076 2536 1129 2569 als
1154 2535 1272 2570 durch
1296 2537 1357 2570 die
1380 2537 1417 2570 in
1442 2537 1561 2569 meine
1577 2536 1706 2569 Hande
1769 2537 1777 2567 ,ἵ

268 2585 443 2629 gelegten
476 2582 718 2617 Hissfsmittel.
766 2581 838 2615 Ein
870 2582 984 2615 leiser
1015 2583 1199 2616 Vorwurf
1227 2583 1285 2617 fiir
1316 2583 1385 2616 den
1413 2581 1542 2617 Senat!
1593 2582 1630 2616 S.
1658 2592 1704 2615 zu
1768 2613 1770 2621 ,

268 2641 325 2674 ep.
352 2629 626 2672 CLXXXVII,
652 2628 684 2662 2.
714 2628 864 2667 CCVII,
892 2630 922 2661 l.
950 2629 1126 2670 CCXIII,
1159 2630 1190 2662 5.
1216 2647 1260 2654 ·-—-
1294 2630 1391 2665 Quae
1415 2639 1520 2672 quum
1544 2632 1657 2661 essent
1681 2639 1705 2660 a
1740 2653 1742 2658 .

267 2687 357 2711 me...
385 2677 597 2716 constituta,
634 2674 811 2708 nachdem
836 2673 895 2707 ich
921 2673 1033 2707 damit
1064 2685 1108 2707 zu
1136 2674 1273 2709 Stande
1302 2675 1519 2719 gekommen
1544 2684 1631 2707 war.
1658 2687 1711 2699 ——2
1740 2693 1742 2709 z
1766 2696 1769 2698 v

267 2722 341 2755 iter
368 2723 508 2765 facere,
542 2721 669 2755 seinen
694 2720 843 2754 Max-sch
868 2720 1041 2762 nehmen‚
1079 2715 1145 2754 mit
1169 2721 1306 2754 seinem
1331 2721 1453 2754 Heere
1478 2720 1709 2754 vorriickem
1737 2731 1740 2752 A
1766 2741 1769 2744 >

266 2786 311 2795 —
333 2768 485 2807 Ιθαανοε
507 2765 774 2812 metonymisch
799 2772 841 2802 st.
868 2766 1059 2803 Isauriam.
1084 2765 1122 2802 S.
1149 2767 1296 2805 Ramsh.
1322 2768 1352 2810 §.
1378 2768 1458 2810 203,
1484 2768 1516 2810 1,
1541 2769 1573 2802 3.
1598 2765 1698 2801 Plin.
1733 2769 1739 2864 ι
1765 2768 1783 2780 ”

1722 2866 1737 3043 Ι
