1795 3043
17 1716 22 1755 'f

336 53 647 101 EPISTOLA
693 53 977 100 CCLXXXI.
1016 50 1325 100 chxxxn.
1458 58 1557 107 279

102 181 264 212 mecum
306 170 379 209 aut
416 168 560 221 paullo
601 167 697 208 ante
739 167 938 207 venturus
969 169 1086 206 esset.
1138 166 1284 207 Cicero
1316 164 1394 205 tibi
1424 165 1557 216 pluri—

101 238 207 267 mam
237 226 413 266 salutem
451 225 565 265 dicit.
621 225 684 265 Tu
725 223 839 263 dices
879 223 1095 276 utriusque
1127 225 1314 264 nostrum
1343 221 1481 263 verbis
1511 222 1554 261 et

100 283 234 324 Piliae
262 285 359 324 tuae
389 284 431 323 et
460 280 587 323 filiae.

266 408 575 456 EPISTOLA
614 406 924 453 cccxxxu.
964 406 1045 465 (aa
1079 407 1169 452 Aa.
1205 407 1281 452 vl.
1318 408 1384 464 9.)

288 495 369 530 Ser.
395 494 549 530 Athenis
574 494 630 529 Id.
658 495 810 528 Octobr.
843 494 888 528 A.
914 493 959 528 U.
986 494 1028 528 C.
1056 493 1132 528 704.
1160 494 1206 536 (a.
1234 494 1272 528 C.
1298 493 1369 535 50.)

95 564 271 598 Laetatur
292 563 454 598 Atticum
481 574 528 597 ex
553 561 736 596 febricula
761 562 1034 596 convalescere.
1063 565 1094 596 l.
1120 562 1226 606 petit,
1255 568 1293 595 ut
1309 561 1549 596 Philotimum

97 610 280 644 observet.
300 610 332 643 2.
383 609 613 655 provinciam
639 620 659 642 a
683 620 724 642 se
749 609 854 642 fratri
880 619 952 641 non
980 609 1149 642 traditam
1176 608 1378 641 confirmat.
1404 610 1438 643 3.
1481 609 1549 642 At-

94 656 160 691 tici
186 657 231 690 de
249 656 396 691 Tulliae
422 655 595 699 coniugio
622 661 658 689 et
683 655 729 688 de
754 655 865 688 rebus
890 655 1053 699 publicis
1078 656 1204 689 literas
1229 654 1413 699 exposcit.
1433 654 1548 689 4—-5,

584 724 771 758 CICERO
803 723 994 757 ATTICO
1028 722 1067 758 S.

203 795 251 834 In
288 795 465 835 Piraeea
503 807 631 846 quum
675 795 854 836 exissem
890 795 1029 846 pridie
1064 793 1162 834 Idus
1200 793 1369 841 Octobr.
1400 792 1548 844 accepi

91 849 144 892 ab
172 852 348 899 Acasto,
392 863 513 891 servo
552 865 667 903 meo,
709 852 851 892 statim
888 854 981 891 tuas
1028 851 1191 891 literas:
1242 863 1345 902 quas
1380 849 1547 900 quidem

91 921 217 961 quum
254 910 560 960 exspect-assem
594 910 678 949 iam
714 909 808 960 diu,
846 908 1074 948 admiratus
1115 921 1228 955 sum,
1267 909 1312 946 ut
1351 906 1438 946 vidi
1476 905 1547 946 ob-

89 966 294 1017 signatam
340 966 586 1017 epistolam,
647 966 895 1006 brevitatem
938 965 1050 1012 eius,
1096 968 1143 1005 ut
1184 964 1354 1016 aperui,
1401 975 1546 1003 rursus

35 1062 40 1063 ⁷
90 1022 283 1069 σύγχυσιν
316 1023 611 1074 literularum,
647 1035 754 1074 quae
793 1024 928 1062 solent
965 1024 1062 1062 tuae
1106 1019 1474 1073 compositissimae
1503 1022 1545 1060 et

90 1079 347 1120 clarissimae
389 1091 499 1119 esse:
548 1092 619 1128 ac,
657 1092 711 1119 ne
747 1080 898 1131 multa,
937 1078 1112 1131 cognovi
1142 1091 1193 1118 ex
1230 1090 1300 1128 ee,
1343 1077 1454 1128 quod
1482 1076 1542 1117 ita
1598 1112 1601 1113 γ

36 1184 41 1188 ,
87 1137 340 1188 scripseras,
370 1136 411 1174 te
430 1136 602 1176 Romam
629 1137 794 1176 venisse
824 1150 859 1176 a.
884 1136 922 1177 d.
942 1135 1214 1176 x11.Kalend.
1245 1134 1417 1174 Octobr.
1449 1145 1545 1173 cum

85 1192 209 1235 febri.
293 1193 522 1233 Percussus
568 1193 841 1234 vehementer
889 1205 968 1233 nee
1018 1193 1172 1245 magis,
1230 1203 1354 1242 quam
1402 1189 1544 1242 debui,

87 1250 224 1290 statim
271 1261 426 1301 quaero
475 1261 526 1289 ex
563 1250 728 1290 Acasto.
804 1251 883 1290 Ille
928 1251 968 1290 et
1002 1250 1081 1289 tibi
1118 1251 1160 1289 et
1199 1248 1279 1288 sibi
1318 1249 1452 1301 visum
1500 1249 1542 1287 et

87 1308 149 1347 ita
195 1318 239 1345 se
286 1307 398 1345 domi
437 1317 488 1346 ex
526 1307 609 1346 tuis
647 1307 832 1357 audisse,
880 1308 927 1346 ut
962 1306 1072 1346 nihil
1112 1307 1219 1345 esset
1263 1303 1541 1344 incommode.

85 1363 134 1403 ld
178 1362 397 1403 videbatur
439 1362 698 1413 approbare,
745 1362 858 1414 quod
902 1365 993 1403 erat
1029 1363 1072 1401 in
1110 1363 1320 1410 extremo,
1362 1360 1544 1401 febricu-

86 1419 170 1459 lam
201 1422 289 1459 tum
318 1421 360 1458 te
398 1418 621 1459 habentem
657 1420 885 1471 scripsisse.
955 1419 1037 1459 Sed
1072 1419 1208 1459 amavi
1242 1420 1379 1458 tamen
1417 1417 1545 1458 admi-

86 1479 283 1527 ratusque
314 1488 420 1527 sum,
452 1476 565 1527 quod
594 1477 728 1516 nihilo
757 1478 893 1515 minus
922 1476 973 1515 ad
1003 1488 1067 1515 me
1100 1477 1173 1514 tua
1200 1487 1325 1514 manu
1356 1474 1545 1527 scripsis-

86 1545 164 1573 ses.
226 1533 363 1580 Quare
393 1532 444 1571 de
472 1533 554 1572 hoe
578 1533 693 1574 satis.
753 1533 885 1584 Spero
915 1533 1051 1579 enim,
1083 1544 1189 1583 quae
1219 1533 1290 1571 tua
1318 1532 1542 1584 prudentia

85 1592 128 1629 et
155 1590 434 1641 temperantia
464 1591 548 1640 est,
587 1591 629 1628 et
657 1590 850 1640 hercule,
886 1590 933 1628 ut
961 1601 1027 1630 me
1057 1589 1174 1628 iubet
1202 1587 1403 1640 Acastus,
1444 1601 1541 1628 con-

84 1645 167 1686 fido
204 1649 247 1687 te
285 1646 391 1698 iam,
435 1646 482 1685 ut
521 1647 731 1694 volumus,
776 1647 930 1686 valere.
1008 1646 1045 1686 A
1085 1646 1292 1686 Turranio
1338 1647 1379 1685 te
1421 1657 1541 1686 acce-

84 1748 210 1784 Famil.
233 1747 302 1791 XI,
318 1748 378 1782 10:
412 1747 512 1781 Satis
536 1759 591 1781 me
614 1749 728 1781 multa
751 1748 942 1792 scripsisse
966 1746 1142 1780 arbitror.
1164 1763 1208 1770 —-
1246 1745 1308 1788 qm·
1330 1757 1376 1777 Ξ
1401 1744 1540 1789 quippe

22 1828 23 1833 ,
84 1796 167 1839 qui,
194 1806 304 1838 quum
325 1805 409 1837 ego.
429 1813 473 1818 —
506 1798 539 1826 et
564 1795 616 1837 ei,
642 1805 775 1838 nempe
791 1793 1058 1836 Tarquitio.--
1082 1795 1252 1825 venturus
1273 1795 1361 1825 esset
1375 1791 1540 1824 Romam.

86 1861 129 1868 —-
165 1842 311 1879 Cicero,
343 1840 445 1873 filius
470 1851 582 1874 meus.
601 1859 645 1864 —
684 1841 781 1874 dices
806 1841 972 1873 salutem.

155 1890 186 1920 l.
213 1888 252 1919 in
273 1886 427 1920 Piraeea
449 1886 575 1920 litora.
600 1886 694 1931 Nep.
722 1886 850 1919 Them.
878 1888 899 1921 6
921 1885 1059 1929 triplex
1084 1884 1210 1918 Piraei
1236 1889 1375 1928 portus.
1404 1882 1448 1915 ad
1473 1882 1540 1915 At-

83 1933 144 1967 tic.
160 1933 253 1975 vll,
279 1934 312 1967 3.
340 1933 388 1965 ad
410 1931 563 1966 Piraeea
587 1932 648 1966 bei
672 1933 810 1966 Athen.
828 1952 872 1957 —
908 1932 1060 1965 exissem
1085 1930 1180 1965 navi.
1200 1949 1242 1956 —
1273 1930 1372 1973 prid.
1392 1930 1444 1962 id.
1462 1929 1536 1962 Oct.

84 1990 139 2013 am
166 1980 220 2013 14.
240 1979 394 2012 Octobr.
414 1998 459 2004 —
500 1990 622 2020 servo,
656 1978 721 2011 alii
745 1982 889 2012 stature.
925 1978 1001 2012 Sed
1028 1978 1122 2010 cons.
1149 1976 1192 2010 ad
1219 1976 1328 2010 Attic.
1353 1975 1470 2018 VIII,
1495 1975 1536 2008 5:

86 2026 308 2069 „Pollucem
340 2036 485 2058 servum
516 2035 536 2058 a
569 2024 729 2070 pedibus
760 2026 916 2058 meum.⁷’
954 2027 1129 2057 Acastum
1160 2033 1292 2066 nempe
1323 2021 1458 2055 Cicero
1492 2020 1537 2054 ad

85 2072 246 2106 Atticum
273 2071 442 2113 miserat,
468 2071 574 2113 isque
601 2071 680 2105 eius
706 2070 900 2114 epistolam
927 2071 970 2103 ad
986 2070 1203 2103 Ciceronem
1221 2067 1410 2101 retulerat.
1429 2067 1537 2101 SCH.

84 2136 129 2143 -—
162 2118 388 2157 brevitatem,
416 2117 679 2160 exiguitatem,
712 2117 936 2150 tenuitatem.
978 2117 1108 2160 Neque
1144 2113 1260 2153 enim,
1293 2113 1453 2147 nondum
1479 2123 1538 2146 re-

85 2163 226 2206 signata
252 2163 424 2207 epistola,
451 2164 496 2196 ad
521 2164 741 2208 scripturam
766 2162 888 2207 potuit
910 2162 1065 2195 referre.
1087 2160 1354 2194 CORRAD.-
1382 2159 1538 2204 σύγχυ·

86 2223 183 2249 σιν,
211 2209 488 2252 confusionem,
531 2210 653 2243 literis
685 2220 779 2251 non,
818 2214 858 2241 ut
895 2208 1014 2251 soles,
1058 2207 1241 2240 distinctis
1277 2212 1313 2238 et
1350 2204 1537 2248 aequabili

24 2253 25 2257 ’
86 2254 196 2287 ductu
222 2255 485 2299 expressis.-
526 2260 627 2299 tuae,
660 2266 680 2288 a
715 2260 776 2288 tua
800 2265 980 2287 manu.—
1018 2263 1188 2297 compos„
1222 2251 1423 2286 bellissime
1449 2261 1537 2284 con-

85 2306 258 2333 structae.
296 2301 401 2334 Nunc
426 2307 544 2335 autem
571 2300 756 2346 scripsisti
774 2300 1033 2334 vacillantibus
1050 2299 1226 2339 literulis,
1245 2308 1350 2332 manu
1368 2309 1388 2330 a
1406 2296 1536 2329 morbo

86 2346 206 2379 miuus·
231 2346 345 2379 firma.
374 2347 577 2383 MANUT.
594 2367 638 2372 —
679 2358 721 2380 ne
753 2348 867 2379 multa
899 2346 1026 2380 dicam.
1049 2364 1090 2369 -
1127 2356 1161 2378 ιι.
1187 2346 1221 2379 d.
1244 2343 1424 2379 x11.Kal.
1445 2343 1536 2383 Oct„

86 2403 141 2425 am
169 2392 224 2426 20.
249 2391 479 2435 September.
497 2414 540 2419 -—
573 2405 636 2427 nec
661 2399 791 2426 tamen.
828 2392 915 2426 Wie
940 2394 1035 2425 zart!
1054 2410 1096 2415 —
1134 2391 1203 2424 Ille
1228 2390 1336 2424 dixit.
1354 2408 1394 2413 -
1420 2390 1537 2421 visum

86 2448 180 2472 esse.
201 2457 244 2462 —-
285 2442 324 2470 ut
349 2462 385 2471 ..
412 2439 600 2483 incomm.‚
633 2440 717 2473 dass
742 2439 865 2473 Deine
892 2437 1195 2482 Unpasslichkeit
1228 2437 1329 2470 nicht
1361 2445 1431 2472 von
1463 2434 1536 2466 Be-

84 2484 248 2528 deutung
274 2484 341 2517 sci.
362 2502 406 2508 -—
445 2486 662 2528 approbare,
695 2495 740 2518 zu
766 2486 994 2528 besflissgen,
1018 2483 1099 2517 scil.
1127 2484 1225 2526 quod
1252 2484 1408 2516 Acastus
1434 2479 1536 2512 dice-

86 2530 158 2563 bat.
177 2549 220 2554 -
260 2530 299 2562 in
326 2533 502 2573 extremo,
528 2532 595 2565 sub
621 2531 801 2575 epistolae
826 2532 909 2565 fine.
925 2550 966 2555 —
1008 2530 1135 2573 scrip&
1162 2530 1302 2569 literas,
1331 2526 1535 2570 epistolam.

26 2576 27 2618 J
86 2594 129 2601 --
160 2577 282 2609 amavi
306 2579 443 2618 tamen,
477 2575 536 2609 ich
567 2577 741 2611 rechnete
766 2577 839 2611 Dir
871 2577 1000 2612 diesen
1022 2574 1172 2610 Beweis
1208 2585 1279 2607 von
1305 2572 1421 2606 Liebe
1452 2571 1539 2605 sehr

26 2648 28 2653 Α
88 2621 182 2655 hoch
207 2633 264 2655 an.
282 2640 327 2647 --
359 2625 421 2654 tua
444 2633 573 2664 manu,
598 2623 914 2668 eigenhiindig.--
948 2633 1036 2668 quae
1061 2648 1069 2656 .
1087 2648 1096 2656 .
1123 2625 1173 2654 est
1198 2632 1242 2653 ..τ
1263 2629 1330 2664 pro
1359 2625 1450 2662 t.pr.
1467 2624 1537 2650 cet-

27 2684 28 2698 ι
87 2678 141 2700 me
163 2667 260 2701 iubet
285 2666 485 2701 confidere.

176 2712 210 2748 2.
235 2726 259 2747 α
286 2714 487 2756 Turranio,
522 2714 652 2750 eodem
675 2714 855 2760 fortasse,
888 2715 994 2750 euius
1018 2712 1154 2749 mentio
1181 2711 1222 2746 fit
1247 2709 1291 2745 ad
1318 2707 1428 2744 Attio.
1446 2711 1484 2752 l,
1507 2709 1541 2744 6.
