1795 3043
509 37 820 84 EPISTOLA
857 38 1081 85 CCXXII.
1453 45 1519 93 95

70 151 189 193 brevi
217 150 526 205 responderem.
586 151 669 190 Sed
707 151 844 202 prima
885 149 967 190 duo
998 150 1139 203 capim
1174 152 1379 205 epistolae
1416 154 1514 193 tuae
1538 162 1569 201 2

71 210 202 249 tacita
231 210 337 249 mihi
368 208 672 261 quodammodo
701 208 979 259 relinquenda
1008 211 1125 248 sunt:
1164 210 1275 249 nihil
1305 211 1416 250 enim
1444 212 1518 251 ha-

69 266 193 317 bent,
229 267 341 318 quod
372 265 593 306 definitum
625 265 679 305 sit
708 267 780 304 aut
811 267 995 316 certum,
1023 266 1106 306 nisi
1136 279 1203 306 me
1232 268 1373 319 vultu,
1413 269 1518 308 taci-

72 325 275 364 turnitate
306 322 564 375 significasse
594 322 673 361 tibi
702 334 786 361 non
817 334 907 361 esse
937 323 1140 364 amicum:
1178 324 1306 375 idque
1336 337 1411 376 pro
1442 327 1520 365 tri-

68 380 241 432 bunali,
280 392 408 432 quum
448 378 609 430 aliquid
639 380 851 430 ageretur,
892 380 934 418 et
980 381 1195 420 nonnullis
1235 382 1279 421 in
1310 383 1518 423 conviviis

69 437 251 489 intelligi
280 438 474 489 potuisse.
513 437 606 475 Hoc
636 438 767 475 totum
796 436 905 475 nihil
939 449 1026 475 esse
1056 449 1223 488 possum
1252 439 1517 491 intelligere:

70 494 143 534 sed
172 507 299 545 quum
328 495 381 533 sit
409 492 532 544 nihil,
561 505 615 531 ne
646 493 748 543 quid
778 492 945 533 dicatur
973 494 1141 544 quidem
1167 495 1371 547 intelligo.
1402 496 1516 536 illud

69 550 237 601 quidem
266 551 352 590 scio
381 562 496 589 meos
525 551 678 588 multos
709 552 750 589 et
778 551 966 590 illustres
997 553 1038 590 et
1069 564 1120 592 ex
1143 553 1361 602 superiore
1391 555 1433 592 et
1463 567 1515 595 ex

69 621 203 658 aequo
233 609 326 648 loeo
356 619 566 646 sermones
593 607 757 647 habitos
777 620 873 646 eum
902 609 975 648 tua
1004 622 1165 649 summa
1193 609 1317 648 laude
1349 612 1390 649 et
1418 623 1516 650 oum

71 677 221 717 magna
249 664 538 704 sollicitudine
575 663 894 716 significationis
923 667 1090 706 nostrae
1127 667 1431 707 familiaritatis
1462 668 1515 708 ad

71 723 113 761 te
151 733 250 761 vere
287 721 471 773 potuisse
510 720 678 760 deferri.
734 721 859 773 Nam,
898 722 1008 773 quod
1048 723 1099 763 ad
1145 725 1305 775 legatos
1346 725 1513 771 attinet,

71 778 173 828 quid
204 793 228 818 a
257 791 321 818 me
351 777 445 817 fieri
475 778 613 828 potuit
642 780 714 817 aut
745 780 975 830 elegantius
1007 781 1082 819 aut
1109 781 1285 831 iustius,
1315 794 1438 832 quam
1467 782 1516 821 ut.

70 837 255 887 sumptus
295 835 653 887 egentissimarum
692 836 912 875 civitatum
942 836 1173 877 minuerem
1204 838 1292 877 sine
1322 839 1413 879 ulla
1440 839 1516 879 im-

70 892 303 931 minutIone
340 891 556 944 dignit-atis
594 893 712 939 tuae,
754 894 1003 944 praesertim
1033 894 1134 946 ipsis
1164 895 1406 935 civitatibus
1443 907 1517 948 po-

70 948 353 988 stulantibus?
417 948 524 988 Nam
561 949 663 988 mihi
700 951 833 989 totum
870 962 1000 1002 genus
1039 952 1294 1003 legationum
1333 955 1404 992 tuo
1442 965 1516 992 no-

70 1048 233 1082 Provinz
259 1048 338 1082 sich
363 1048 400 1081 in
426 1049 583 1082 Deinem
611 1049 793 1082 Gemiithe
819 1050 934 1082 sehon
960 1050 1133 1085 ziemlich
1164 1052 1369 1096 abgektihlt
1396 1052 1519 1088 haben

67 1096 216 1128 miisste.
243 1113 286 1118 —
311 1095 424 1138 brevi,
450 1095 516 1128 mit
538 1095 749 1138 VVenigem.
773 1095 901 1129 Lamb.
929 1096 1096 1131 breviter.

158 1141 191 1174 2.
239 1141 376 1185 capita,
394 1142 612 1175 Punkte.—
632 1142 734 1185 epist.
759 1144 852 1184 tuae,
880 1142 950 1175 den
976 1155 1017 1177 er
1042 1144 1107 1177 auf
1127 1142 1194 1178 der
1217 1144 1424 1179 Riickreise
1450 1154 1518 1179 aus

70 1185 184 1220 Asien
210 1194 470 1230 unterwegens
501 1199 547 1221 an
573 1188 706 1222 Cicero
738 1188 984 1231 geschrieben
1009 1190 1118 1224 hatte.
1158 1190 1196 1226 S.
1222 1202 1279 1235 ep.
1307 1192 1517 1235 CCXLIX,

71 1234 102 1266 l.
129 1250 173 1257 -
197 1234 467 1276 taciturnitate,
494 1234 611 1267 durch
634 1234 731 1267 mein
759 1234 1007 1279 Schweigen,
1038 1247 1148 1271 wann
1172 1238 1235 1271 Du
1260 1248 1331 1270 von
1362 1238 1517 1271 Andern

72 1279 241 1313 erwahnt
267 1280 366 1313 seist.
409 1283 442 1312 et
467 1281 566 1313 tacit.
592 1280 718 1313 Lamb.
745 1280 880 1315 GraeV.
907 1281 992 1316 Sch.
1024 1282 1118 1316 Lun.
1143 1289 1272 1316 contra
1295 1284 1374 1317 Md.
1422 1285 1517 1318 Fre-

7 1354 13 1356 .
71 1325 223 1367 quentia
245 1332 330 1358 sunt
354 1325 562 1358 istiusmodi
586 1325 764 1361 ἀσύνδετα
788 1326 885 1359 inter
910 1327 982 1360 duo
1009 1329 1196 1362 dumtaxat
1221 1330 1368 1362 nomina
1392 1330 1430 1364 in
1446 1330 1515 1366 Cd.

71 1371 148 1405 Md.
177 1371 372 1404 ORELLI.
399 1390 442 1395 ——
466 1372 572 1415 idque
597 1383 641 1403 τ·-
666 1372 739 1404 und
756 1382 856 1405 zwar
882 1373 976 1407 habe
1002 1374 1101 1408 diess
1115 1386 1149 1408 u.
1177 1386 1207 1409 s.
1230 1386 1280 1410 w.
1308 1375 1346 1409 S.
1366 1377 1516 1412 Ramsh.

71 1418 99 1460 ξ.
127 1417 205 1459 158,
229 1418 265 1459 2,
292 1418 326 1450 h.
354 1436 396 1441 -
417 1428 486 1460 pro
512 1418 690 1450 tribunali
715 1424 783 1452 cet.
808 1419 873 1451 auf
884 1419 951 1452 der
967 1420 1268 1455 Gerichtsbiihne
1292 1421 1355 1455 bei
1381 1424 1515 1456 offent-

72 1463 193 1495 lichen
220 1464 626 1506 Amtsverrichtungen.
651 1482 693 1488 —
719 1464 806 1507 quid
829 1465 985 1505 dicatur,
1011 1467 1102 1500 was
1127 1467 1240 1500 damit
1263 1474 1414 1512 gesagt,
1448 1481 1516 1513 ge·-

72 1509 187 1542 meint
211 1509 349 1543 werde.
373 1529 419 1535 —-
452 1520 549 1542 ‘meos
581 1515 668 1542 statt
692 1520 712 1542 a
737 1521 794 1542 me
826 1510 981 1546 habitos.
1018 1531 1060 1537 -
1096 1524 1139 1545 ez
1163 1515 1350 1557 superiore
1373 1527 1421 1548 Ξ
1444 1527 1515 1560 pro

72 1555 248 1588 tribunali
274 1555 322 1588 im
348 1555 506 1599 Gegens.
532 1566 603 1588 von
627 1566 670 1587 ex
695 1566 805 1599 aequo
831 1556 923 1598 loco,
949 1557 1179 1592 ausebenem
1192 1560 1337 1603 Boden,
1363 1561 1398 1594 in
1425 1573 1516 1595 con-

74 1601 196 1644 viviis,
223 1601 377 1645 privatis
404 1602 440 1635 in
468 1602 627 1636 locis.-—
650 1613 729 1635 cum
752 1613 799 1635 m.
825 1604 942 1637 sollio.
968 1605 1252 1647 significationis
1277 1614 1344 1641 cet.
1369 1618 1416 1642 z:
1440 1609 1518 1642 sol-

71 1647 175 1680 licita
200 1654 234 1680 et
247 1647 430 1691 'diligenti
455 1647 741 1691 significatione,
766 1648 831 1681 mit
857 1650 924 1682 der
949 1651 1206 1695 lebendigsten
1234 1654 1306 1686 und
1331 1664 1517 1698 sorgsam-

72 1700 152 1727 sien
178 1693 401 1737 Andeutnng
426 1694 492 1728 der
524 1694 709 1728 zwischen
745 1705 812 1727 uns
837 1695 1090 1730 bestehenden
1121 1699 1401 1735 lj‘reundschat‘t.
1451 1701 1517 1735 Sic

71 1740 185 1783 Neap.
211 1740 430 1783 Mart-Lag.
456 1752 486 1773 c.
513 1751 559 1774 m.
589 1741 838 1774 sollicitudine
866 1743 1136 1785 significatione
1160 1745 1238 1778 Md.
1273 1746 1516 1788 (aliquantum

74 1796 179 1818 eraso
200 1797 235 1819 v.
259 1786 394 1827 sollic.)
422 1787 507 1820 Asc.
536 1788 565 1820 1.
589 1787 680 1820 Ben.
707 1798 787 1820 cum
810 1799 950 1830 magna,
978 1790 1248 1832 significatione
1282 1793 1380 1826 Crat.
1407 1793 1515 1829 Vict.

72 1833 104 1864 l.
131 1832 163 1864 2.
190 1832 316 1865 Lamb.
344 1832 478 1866 Graev.
505 1833 594 1865 ΕΓΗ.
621 1832 707 1867 Sch.
734 1833 826 1868 Liin.
875 1836 1058 1879 Duplices
1092 1837 1245 1879 genitivi
1273 1839 1410 1881 ubique
1435 1839 1517 1873 sere

72 1877 251 1922 corrupti.
277 1878 474 1912 ORELLI.
524 1879 735 1916 Ueberadie
763 1880 964 1924 doppelten
992 1882 1115 1916 Genit.
1143 1894 1172 1917 S.
1199 1884 1349 1918 Ramsh.
1378 1886 1405 1928 §.
1432 1888 1515 1928 106,

71 1924 104 1957 2.
131 1942 175 1948 ---
200 1925 352 1965 legatos,
377 1924 437 1957 die
462 1925 751 1968 Abgeordneten
777 1925 842 1959 der
868 1926 1007 1962 Stadte.
1054 1929 1106 1962 Es
1131 1940 1211 1963 war
1234 1940 1281 1964 zu
1307 1931 1410 1965 einer
1427 1932 1518 1966 her-

72 1970 299 2013 gebrachten
332 1970 582 2004 Gewohnheit
618 1971 842 2015 geworden,
868 1973 972 2017 dass,
1011 1984 1052 2007 so
1092 1976 1146 2008 oft
1188 1976 1247 2009 ein
1281 1984 1390 2020 ,guter
1421 1979 1518 2013 oder

73 2016 282 2049 schlechter
307 2016 525 2050 Statthalter
550 2018 702 2061 abging,
728 2018 789 2052 die
809 2018 936 2053 Stadte
951 2020 1075 2054 seiner
1089 2022 1255 2056 Provinz
1270 2024 1516 2067 aufgemeine

73 2062 216 2095 Kosten
257 2063 459 2107 Deputirte
499 2064 592 2097 nach
627 2064 722 2097 Rom
755 2064 968 2110 schickten,
1014 2078 1072 2099 um
1104 2068 1186 2102 dem
1225 2069 1516 2115 abgegangenen

73 2108 209 2142 Pr'ator
242 2109 334 2142 oder
365 2110 575 2144 Proconsnl
609 2110 693 2144 eine
721 2110 897 2146 Lobrede
928 2122 973 2146 zu
1008 2113 1132 2147 halten
1168 2115 1243 2148 und
1267 2117 1349 2149 dem
1376 2116 1516 2152 Senate

73 2156 132 2187 fiir
165 2154 227 2188 die
252 2155 476 2199 Zusendung
500 2156 602 2190 eines
627 2168 668 2190 so
701 2158 979 2192 vostret'tlichen
1014 2158 1251 2195 Statthalters
1283 2173 1330 2196 zu
1356 2163 1514 2198 danken.

0 2234 3 2237 ,
75 2200 116 2232 Ie
139 2200 347 2234 schlechter
371 2202 431 2235 ein
454 2203 661 2236 Proconsul
688 2203 790 2236 einer
814 2204 978 2238 Provinz
1003 2206 1230 2251 mitgespielt
1255 2208 1355 2242 hatte
1371 2235 1380 2251 ‚
1406 2210 1514 2243 desto

0 2245 3 2289 ξ
75 2245 178 2278 mehr
202 2257 279 2279 war
304 2247 377 2280 ihm
411 2259 455 2281 an
491 2248 617 2283 diesen
649 2250 886 2283 otientlichen
912 2251 1140 2294 Zeugnissen
1166 2254 1287 2288 seines
1312 2256 1516 2289 Wohlver-

75 2291 218 2324 haltens
248 2293 426 2336 gelegen:
461 2295 550 2327 aber
581 2296 685 2329 desto
717 2296 871 2340 lastiger
894 2307 1021 2331 waren
1052 2298 1154 2332 diese
1181 2300 1514 2336 Gesandtschanen

75 2337 147 2370 den
173 2336 338 2381 Stadten,
364 2339 453 2372 weil
477 2341 570 2374 aller
596 2342 798 2385 Anfwand‚
832 2342 902 2376 den
928 2343 982 2377 sie
1005 2345 1196 2388 machten,
1229 2357 1301 2379 von
1327 2348 1397 2381 den
1422 2349 1515 2382 Ein-

74 2384 252 2416 wohnern
279 2384 394 2418 durch
417 2388 776 2421 ausserordenssiche
800 2389 981 2432 Abgaben
1006 2397 1142 2424 musste
1157 2395 1329 2436 vergiitet
1345 2395 1512 2429 werden.

80 2429 342 2463 WIELAND.
388 2432 577 2475 Augustus
600 2440 798 2477 gestattete
832 2435 959 2469 solche
990 2436 1220 2472 laudationes
1245 2444 1282 2471 et
1306 2440 1513 2483 legationes

76 2482 169 2517 emt,
195 2487 303 2508 wann
328 2476 390 2510 die
414 2478 767 2524 Magistratsperson
799 2482 1028 2525 sechszig
1057 2483 1179 2527 Tage
1216 2486 1330 2517 sehon
1356 2497 1420 2519 aus
1444 2487 1514 2520 der

74 2521 239 2555 Provinz
264 2523 505 2567 abgegangen
530 2536 608 2559 war
639 2530 681 2568 (s.
710 2527 785 2560 Dio
811 2528 868 2570 56,
894 2528 971 2570 25);
1004 2529 1107 2562 Nero
1139 2530 1292 2563 schaffle
1318 2530 1373 2564 sie
1398 2533 1514 2575 ganz-

77 2566 155 2600 lich.
175 2568 220 2601 ab
246 2569 291 2610 (s.
318 2569 436 2602 Tacit.
462 2570 593 2605 Annal.
620 2573 711 2614 XV,
739 2584 772 2616 c,
796 2574 841 2607 20
865 2580 902 2607 et
926 2574 981 2607 22.
1009 2574 1097 2618 ibiq.
1124 2575 1278 2619 Rupert.
1306 2577 1383 2611 Cic.
1413 2579 1514 2614 Ver-

75 2612 145 2647 rin.
182 2621 219 2647 et
250 2625 307 2658 pr.
339 2615 482 2649 Fontei.
514 2628 544 2651 c.
569 2618 600 2652 2.
634 2618 679 2651 ad
710 2619 859 2652 Divers.
896 2621 928 2662 1,
954 2621 987 2654 9.
1022 2621 1137 2663 (148);
1165 2622 1225 2655 die
1250 2623 1512 2658 verderbliche

77 2657 171 2693 Siue
195 2660 335 2693 schlich
360 2661 528 2696 dennoch
552 2663 631 2697 sich
654 2664 741 2698 sort.
791 2664 830 2699 S.
856 2665 955 2700 Plin.
983 2666 1168 2712 Panegyr.
1197 2678 1226 2700 c.
1243 2671 1293 2702 70.
1318 2670 1509 2715 Lamprid.

77 2703 115 2739 in
137 2706 248 2740 Alex.
273 2706 371 2742 Sev..
397 2719 428 2743 c.
455 2709 510 2743 22.
537 2709 715 2745 Ammian.
740 2711 910 2746 Marcell.
934 2713 994 2756 30,
1017 2713 1053 2756 5,
1077 2714 1112 2748 8.
1140 2713 1305 2748 Cassiod.
1334 2726 1389 2760 ep.
1417 2719 1451 2760 7,
1476 2717 1509 2752 2.
