1795 3043
187 102 289 150 536
446 93 513 143 Μ.
546 94 603 141 Τ.
640 92 981 141 CICERONIS
1015 91 1385 142 EPISTOLAE.

188 209 357 251 verum!
428 205 512 249 Sed
551 204 691 257 adhuc
730 205 841 247 nihil
874 205 1061 248 secundi.
1133 204 1371 248 Concursus
1411 204 1653 248 Siculorum

191 267 245 308 ad
283 265 483 306 Catonem
522 263 681 305 dicitur
716 264 878 314 factus3
927 276 1093 316 orasse,
1136 266 1184 305 ut
1220 264 1458 314 resisteret3
1515 263 1654 304 omnia

122 352 124 356 Α
191 324 431 378 pollicitos:
492 322 745 362 commotum
789 321 935 372 illum,
996 321 1205 361 delectum
1246 320 1405 363 habere
1450 321 1654 374 coepisse.

192 381 287 424 Non
317 378 468 428 credo,
509 379 558 418 ut
588 379 652 418 est
679 378 921 419 luculentus
951 379 1122 419 auctor:
1158 379 1347 430 potuisse
1376 380 1491 419 certe
1519 377 1657 419 teneri

192 438 313 479 illam
348 435 611 490 provinciam
651 436 754 477 scio.
797 434 878 476 ,Ab
907 435 1124 488 Hispaniis
1152 437 1292 476 autem
1334 436 1419 477 iam
1448 436 1656 477 audietur.

142 494 170 537 3
193 493 281 537 Hic
319 506 397 534 nos
435 493 479 534 C.
508 493 766 534 Marcellum
794 492 1023 541 habemus,
1075 492 1219 533 eadem
1249 493 1301 534 de
1329 506 1377 534 re
1406 493 1659 546 cogitantem

194 553 269 594 aut
296 550 405 591 bene
434 551 720 592 simulantemt
767 563 1018 603 quamquam
1048 551 1187 603 ipsum
1213 563 1297 591 non
1327 551 1538 601 videram,
1586 549 1659 590 sed

195 621 249 650 ex
289 608 623 650 familiarissimo
661 608 752 649 eius
798 607 1031 648 audiebam.
1102 610 1186 657 Tu,
1240 621 1420 660 quaeso,
1471 608 1508 649 si
1559 605 1661 659 quid

194 665 372 708 habebis
411 666 538 707 novi:
590 677 687 718 ego,
733 664 768 705 si
803 663 906 716 quid
944 665 1080 705 moliti
1120 667 1298 720 erimus,
1348 667 1399 708 ad
1437 667 1480 706 te
1518 665 1660 706 statim

196 723 392 764 scribam.
452 722 655 771 Quintum
677 720 811 763 filium
839 722 1026 763 severius
1055 723 1277 766 adhibebo.
1336 724 1508 766 Utinam
1536 721 1661 774 profi-

197 792 297 823 cere
325 778 500 833 possim!
560 780 625 821 Tu
665 782 805 821 tamen
843 793 914 821 eas
954 780 1171 834 epistolas,
1208 782 1360 833 quibus
1389 781 1578 834 asperius
1611 779 1662 819 de

199 849 251 879 eo
280 837 456 891 scripsi,
495 837 722 890 aliquando
753 838 1020 890 concerpit0‚
1062 851 1116 878 ne
1146 839 1310 890 quando
1342 839 1444 890 quid
1475 838 1661 879 emanet:

148 893 177 933 4
201 906 278 948 ego
321 895 424 935 item
463 895 569 936 tuas.
627 896 821 937 Servium
859 897 1079 949 exspecto,
1128 908 1209 936 nec
1249 896 1301 937 ab
1339 908 1390 936 eo
1436 896 1664 949 quidquam

197 950 321 1000 ὑγιὲς.
380 952 522 1006 Scies,
569 953 776 1005 quidquid
822 952 915 993 erit.
974 953 1077 994 Sine
1107 952 1235 993 dubio
1265 965 1427 993 errasse
1456 965 1532 993 nos
1569 966 1665 994 con-

198 1008 405 1052 fitendum
435 1010 511 1049 est.
570 1010 627 1050 At
656 1011 810 1052 semel?
850 1012 893 1050 at
921 1023 1007 1051 una
1035 1011 1079 1050 in
1110 1010 1187 1052 re?
1228 1011 1363 1051 Immo
1392 1010 1555 1064 omnia,
1584 1022 1667 1063 quo

201 1066 448 1121 diligentius
478 1067 685 1120 cogitata,
725 1081 774 1108 eo
804 1068 919 1109 facta
948 1068 1045 1108 sunt
1069 1068 1394 1120 imprudentius.

312 1131 432 1175 Ἀλλοὲ
458 1132 512 1174 τοὶ
541 1135 616 1185 μὲν
644 1133 925 1186 προτετύχθαι
953 1133 1146 1186 ἐάσομεν,
1188 1133 1412 1185 ἀχνύμενοί
1436 1149 1525 1186 περ,

199 1215 247 1258 in
287 1214 467 1268 reliquis
504 1215 626 1257 modo
666 1229 721 1256 ne
761 1229 944 1257 ruamus.
1003 1215 1129 1256 Iubes
1163 1216 1274 1256 enim
1315 1216 1367 1256 de
1407 1216 1671 1269 profectione

201 1285 297 1315 mea
326 1271 564 1325 providere.
625 1272 735 1322 Quid
764 1272 1041 1326 provideam?
1099 1273 1166 1313 Ita
1195 1274 1342 1324 patent
1372 1273 1534 1326 omnia,
1564 1286 1674 1326 quae

202 1329 400 1372 accidere
429 1330 632 1382 possunt,
673 1332 742 1378 ut,
788 1343 838 1371 ea
868 1330 904 1369 si
935 1330 1087 1381 vitem,
1137 1329 1363 1370 sedendum
1394 1331 1448 1370 sit
1479 1343 1575 1371 cum
1606 1331 1675 1371 de-

203 1387 359 1428 decore
389 1388 431 1427 et
461 1386 627 1428 dolore:
665 1388 702 1429 si
729 1388 967 1440 negligam,
999 1387 1236 1438 periculum
1267 1389 1349 1435 est,
1382 1400 1434 1427 ne
1464 1387 1508 1428 in
1527 1401 1676 1432 manus

203 1443 391 1486 incidam
416 1443 696 1496 perditorum.
757 1444 840 1486 Sed
867 1443 988 1496 vide,
1035 1444 1204 1495 quantis
1249 1445 1294 1484 in
1324 1444 1505 1485 miseriis
1533 1446 1675 1486 simus.

206 1501 448 1554 optandum
476 1501 691 1543 interdum
710 1502 905 1554 videtur,
936 1503 983 1541 ut
1003 1502 1190 1552 aliquam
1212 1502 1470 1554 accipiamus
1499 1502 1551 1543 ab
1582 1503 1677 1544 istis

206 1559 399 1612 quamvis
427 1559 626 1600 acerbam
654 1559 880 1608 iniuriam,
908 1559 957 1598 ut
986 1560 1164 1612 tyranno
1193 1559 1238 1600 in
1261 1559 1358 1600 odio
1379 1560 1510 1601 fuisse
1538 1560 1677 1601 videa·

207 1704 257 1740 ad
283 1704 479 1748 catonem,
505 1704 574 1740 der
599 1704 649 1738 im
663 1705 805 1739 Namen
830 1703 897 1738 des
922 1703 1055 1739 Senats
1081 1704 1155 1738 und
1182 1705 1247 1739 des
1264 1705 1466 1751 Pompeius
1491 1706 1527 1740 in
1554 1706 1681 1742 dieser

207 1751 375 1787 Provinz
393 1751 671 1786 commandirte.
697 1769 742 1776 —
773 1751 959 1785 resisteret
974 1750 1128 1785 Curioni
1154 1751 1380 1786 advenienti.
1414 1752 1454 1787 S.
1482 1764 1538 1798 ep.
1551 1755 1631 1797 370,
1646 1755 1679 1789 2.

207 1799 296 1841 866,
327 1799 362 1833 8.
399 1817 443 1823 —
492 1798 636 1839 omnia,
669 1797 762 1832 alles
796 1797 1010 1841 Mbgliche‚
1051 1797 1125 1830 alle
1160 1797 1282 1830 Hulfe.
1322 1815 1367 1823 -—-
1412 1803 1453 1832 ut
1485 1803 1536 1832 est
1568 1800 1678 1834 lucul.

209 1848 361 1887 auctor,
403 1844 469 1878 aus
497 1843 564 1877 das
595 1844 711 1878 Wort
750 1843 816 1878 des
855 1843 1089 1881 herrlichen,
1129 1843 1440 1888 glaubwiirdigen
1482 1846 1682 1881 Gew'ahrs-

208 1900 375 1926 mannes,
423 1890 571 1924 Ironie!
618 1888 949 1924 Wahrscheinlich
983 1888 1033 1923 ist
1065 1889 1293 1924 Philotimus
1330 1890 1505 1934 gemeint.
1555 1891 1594 1927 S.
1622 1903 1681 1938 ep.

209 1938 299 1980 870,
330 1937 366 1972 2.
403 1937 482 1972 375.
533 1938 571 1968 ut
595 1946 640 1968 z
662 1942 798 1980 prout,
838 1935 999 1980 proinde
1025 1946 1088 1976 ac,
1133 1936 1361 1981 ‚,nachdem‚
1398 1937 1474 1972 wie
1508 1938 1581 1973 mir
1613 1939 1683 1974 der

210 1983 395 2019 Erziihler
415 1981 678 2027 glaubwiirdig
700 1982 924 2017 erscheint.’'

304 2053 339 2086 3.
373 2049 414 2085 C.
440 2050 668 2087 Marcellum
692 2051 885 2085 consulem
911 2060 994 2085 ann.
1020 2051 1098 2086 704.
1125 2069 1170 2076 —
1212 2051 1335 2085 eadem
1363 2051 1406 2085 de
1429 2063 1488 2096 re,
1524 2051 1570 2087 de
1594 2064 1684 2099 pro·-

212 2096 378 2132 fectione
403 2096 449 2131 ad
474 2096 710 2141 Pompeium.
745 2097 955 2134 MANUT,
994 2115 1039 2122 -
1092 2097 1146 2131 Τιι
1169 2097 1313 2132 scribes
1343 2109 1408 2132 aus
1432 2099 1606 2135 scribam.
1638 2119 1682 2125 —

213 2143 411 2187 adhibebo,
437 2154 506 2188 pro
532 2155 608 2187 quo
633 2143 803 2177 cohibebo
829 2143 877 2177 de
902 2142 1055 2178 Graevii
1081 2154 1181 2188 susp.
1209 2144 1449 2189 (p1·ob.Ern.)
1475 2145 1561 2180 Sch.
1588 2146 1682 2183 Liin.

214 2189 307 2226 Vid.
340 2196 463 2224 tamen
495 2190 659 2224 Forcell.
692 2189 731 2223 in
761 2189 942 2226 Adhibeo.
983 2190 1180 2224 ORELLI.
1229 2190 1402 2224 adhibere
1432 2202 1479 2225 =
1511 2197 1683 2234 tractare,

215 2236 439 2271 behandeln.
491 2235 543 2271 So
568 2235 782 2271 liberaliter
814 2236 862 2272 ad
887 2237 932 2273 Q.
956 2236 1018 2272 Fr.
1043 2236 1082 2281 1,
1116 2238 1159 2280 1,
1184 2235 1216 2272 5.
1257 2254 1301 2262 —-
1347 2237 1566 2283 aliquando,
1604 2239 1685 2273 ein-

215 2283 315 2318 mahl
339 2281 402 2317 bei
427 2282 690 2326 Gelegenheit.
1598 2301 1601 2304 ⁴

309 2351 343 2385 4.
375 2349 545 2386 Servium
571 2355 745 2395 exspecto.
796 2350 834 2387 S.
860 2362 920 2396 ep.
940 2353 1033 2394 371,
1058 2353 1081 2386 4
1106 2362 1161 2385 am
1186 2351 1304 2386 Ende.
1343 2369 1387 2377 —
1434 2352 1584 2399 ὑγιὲς,
1611 2363 1684 2388 non

217 2402 338 2432 tamen
365 2398 410 2431 ab
436 2409 482 2431 eo
509 2397 589 2431 sani
615 2397 764 2431 consilii
790 2397 991 2442 quidquam
1017 2404 1208 2442 exspecto,
1243 2397 1352 2433 SGH.
1392 2416 1438 2424 -·
1486 2398 1611 2434 Ἀλλά
1635 2399 1687 2436 τοὶ

218 2448 294 2487 μὲν
322 2455 370 2478 ex
386 2443 541 2478 Homeri
556 2443 664 2477 Iliad.
690 2450 734 2479 Σ.
760 2445 840 2478 112.
873 2445 1005 2479 eodem
1031 2444 1132 2478 dicto
1158 2455 1246 2478 usus
1263 2452 1319 2480 est
1344 2455 1457 2490 supra
1481 2446 1634 2489 ep.284‚
1648 2447 1683 2481 9.

217 2507 265 2516 --
295 2490 334 2523 z'n
358 2490 532 2534 reliquis,
569 2489 608 2524 in
633 2490 751 2534 Dem,
786 2499 865 2525 was
898 2492 995 2524 noch
1028 2501 1074 2524 zu
1103 2491 1192 2524 tliun
1226 2491 1285 2525 ist.
1319 2510 1360 2517 —
1410 2502 1578 2535 raama-5,
1620 2493 1686 2526 ab-

219 2546 390 2570 erremus
420 2547 441 2570 a
471 2536 570 2579 fine,
607 2537 704 2570 malo
736 2542 873 2570 eventu
909 2544 1080 2579 utamur,
1124 2538 1417 2581 verunglucken.
1457 2554 1501 2562 —-
1545 2541 1684 2582 patent,

219 2582 316 2626 liegt
349 2593 391 2616 so
424 2583 524 2617 offen
560 2583 616 2617 da.
646 2601 692 2608 —
737 2583 931 2616 sedendum
961 2594 1005 2616 =
1038 2584 1302 2618 remanendum
1328 2583 1365 2617 in
1391 2583 1511 2618 Italia.
1555 2602 1599 2609 —-
1651 2585 1686 2618 si

220 2629 432 2672 negligam,
464 2639 572 2663 wenn
599 2629 659 2662 ich
684 2629 845 2663 dariiber
867 2630 1056 2672 wegsahe.
1093 2649 1137 2655 —
1180 2630 1430 2675 perditorum,
1471 2629 1687 2665 schlimmer

218 2675 435 2709 Menschen.
478 2675 713 2719 proditorum
736 2675 895 2710 Helmst.
923 2676 1049 2709 Oxon.
1075 2675 1108 2709 2.
1136 2694 1180 2702 --
1216 2677 1398 2719 miseriis,
1434 2676 1615 2711 Klemme.
1642 2695 1684 2701 —

219 2721 373 2764 abistis,
400 2722 648 2757 Caesarianis.
671 2742 712 2748 -
739 2721 902 2767 quamvis
925 2731 971 2757 =
996 2733 1106 2757 wenn
1132 2723 1226 2758 auch
1252 2724 1347 2759 noch
1372 2733 1425 2758 so,
1447 2741 1492 2748 -
1516 2726 1686 2769 tyranno,

219 2767 387 2803 Caesari.
438 2767 552 2804 Siehe
578 2779 624 2803 zu
650 2769 680 2812 ᾗ.
701 2768 734 2803 2.
770 2772 967 2814 compacto.
