1795 3043
16 204 20 233 «-
10 134 19 178 a.
16 102 19 117 -
12 0 20 89 ⁴——b-

550 65 866 118 EPISTOLA
906 64 1244 113 CCLXXVIII.
1530 68 1632 116 269

304 205 620 254 EPISTOLA
657 202 987 252 CCLXXVIII.
1034 202 1116 262 (ad
1149 203 1256 249 Div.
1289 200 1386 247 XV.
1422 199 1495 259 6.)

332 294 415 330 Ser.
441 295 479 329 in
504 293 597 329 Asia
621 303 748 327 mense
773 290 912 326 Sextili
935 291 981 324 A.
1007 290 1054 325 U.
1081 291 1122 325 C.
1148 291 1227 325 704.
1253 293 1299 334 (a.
1325 290 1365 324 C.
1389 289 1463 331 50.)

164 361 337 406 Magnam
363 374 404 397 se
429 373 477 397 ex
502 361 653 398 Catonis
678 359 894 395 laudatione
920 363 958 391 et
982 359 1168 392 sententia
1192 359 1288 392 dicta
1313 359 1541 410 voluptatem
1567 367 1629 391 ce-

208 410 313 455 pisse
337 409 536 454 profitetur
561 408 751 453 petitque,
784 411 841 445 ut,
875 404 909 439 si
933 405 1060 438 tavei-e
1085 405 1249 457 noluerit
1277 405 1313 438 in
1339 402 1583 448 adipiscendo

262 455 469 501 triumpho,
502 461 641 498 tamen,
673 454 705 488 si
730 453 803 488 sibi
828 451 1002 485 decretus
1026 452 1159 494 suerit,
1193 452 1367 495 gaudeat.
1394 449 1522 485 1-2.

472 524 524 560 Μ.
550 523 595 558 T.
624 520 813 557 CICERO
844 519 895 554 M.
922 519 1113 554 CATONI
1138 518 1174 553 S.
1201 520 1246 554 P.
1270 520 1320 554 D.

282 596 445 635 Laetus
472 608 564 635 sum
594 593 773 634 laudari
809 606 896 638 me,
940 590 1080 642 inquit
1110 590 1296 639 Hector,
1339 591 1490 643 opinor
1519 590 1632 644 apud

168 649 390 698 Naevium,
422 652 499 691 abs
529 658 584 702 te,
607 657 750 703 pater,
781 663 810 689 a
839 649 1020 689 laudato
1051 651 1158 688 viro.
1218 648 1283 688 Ea
1313 651 1375 688 est
1405 647 1516 688 enim
1536 661 1632 700 pro-

166 709 278 750 fecto
315 707 499 748 iucunda
540 708 653 759 laus,
693 718 800 758 quae
842 704 895 746 ab
936 705 988 745 iis
1026 704 1334 757 proficiscitur,
1372 706 1443 756 qui
1473 705 1555 757 ipsi
1584 707 1632 746 in

166 765 290 806 laude
319 766 527 805 vixerunt.
586 765 676 817 Ego
706 775 806 803 vero
835 763 903 803 vel
923 762 1205 815 gratulatione
1224 763 1443 803 literarum
1463 766 1632 804 tuarum

166 824 235 863 vel
273 822 525 863 testimoniis
566 821 802 862 sententiae
841 819 979 860 dictae
1014 819 1124 859 nihil
1167 825 1248 868 est,
1288 820 1399 871 quod
1439 832 1506 859 me
1545 832 1632 861 non

167 880 403 919 assecutum
425 882 581 931 putem.
624 878 759 930 quue
789 877 894 918 mihi
924 889 1054 928 quum
1084 877 1401 929 amplissimum,
1430 878 1519 916 tum
1540 890 1633 930 gra-

166 936 374 976 tissimum
415 939 498 984 est,
536 938 579 976 te
615 935 802 975 libenter
842 933 1057 974 amicitiae
1095 933 1280 983 dedisse,
1322 934 1432 986 quod
1470 935 1632 986 liquido

165 993 336 1034 veritati
366 993 500 1034 dares.
561 994 630 1044 Et,
661 993 695 1032 si
725 1004 808 1032 non
839 991 961 1031 modo
991 1002 1149 1043 onmes,
1179 1003 1324 1031 verum
1355 992 1480 1031 etiam
1509 992 1634 1032 multi

168 1050 346 1090 Catones
377 1051 515 1091 essent
542 1050 589 1089 in
619 1050 792 1090 civitate
823 1049 979 1098 nostra,
1010 1047 1055 1086 in
1085 1059 1166 1098 qua
1184 1061 1313 1087 unum
1333 1049 1538 1088 exstitisse
1559 1050 1634 1089 mi-

165 1107 302 1148 rabile
332 1110 418 1147 est:
458 1119 581 1159 quem
618 1119 693 1159 ego
733 1118 904 1146 currum
932 1105 1005 1144 aut
1034 1116 1159 1155 quam
1196 1106 1385 1145 lauream
1427 1118 1523 1146 cum
1560 1108 1634 1146 tua

166 1164 410 1204 laudatione
440 1162 707 1205 conferrem?
753 1162 859 1203 Nam
901 1161 953 1202 ad
993 1174 1131 1202 meum
1167 1175 1333 1202 sensum
1372 1164 1414 1202 et
1445 1163 1496 1202 ad
1526 1163 1635 1205 illud

165 1222 376 1262 sincerum
415 1234 465 1262 ae
504 1221 660 1261 subtile
694 1219 898 1260 iudicium
937 1218 1046 1259 nihil
1074 1222 1214 1271 potest
1243 1232 1332 1259 esse
1361 1220 1632 1269 laudabilius,

167 1290 291 1330 quam
322 1292 371 1318 ea
400 1280 474 1318 tua
503 1279 659 1325 oratio,
699 1289 807 1328 quae
839 1278 900 1316 est
931 1276 983 1315 ad
1013 1288 1080 1316 me
1110 1277 1347 1329 perscripta
1376 1290 1402 1317 a
1430 1279 1534 1317 meis
1562 1291 1634 1318 ne-

167 1336 377 1377 cessariis.
437 1334 520 1375 Sed
549 1347 718 1375 causam
746 1346 863 1373 meae
892 1333 1135 1383 voluntatis,
1165 1346 1249 1374 non
1272 1334 1385 1374 enim
1404 1334 1540 1375 dicam
1561 1348 1631 1375 cu-
1653 1338 1682 1378 2

258 1478 318 1512 M.
345 1478 548 1513 CATONI.
597 1478 636 1513 S.
674 1489 720 1512 zu
753 1490 810 1523 ep.
827 1479 967 1513 CCXII
1005 1479 1054 1513 im
1085 1480 1171 1514 Ans.
1219 1477 1498 1524 Vorliegender
1528 1481 1638 1516 Brief

115 1563 122 1571 ¹
169 1524 218 1559 ist
244 1524 326 1558 eine
352 1528 527 1558 Antwort
551 1526 616 1558 aus
638 1536 694 1569 ep.
711 1525 919 1560 CCLXVI.

260 1572 290 1604 l.
318 1571 414 1614 apud
436 1571 638 1615 Naevium,
666 1571 784 1604 einem
809 1571 908 1605 alten
926 1571 1152 1605 Romischen
1173 1571 1350 1616 Dichter,
1375 1573 1441 1607 auf
1461 1573 1633 1608 welchen

169 1616 302 1651 Cicero
334 1617 408 1650 viel
444 1617 618 1660 gehalten
644 1627 690 1651 zu
716 1618 836 1651 haben
860 1618 1020 1653 scheint.
1054 1618 1140 1662 Vgl.
1159 1618 1373 1653 Horazens:
1412 1620 1633 1665 „Principi-

169 1663 239 1697 bus
263 1663 449 1707 placuisse
474 1663 565 1697 viris
591 1674 664 1696 non
692 1663 818 1697 infima
851 1664 931 1698 laus
957 1666 1045 1698 est.”
1062 1684 1103 1688 —
1145 1665 1190 1697 ab
1215 1665 1283 1708 iis,
1318 1665 1395 1699 Md.
1423 1666 1523 1701 vict.
1543 1668 1564 1700 2
1590 1667 1634 1700 ab

169 1709 238 1744 his.
257 1728 301 1734 --
337 1709 476 1752 gratul.
504 1710 559 1744 lit.
586 1714 751 1753 tuarum,
779 1710 962 1754 epistolae
986 1711 1190 1746 CCLXVI.
1210 1730 1252 1735 —
1285 1712 1404 1745 dictae
1429 1711 1465 1745 in
1491 1720 1634 1748 senatu.

169 1775 213 1786 -,-
237 1754 330 1788 nihil
351 1759 414 1796 est,
441 1757 536 1799 quod
552 1783 580 1790 ..
597 1767 667 1790 non
683 1756 730 1790 ε’
746 1756 881 1800 omnia,
908 1757 972 1791 das
991 1757 1171 1800 Hochste,
1198 1759 1356 1791 wonach
1381 1758 1440 1792 ich
1466 1760 1634 1793 trachten

167 1801 376 1836 konme.—
413 1803 506 1844 quod
531 1802 592 1846 liq.
618 1813 692 1836 ver.
720 1803 843 1842 dares,
871 1814 948 1837 was
973 1803 1033 1837 Du
1063 1803 1159 1837 ohne
1173 1804 1393 1848 Bedenken,
1419 1805 1486 1838 mit
1510 1813 1635 1850 gutem

169 1847 367 1882 Gewissen
393 1847 461 1881 der
484 1849 684 1882 &Vahrheit
708 1850 828 1892 geben
854 1849 1042 1884 konntest.
1093 1851 1233 1894 liquido
1258 1862 1304 1883 Ξ
1330 1851 1499 1895 sincere,
1531 1863 1634 1895 vere,

169 1894 265 1928 sicut
296 1894 404 1928 amici
438 1894 532 1927 nihil
558 1895 763 1928 simulantis
789 1895 945 1929 animum
978 1896 1097 1930 decet.
1147 1897 1220 1930 Ein
1252 1897 1403 1931 kleiner
1426 1898 1534 1931 Krall
1570 1899 1637 1932 mit

169 1940 254 1974 dem
292 1939 706 1985 Sammelpsotchenl—
747 1942 793 1975 Et
823 1942 874 1985 si,
907 1943 1035 1976 Lamb.
1066 1944 1169 1978 Quod
1192 1943 1237 1977 si.
1255 1963 1300 1968 -
1340 1954 1462 1977 omnes
1484 1955 1530 1976 Ξ·
1555 1945 1634 1978 lau-

170 1993 239 2020 ter.
266 1986 364 2021 Crat.
390 1996 490 2021 unua.
511 2006 554 2012 -—
574 1990 710 2020 ‘verum
736 1988 857 2031 etiam,
882 1989 1044 2023 sondern
1070 2000 1163 2031 nur,
1189 1989 1284 2023 denn
1311 1990 1422 2023 etiam
1446 1990 1527 2033 gibt
1546 1991 1635 2025 vhier

170 2032 255 2066 eine
270 2031 496 2077 Steigerung
520 2035 613 2067 nach
629 2034 750 2068 Unten
778 2044 835 2067 za.
852 2054 895 2058 —
925 2046 1074 2068 currum
1099 2035 1360 2080 triumphalem
1455 2037 1634 2078 lauream,

170 2089 244 2122 qua
268 2079 536 2123 triumphantes
574 2081 848 2113 coronabantur
871 2092 917 2113 =
942 2092 1049 2125 quem
1076 2081 1374 2126 triumphum.-—
1415 2084 1634 2126 conferrem,

169 2125 297 2159 konnt’
332 2126 390 2159 ich
422 2126 547 2170 gleich
580 2127 735 2160 achten‘}
760 2145 803 2152 —
843 2127 892 2159 ad
920 2139 968 2160 m.
1003 2139 1095 2161 sens.
1122 2140 1167 2161 Ξ
1194 2134 1232 2161 ut
1268 2139 1338 2172 ego
1364 2129 1504 2173 sentio,
1539 2130 1633 2163 nach

169 2170 326 2205 meinem
351 2171 525 2206 Gesiihle.
546 2191 591 2197 --
628 2173 676 2206 ad
703 2199 710 2206 .
730 2199 738 2206 .
765 2173 857 2207 subt.
884 2173 1013 2216 india,
1056 2174 1205 2217 „ienem
1232 2174 1533 2209 unverfalschten
1559 2176 1633 2210 und

171 2226 274 2250 zwar
299 2218 363 2252 od.
399 2218 533 2252 iedoch
557 2219 727 2253 scharfen
754 2219 944 2262 Urtheile,
975 2220 1140 2253 welches
1166 2221 1239 2254 alle
1263 2221 1390 2264 Dinge
1415 2221 1517 2256 bloss
1541 2223 1634 2256 nach

171 2262 291 2296 ihrem
317 2263 482 2298 innerem
506 2266 665 2299 Werthe
687 2266 849 2308 schatzt,
885 2265 1072 2310 zufolge.⁷'
1109 2267 1225 2310 Cato,
1253 2267 1313 2300 ein
1339 2267 1513 2311 Stoi‘ker,
1547 2275 1633 2312 trug

172 2308 245 2342 den
271 2308 479 2344 Grundsatz
503 2311 540 2345 in
566 2311 704 2345 seinem
729 2312 871 2345 Busen:
904 2312 1038 2347 Virtus
1063 2323 1131 2357 per
1157 2324 1196 2347 se
1223 2314 1376 2347 bonum!
1409 2314 1538 2347 Allein
1564 2314 1632 2348 der

172 2354 366 2399 praktisch
393 2356 507 2400 kluge
533 2358 667 2392 Cicero
692 2358 969 2392 verschmiihete
994 2359 1088 2392 auch
1104 2359 1183 2392 Das
1207 2359 1322 2403 nicht,
1348 2371 1426 2393 was
1451 2359 1512 2393 die
1527 2361 1633 2394 Welt

173 2410 215 2435 so
236 2400 355 2434 haben
371 2402 467 2435 will!
500 2403 555 2437 Er
578 2404 660 2448 gibt
684 2404 800 2438 daher
823 2405 906 2438 dem
923 2405 1015 2439 Cato
1040 2415 1086 2439 zu
1111 2406 1321 2447 velstehen,
1347 2406 1426 2439 sein
1452 2405 1632 2441 iudicium

174 2446 231 2481 sei
255 2447 406 2490 subtile,
437 2449 496 2482 fiir
531 2449 591 2483 die
615 2451 720 2484 Welt
751 2450 811 2484 ein
836 2451 960 2495 wenig
984 2461 1030 2484 zu
1055 2452 1152 2485 hoch
1176 2453 1343 2496 gestellt.
1362 2470 1407 2477 —-
1446 2453 1568 2486 oratio
1592 2454 1631 2487 in

172 2497 320 2536 senatu,
355 2493 435 2527 laus
461 2494 619 2529 Ciceron
645 2507 666 2530 a
690 2496 843 2531 Catonei
870 2497 922 2530 ibi
948 2497 1100 2532 tributa.

264 2539 297 2572 2.
336 2540 569 2585 cupiditatis,
595 2542 963 2576 leidenschaftlichen
978 2544 1214 2587 Verlangens
1239 2544 1331 2577 nach
1356 2541 1462 2575 einer
1486 2542 1631 2588 suppli-

173 2584 290 2627 catio,
325 2586 418 2618 nach
449 2586 568 2620 einem
601 2588 793 2633 Triumph.
831 2590 943 2623 Denn
977 2590 1056 2624 Das
1082 2601 1206 2624 waren
1238 2589 1308 2622 mir
1334 2588 1521 2622 ehemahls
1545 2590 1633 2623 sehr

173 2631 444 2675 gleichgiiltige
475 2633 612 2677 Dinge.
645 2634 683 2668 S.
713 2646 769 2678 ep,
789 2635 871 2678 238,
892 2637 947 2670 13.
992 2637 1110 2672 Quum
1140 2636 1274 2669 Cicero
1307 2634 1631 2678 animadverteret,

174 2678 350 2712 Catonem
376 2678 589 2722 improbare
611 2680 829 2724 petitionem
856 2682 1054 2726 triumphi,
1094 2682 1300 2726 prudenter
1325 2680 1449 2714 laudat
1472 2681 1632 2716 liberum

176 2721 294 2758 Stoici
320 2723 515 2770 iudicium,
548 2731 586 2760 et
611 2732 728 2760 tamen
755 2733 852 2763 tecte
877 2727 999 2763 innuit
1021 2739 1061 2765 se
1085 2728 1206 2762 adhuc
1230 2737 1383 2773 sperare
1408 2726 1634 2774 triumphum
