1795 3043
616 65 929 114 EPISTOLA
965 68 1096 115 CCL.
1501 76 1599 124 185

134 178 303 221 cuniam
332 180 620 222 numerarunt.
683 180 776 232 [Et]
814 181 962 233 postea
993 182 1111 221 venit
1150 181 1194 221 in
1223 181 1407 223 mentem
1436 183 1599 224 fenera-

133 237 297 277 toribus
326 239 437 279 nihil
478 250 522 279 se
561 237 708 277 iuvare
744 237 854 277 illud
895 240 1066 278 senatus
1105 241 1363 287 consultum,
1404 240 1514 291 quod
1547 253 1599 280 ex

134 296 373 348 syngrapha
408 297 474 336 ius
512 294 598 335 dici
638 295 707 334 lex
739 294 920 335 Gabinia
957 296 1134 337 vetaret.
1205 297 1311 336 Tum
1353 296 1401 336 fit
1431 299 1598 337 senatus

135 353 390 401 consultum,
421 355 449 403 †
470 354 546 393 UT
571 354 663 391 EX
689 353 774 392 EA
806 354 837 391 S
848 352 1177 392 YNGRAPHA
1206 356 1404 394 ESSET
1431 355 1605 405 QUAM

139 411 424 450 CETERAE
454 408 550 432 ***
581 410 701 448 SED
745 411 822 449 UT
853 409 1084 447 EODEM.
1145 408 1280 455 Quum
1322 411 1428 452 haec
1473 411 1599 450 disse-

132 465 325 514 ruisse1n‚
358 466 520 506 seducit
548 477 613 505 me
633 465 851 517 Scaptius3
882 465 943 505 ait
973 476 1017 504 se
1046 464 1155 504 nihil
1186 467 1495 508 contradicere:
1526 467 1599 508 sed

133 523 232 562 illos
260 526 411 574 putare
441 523 600 563 talenta
629 534 693 563 cc.
725 535 769 561 se
799 520 975 570 debere3
1008 533 1056 561 ea
1079 534 1123 561 se
1148 524 1260 562 velle
1282 524 1497 576 accipere:
1530 525 1600 564 de-

133 577 235 619 bere
254 582 392 621 autem
411 580 507 620 illos
529 579 674 631 paullo
695 578 853 619 minus:
884 579 1017 631 rogat,
1046 580 1093 618 ut
1116 591 1185 619 eos
1201 579 1253 620 ad
1273 592 1334 620 cc.
1354 582 1599 633 perducam.

133 637 377 688 „Optime''‚
418 637 603 688 inquam.
671 636 785 676 Voco
831 637 928 675 illos
977 635 1028 675 ad
1071 649 1161 684 me,
1209 639 1371 676 remoto
1412 638 1597 690 Scaptio.

134 694 276 745 „Quid
305 694 407 736 vos?
437 690 658 745 quantum,
688 693 886 744 inquam,
918 692 1130 732 debetis?’'
1182 693 1474 747 Respondent,
1513 708 1599 736 ενι.

134 750 287 790 Refero
318 751 369 791 ad
401 751 641 803 Scaptium:
684 751 807 790 homo
839 751 1037 791 clamare.
1097 751 1238 802 „Quid
1269 763 1374 803 opus
1404 752 1496 792 est?
1537 753 1601 792 in-

133 819 274 858 quam.
318 807 518 848 Rationes
540 808 808 848 conseratiS.‘’
866 807 1080 854 Assiduut,
1113 807 1377 848 subducunt:
1409 809 1461 849 ad
1484 821 1601 849 num-

132 876 246 904 mum
277 865 487 907 convenit.
547 866 618 905 llli
648 878 691 904 se
721 877 946 904 numerare
974 865 1104 916 velle,
1143 877 1314 917 urgere,
1358 867 1404 905 ut
1435 867 1602 918 accipe-

132 922 215 964 ret.
274 922 470 974 Scaptius
500 935 566 962 me
596 935 740 962 rursus
777 922 963 962 seducitz
998 923 1139 973 rogat,
1176 925 1223 961 ut
1252 935 1343 962 rem
1383 923 1444 963 sic
1474 924 1602 962 relin-

133 990 271 1029 quam.
333 979 441 1019 Dedi
470 980 636 1021 veniam
671 980 831 1019 homini
866 978 1135 1030 impudenter
1167 980 1345 1029 petenti.
1424 980 1602 1020 Graecis

131 1036 408 1088 querentibus
418 1050 431 1085 3
462 1039 508 1077 ut
537 1038 581 1076 in
610 1037 710 1076 fauo
740 1037 1012 1088 deponerent,
1040 1035 1365 1086 postulantibus,
1388 1048 1471 1076 non
1505 1049 1602 1076 con-

132 1094 251 1132 cessi·
290 1094 480 1133 Clamare
510 1105 653 1133 omnes
673 1094 745 1144 qui
765 1093 958 1139 adera-nt,
989 1092 1098 1131 nihil
1118 1092 1405 1144 impudentius
1426 1093 1601 1145 Scaptio

132 1176 263 1203 contra
288 1171 408 1214 legem
434 1182 623 1205 versuram
649 1172 827 1204 facerent.
866 1171 987 1205 fraus
1010 1182 1057 1202 z
1083 1181 1201 1214 poena
1230 1177 1267 1204 et
1292 1171 1474 1213 damnum,
1501 1176 1540 1204 ut
1555 1170 1603 1204 ad

130 1214 262 1251 Famil.
283 1217 358 1259 vl,
381 1218 436 1252 26.
457 1237 500 1242 -
542 1228 726 1251 numerar.
765 1216 938 1262 Scaptius
972 1221 1008 1250 et
1039 1216 1230 1250 Matinius.
1258 1237 1297 1242 —
1338 1217 1418 1260 [Et]
1451 1217 1600 1250 delend.

130 1261 291 1297 videtur.
328 1268 365 1297 at
389 1264 481 1298 Ern.
508 1264 602 1298 coni.
630 1263 715 1298 Sch.
741 1263 834 1297 Lun.
863 1263 935 1297 OR.
955 1281 999 1286 —
1044 1263 1068 1304 †
1088 1262 1158 1296 UT
1178 1263 1251 1296 EX
1277 1288 1284 1297 .
1303 1288 1311 1296 .
1328 1288 1336 1297 .
1366 1263 1603 1297 CETERAE

130 1309 196 1325 *⁶⁴
220 1309 317 1343 SED
346 1309 416 1343 UT
437 1310 628 1344 EODEM.
676 1310 802 1343 Locus
835 1316 1045 1353 corruptus,
1100 1308 1163 1343 Sic
1188 1309 1267 1343 Md.
1295 1309 1366 1342 Ox.
1382 1311 1413 1343 1.
1428 1310 1460 1343 2.
1496 1310 1600 1345 vict.

131 1354 167 1389 2.
195 1355 302 1397 (Item
329 1356 432 1391 Vict.
450 1358 481 1390 l.
509 1356 573 1389 sed
599 1360 633 1388 et
656 1367 725 1400 pro
752 1359 823 1398 ea).
858 1355 1088 1390 Sententiam
1115 1366 1277 1388 mancam
1304 1361 1406 1389 recte
1432 1355 1603 1400 explevit

131 1400 258 1435 Lamb.
287 1401 359 1435 sic:
391 1406 430 1435 ut
455 1413 496 1435 ea
519 1401 731 1447 syngrapha
757 1405 846 1434 esset
872 1403 993 1435 eodem
1018 1402 1100 1435 iocre
1125 1413 1193 1445 quo
1219 1406 1370 1435 ceterae.
1417 1402 1502 1435 Non
1528 1412 1601 1434 me-

131 1447 227 1480 liore
261 1459 367 1491 quam
399 1452 559 1489 ceterae3
596 1449 659 1481 sed
691 1452 730 1480 ut
761 1449 895 1483 eodem.
944 1448 1047 1481 Idem
1073 1454 1251 1481 tentatum
1284 1448 1320 1480 in
1347 1447 1429 1481 cod.
1458 1447 1601 1490 Ursini,

132 1504 241 1535 quem
268 1494 385 1528 secuti
410 1502 493 1528 sunt
519 1494 604 1528 sch.
624 1494 719 1527 Liin.
741 1494 849 1527 Bent.
876 1504 947 1526 non
972 1497 1010 1525 ut
1036 1494 1111 1526 alio
1137 1504 1179 1526 ea
1203 1493 1416 1537 syngrapha
1441 1495 1522 1527 iure
1547 1504 1603 1526 es-

131 1543 186 1572 set
211 1551 315 1583 quam
342 1545 498 1582 ceteram
523 1540 586 1573 sed
601 1544 639 1572 ut
658 1540 791 1572 eodem.
820 1539 895 1573 Sed
920 1538 1026 1572 nimis
1047 1539 1117 1572 ista
1141 1540 1320 1573 recedunt
1346 1550 1367 1572 a
1385 1539 1498 1573 solito
1523 1540 1603 1573 for-

132 1586 315 1619 mularum
342 1597 512 1620 sermone
537 1592 606 1620 cet.
637 1586 833 1619 ORELLI.
873 1584 982 1619 Sinn:
1011 1585 1109 1628 „der
1133 1586 1239 1619 mehr
1263 1586 1416 1628 besagte
1442 1585 1603 1620 Schuld-

133 1631 236 1665 brief
256 1633 368 1666 sollte
395 1633 486 1666 eben
513 1642 554 1665 so
580 1632 678 1665 viele
706 1631 917 1675 Gultigkeit
942 1631 995 1664 als
1021 1632 1094 1665 alle
1127 1634 1290 1668 anderen
1316 1632 1472 1666 haben.'’
1509 1633 1602 1676 Vgl.

133 1689 192 1722 ep.
211 1679 379 1714 CCLYI:
407 1679 573 1712 decrevit
593 1684 754 1721 senatus,
781 1684 821 1711 ut
851 1678 908 1711 ius
935 1677 1125 1711 diceretur
1150 1678 1221 1712 ista
1243 1679 1470 1723 syngrapha.
1495 1679 1604 1713 Nunc

131 1723 205 1758 ista
229 1725 341 1758 habet
359 1725 450 1758 iuris
468 1725 564 1758 idem
588 1725 688 1768 quod
705 1732 864 1766 ceterae,
881 1724 975 1757 nihil
992 1724 1198 1768 praecipui.
1210 1744 1256 1750 —
1290 1726 1403 1759 Quum
1419 1724 1506 1759 haec
1527 1725 1604 1758 dis-

130 1781 218 1811 ser„
239 1772 292 1805 als
309 1771 368 1804 ich
387 1771 468 1805 dem
484 1771 657 1816 Scaptius
678 1771 739 1804 die
756 1771 884 1805 wahre
897 1770 1078 1814 Meinung
1094 1770 1296 1805 u.Absicht
1313 1771 1438 1804 dieser
1450 1771 1604 1806 Senats-

133 1817 300 1851 schlusse
332 1818 554 1859 begreitlich
591 1818 759 1861 gemacht
790 1818 902 1851 hatte.
927 1835 970 1843 —
1014 1818 1151 1850 talenta
1177 1829 1226 1851 cc.
1254 1828 1292 1849 se
1317 1818 1456 1852 debere.
1503 1817 1604 1853 Vide

132 1863 223 1897 mihi
248 1863 357 1897 huius
383 1864 526 1909 Scaptii
552 1864 744 1904 malitiam,
772 1863 888 1904 dolis,
918 1863 1120 1897 mendaciis
1146 1863 1416 1906 fraudibusque
1442 1863 1604 1907 consuti,

133 1909 199 1952 qui
237 1921 306 1954 pro
334 1911 425 1945 CVI
456 1910 604 1950 talentis
636 1911 696 1944 CC
729 1909 900 1954 accipere
933 1910 1098 1943 volebat.
1133 1909 1241 1945 SCH.
1261 1928 1303 1934 -
1352 1914 1491 1943 remoto
1524 1910 1602 1951 Sa,

132 1956 310 1990 nachdem
346 1957 406 1990 ich
440 1957 510 1990 deu
538 1956 711 2001 Scaptius
738 1957 839 1990 hatte
864 1956 1033 1989 abtreten
1058 1957 1193 1990 lassen.
1219 1975 1261 1980 —
1297 1957 1431 1998 Refero
1457 1957 1505 1990 acl
1529 1956 1603 1999 Sc.‚

133 2001 195 2035 ich
221 2003 342 2036 melde
369 2003 432 2037 das
458 2002 539 2036 dem
566 2002 625 2037 Sc.
644 2023 689 2028 —
721 2003 893 2036 clamare.
920 2002 1062 2037 Infinit.
1089 2003 1219 2036 histor.
1236 2021 1277 2027 -—
1316 2003 1411 2038 Quid
1431 2013 1519 2047 opus
1537 2006 1604 2045 est,

132 2058 244 2082 wozu
271 2049 334 2082 das
361 2048 563 2083 Schreien?
582 2069 626 2074 —
659 2050 743 2083 Rae.
770 2050 883 2091 confi,
915 2050 1070 2083 reclinet
1100 2059 1329 2092 zusammen3
1366 2050 1488 2083 macht
1513 2059 1605 2082 eure

133 2093 399 2139 Berechnung!
419 2115 462 2120 —
500 2096 601 2129 subd.
627 2096 682 2130 sie
709 2096 882 2129 rechnen.
900 2115 943 2120 —-
974 2097 1022 2129 ad
1047 2106 1179 2129 numm.
1207 2106 1329 2139 conv„
1363 2094 1423 2129 die
1448 2095 1604 2139 Angabe

133 2141 203 2174 der
229 2141 450 2176 Salaminier
475 2142 569 2176 trifft
595 2143 659 2175 aus
680 2142 788 2175 einen
806 2142 969 2186 Psennig
995 2142 1074 2184 ein3
1101 2142 1156 2175 sie
1180 2152 1308 2175 waren
1334 2141 1409 2175 ihm
1434 2142 1513 2175 also
1535 2151 1606 2175 nur

136 2187 225 2222 CVI
251 2188 435 2231 schuldig.
456 2207 502 2214 —
543 2188 612 2222 Illi
636 2188 777 2231 dicunt,
802 2189 874 2222 imo
901 2188 1041 2231 dicere,
1068 2188 1142 2222 wie
1167 2199 1303 2231 urgere
1327 2188 1435 2222 Infin.
1464 2188 1606 2222 hist.—

135 2237 265 2267 utrem
281 2235 335 2267 sic
350 2235 554 2278 relinquam
579 2234 604 2268 i.
628 2246 662 2268 e.
687 2246 734 2268 ne
761 2235 969 2277 decernam,
994 2234 1060 2268 sed
1083 2246 1162 2268 rem
1187 2234 1360 2268 infectam
1382 2233 1604 2277 relinquam.

135 2280 243 2313 SCH.
282 2281 369 2323 „die
396 2281 514 2315 Sache
539 2292 607 2314 vor
632 2281 699 2315 der
723 2282 833 2315 Hand
858 2291 903 2314 zu
929 2281 1070 2323 lassen‚
1096 2280 1171 2314 wie
1195 2281 1250 2315 sie
1276 2281 1409 2324 liege.⁷⁷
1426 2299 1470 2306 —
1509 2279 1608 2314 Dedi

138 2337 237 2367 ven„
264 2326 323 2359 ich
350 2327 420 2369 gab
444 2328 519 2360 ihm
545 2327 695 2361 endlich
720 2329 833 2370 nach,
865 2327 1071 2361 willfahrte
1097 2327 1193 2371 ihm,
1230 2328 1309 2361 that
1333 2327 1409 2360 ihm
1433 2326 1505 2360 den
1531 2326 1609 2360 Ge-

136 2372 261 2405 t‘allen.
297 2372 430 2406 Cicero
457 2374 534 2406 that
561 2373 641 2416 das,
667 2374 757 2408 weil
774 2373 946 2418 Scaptius
962 2373 1040 2407 sich
1057 2373 1159 2407 nicht
1176 2372 1418 2417 vergleichen
1444 2373 1608 2406 wollte

137 2418 211 2451 und
238 2418 273 2451 in
301 2417 445 2452 Sachen
472 2420 539 2453 der
563 2421 635 2455 Art
659 2420 875 2454 iuristische
901 2419 1061 2464 Strenge
1092 2419 1195 2453 nicht
1227 2419 1388 2454 rathlich
1412 2429 1513 2461 war,
1552 2419 1608 2452 in-

138 2464 220 2498 dem
253 2475 334 2497 man
370 2464 450 2498 sich
485 2476 554 2498 vor
590 2466 673 2499 dem
706 2467 896 2500 Unwillen
930 2466 997 2500 der
1030 2467 1137 2508 Rom.
1169 2466 1401 2499 feneratores
1435 2464 1537 2498 wohl
1570 2464 1609 2498 in

137 2511 234 2545 Acht
269 2520 313 2543 zu
351 2512 506 2545 nehmen
542 2513 654 2546 hatte.
721 2512 950 2547 Ueberdiess
991 2523 1071 2546 war
1102 2513 1241 2547 Brutus
1275 2512 1342 2546 der
1379 2510 1608 2554 eigentliche

139 2557 346 2600 Glaubiger
372 2557 439 2591 der
455 2557 689 2593 Salaminier.
717 2558 753 2594 S.
771 2571 830 2604 ep.
846 2558 996 2602 CCLH,
1013 2559 1046 2593 5.
1059 2577 1104 2583 —
1138 2558 1303 2601 Graecis,
1324 2556 1609 2592 Salaminiorum

139 2603 296 2646 legatis,
330 2614 429 2647 quer.
453 2605 566 2638 ablat.
593 2605 709 2638 absol.
728 2624 772 2630 —
807 2610 845 2638 ut
870 2605 909 2638 in
934 2607 1020 2648 fano
1054 2606 1154 2649 dep.‚
1189 2605 1281 2648 „das
1307 2603 1404 2638 Geld
1436 2602 1494 2636 bis
1525 2613 1610 2636 zum

137 2651 302 2693 Austrag
328 2651 395 2683 der
422 2649 540 2684 sache
572 2651 610 2684 iu
636 2651 757 2685 einem
783 2652 941 2695 Tempel
967 2652 1202 2695 hinterlegen
1229 2661 1275 2685 zu
1302 2650 1483 2691 diirfen3’⁷
1519 2648 1611 2683 weil

138 2706 212 2729 von
239 2696 322 2729 dem
350 2696 452 2739 Tage
479 2708 541 2739 an,
573 2709 635 2730 wo
661 2697 784 2732 dieses
810 2697 907 2733 Geld
940 2708 986 2731 zu
1011 2697 1131 2731 einem
1156 2697 1343 2742 Deposito
1369 2694 1521 2738 wmde,
1547 2694 1610 2728 die

143 2741 278 2776 Zinsen
305 2752 352 2778 zu
377 2742 501 2778 lausen
528 2744 736 2778 authorten.
758 2762 801 2771 —
835 2744 929 2778 nihil
953 2755 1000 2780 τ.
1022 2744 1216 2779 neminem.
1252 2742 1291 2779 S.
1309 2742 1461 2779 Ramsh.
1487 2742 1610 2786 §.203‚
