1795 3043
402 58 713 109 EPISTOLA
748 57 1078 107 cccnxvm.
1188 129 1192 131 α
1373 64 1474 116 507

28 171 199 227 Cicero,
236 172 396 229 cogita,
435 183 491 215 ne
516 175 560 215 te
586 173 763 226 tuosque
791 183 934 214 omnes
962 171 1154 213 funditus
1181 174 1367 213 evertas:
1420 185 1475 214 ne

27 232 72 272 te
99 232 235 273 sciens
264 230 530 284 prudensque
547 243 598 271 eo
620 230 835 282 demittas,
865 230 975 270 unde
999 230 1156 271 exitum
1173 229 1290 271 vides
1309 230 1473 271 nullum

28 300 131 330 esse.
190 288 310 336 Quod
348 288 384 330 si
420 289 464 329 te
508 290 581 329 aut
618 300 742 329 voces
783 287 1048 340 optimatium
1087 289 1351 328 commovent
1400 289 1476 327 aut

27 346 326 386 nonnullorum
351 346 567 386 hominum
595 344 861 386 insolentiam
889 346 932 385 et
959 344 1230 386 iactationem
1248 346 1359 385 ferre
1387 356 1472 384 non

27 406 169 454 potes:
207 404 337 456 eligas
365 415 515 444 censeo
544 402 713 454 aliquod
730 401 932 455 oppidum
961 414 1140 443 vacuum
1170 402 1342 450 abello,
1374 401 1472 442 dum

27 458 134 501 haec
173 458 481 513 decernuntur,
518 471 625 512 quae
662 460 746 500 iam
787 460 911 499 erunt
950 460 1157 501 confecta.
1213 459 1261 499 Id
1301 459 1337 500 si
1364 460 1507 500 fece-A

27 516 107 613 ηέ,
138 518 200 614 det:
237 529 312 571 ego
351 519 394 559 te
423 516 635 571 sapienter
663 516 814 558 fecisse
842 515 1039 557 iudicabo
1069 518 1112 556 et
1141 516 1361 558 Caesarem
1388 527 1472 557 non

25 583 50 613 ο
84 584 134 614 en
167 585 223 615 es.
544 602 547 603 ν

192 756 501 804 EPISTOLA
535 755 865 804 CCCLXVIII.
910 756 992 815 (ad
1021 756 1112 802 Att.
1146 757 1200 802 X.
1235 758 1307 816 5.)

68 843 154 880 Ser.
178 842 215 880 in
241 846 406 881 Cumano
432 856 465 880 a.
490 844 526 880 d.
551 844 643 882 XV.
661 844 745 879 Kal.
771 843 859 879 Mai.
885 846 931 879 A.
954 843 1001 879 U.
1029 844 1071 879 C.
1097 844 1178 880 705.
1211 846 1259 888 (a.
1287 844 1328 879 C.
1353 844 1428 886 49.)

24 910 86 947 ne
109 912 171 948 die
195 913 342 949 itineris
367 913 526 948 nondum
551 924 592 948 se
615 912 865 948 constituisse.
897 915 930 948 1.
981 913 1028 947 de
1059 914 1179 948 altero
1205 925 1286 947 cum
1311 912 1474 948 Curione

25 959 234 1005 colloquio;
267 961 313 995 de
338 961 381 997 Q.
409 960 488 995 filio
514 961 691 1005 regendo.
717 961 749 994 2.
787 960 833 994 de
859 960 1020 1004 epistola
1044 960 1090 994 ad
1103 960 1321 995 Vestorium
1346 959 1475 1003 missa;

92 1012 168 1041 tum
191 1006 239 1041 de
262 1006 414 1052 negotio
439 1007 553 1052 empti
578 1006 779 1040 diversorii
803 1017 825 1039 a
849 1006 1038 1042 Vectieno
1064 1011 1214 1049 curato;
1246 1005 1410 1050 denique

535 1052 582 1087 de
606 1052 723 1087 Attici
746 1051 893 1086 itinere.
925 1053 960 1087 3.

509 1132 698 1167 CICERO
726 1131 920 1166 ATTICO
945 1129 987 1167 S.

134 1200 199 1242 De
235 1203 323 1242 tota
357 1213 452 1243 mea
479 1203 734 1255 cogitatione
773 1201 927 1253 scripsi
957 1200 1010 1241 ad
1038 1201 1082 1241 te
1109 1202 1232 1242 antea
1261 1201 1384 1250 satis,
1427 1202 1477 1242 ut

24 1257 128 1299 mihi
157 1259 274 1299 visus
289 1272 403 1307 sum,
435 1258 671 1312 diligenter.
729 1258 794 1298 De
815 1258 884 1298 die
911 1258 1022 1298 nihil
1050 1269 1149 1298 sane
1177 1259 1315 1310 potest
1343 1257 1477 1299 scribi

26 1315 132 1357 certi
162 1316 332 1367 praeter
361 1316 466 1357 hoc:
504 1327 588 1355 non
619 1316 716 1356 ante
745 1316 888 1355 lunam
907 1326 1070 1367 novam.
1130 1314 1323 1356 Curionis
1338 1327 1472 1356 sermo
1496 1322 1525 1361 2

23 1373 228 1425 postridie
257 1372 433 1414 eandem
460 1372 613 1413 habuit
640 1373 731 1412 fere
760 1384 985 1424 summam,
1032 1370 1116 1412 nisi
1144 1372 1255 1423 quod
1285 1373 1476 1424 apertius

24 1429 276 1483 significavit
304 1443 348 1471 se
378 1431 528 1471 harum
550 1441 694 1469 rerum
722 1430 882 1470 exitum
910 1428 1175 1470 non-videre.
1233 1429 1352 1476 Quod
1372 1429 1477 1470 mihi

24 1487 195 1527 mandas
225 1487 277 1527 de
307 1487 464 1535 Quinto
493 1485 697 1540 regendo,
738 1482 966 1535 Ἀρκαδίαν.
1025 1486 1181 1526 Tamen
1219 1486 1330 1526 nihil
1358 1499 1478 1539 prae-

25 1544 264 1584 termittam.
321 1543 460 1596 Atque
488 1544 649 1584 utinam
679 1544 743 1584 tu!
790 1543 874 1584 Sed
901 1543 1120 1583 molestior
1137 1554 1221 1583 non
1243 1555 1331 1586 ero.
1377 1544 1479 1596 Epi-

114 1665 149 1700 5.
185 1667 310 1709 cogita
332 1678 378 1701 =
403 1677 502 1702 cave.
541 1685 587 1692 —
631 1677 675 1699 ne
706 1670 740 1700 te
769 1666 887 1700 sciens
911 1692 920 1700 .
938 1692 946 1700 .
965 1693 973 1701 .
1001 1677 1041 1700 eo
1078 1668 1264 1710 demittas,
1305 1667 1389 1702 dass
1412 1669 1477 1703 Du

25 1709 123 1746 Dich
149 1713 250 1747 nicht
274 1713 340 1747 mit
354 1713 504 1750 Wissen
530 1713 605 1747 und
624 1712 767 1747 vvillen
791 1712 829 1746 in
855 1712 938 1747 eine
964 1713 1093 1748 Grube
1117 1715 1379 1749 herablassest.
1415 1726 1482 1749 nec

24 1760 101 1793 Att.
127 1777 171 1784 —
205 1760 307 1796 Quod
329 1760 364 1793 si
388 1786 397 1794 .
417 1785 424 1794 .
441 1788 449 1795 .
475 1763 716 1802 commovent,
740 1758 885 1793 wirken
910 1760 1000 1793 aber
1019 1760 1248 1803 gleichwohl
1270 1760 1331 1795 die
1347 1760 1479 1795 Reden

26 1803 94 1838 der
110 1805 322 1849 Optimaten
346 1816 388 1840 so
412 1806 516 1840 stark
540 1807 605 1839 auf
615 1805 714 1840 Dein
728 1805 897 1840 Gemiith.
922 1825 966 1831 —
999 1807 1273 1849 nonnullorum,
1299 1805 1481 1850 gewisser

25 1851 155 1886 Leute.
185 1871 231 1878 —
278 1853 363 1886 dum
387 1877 396 1886 .
421 1876 430 1885 .
449 1878 458 1886 .
485 1853 746 1894 decernuntur,
784 1852 962 1887 wahrend
987 1852 1054 1887 od.
1080 1853 1233 1896 solange
1259 1853 1352 1887 iiber
1376 1853 1480 1887 diese
1514 1888 1523 1897 ,

27 1897 173 1930 Handel
209 1898 410 1941 gefochten
444 1897 562 1941 wird,
612 1897 673 1932 die
707 1898 830 1932 sicher
865 1899 952 1932 bald
989 1899 1206 1942 abgemacbt
1241 1899 1336 1933 sind.
1397 1899 1480 1934 Der

28 1943 270 1978 CCCLXXII
293 1943 404 1978 Brief
424 1942 472 1978 ist
495 1944 557 1978 die
581 1945 755 1979 Antwort
777 1944 840 1978 auf
863 1945 991 1979 diesen
1017 1945 1127 1979 Brief
1142 1945 1208 1979 des
1233 1945 1368 1979 celius.

118 1991 150 2023 1.
190 1991 245 2024 De
276 2013 286 2023 .
309 2015 318 2025 .
348 2001 428 2023 mea
459 1993 591 2033 cogit„
632 1991 724 2025 iiber
754 1990 851 2024 mein
883 1991 1100 2028 Vorhaben.
1134 2010 1179 2016 -
1227 1992 1270 2025 de
1301 1991 1361 2025 die
1391 2002 1479 2036 pro-

28 2035 201 2070 fectionis
226 2047 328 2071 meae
352 2037 389 2070 in
416 2036 622 2071 Graeciam.

118 2081 152 2116 2.
188 2084 334 2117 eandem
361 2107 369 2115 .
388 2109 395 2116 .
417 2108 425 2116 .
450 2093 647 2125 summam,
684 2092 792 2126 quam
823 2083 950 2127 prior,
995 2082 1197 2117 denselben
1223 2082 1366 2126 Inhah,
1405 2082 1480 2117 wie

29 2137 140 2161 unser
165 2136 284 2163 erstes
309 2129 508 2174 Gesprach.
558 2128 598 2164 S.
625 2138 683 2173 ep.
707 2129 946 2172 CCCLXVI‚
970 2130 992 2165 8
1016 2129 1055 2163 ff.
1080 2148 1124 2154 —-
1170 2131 1349 2173 apertius,
1384 2129 1481 2163 noch

31 2174 184 2208 offener.
209 2194 254 2200 —
302 2175 381 2209 har.
408 2186 479 2209 rer.
507 2175 609 2217 exit„
639 2174 774 2209 keinen
800 2176 976 2220 Ausgang
1001 2186 1065 2209 aus
1090 2185 1236 2209 unserm
1261 2176 1481 2220 gegenwar-

31 2219 132 2263 tigen
158 2221 355 2256 Zustande.
383 2240 427 2247 —
475 2222 518 2255 de
544 2221 675 2256 Quinto
709 2221 831 2257 fratris
856 2222 936 2256 filio
970 2222 1149 2264 regendo,
1182 2233 1289 2265 quem
1323 2233 1410 2255 mox
1434 2221 1479 2255 ad

32 2272 171 2310 patrem
203 2274 240 2301 et
270 2274 439 2313 patruum
470 2268 675 2302 rediturum
710 2278 791 2302 esse
829 2267 974 2303 Atticus
1009 2267 1252 2302 nuntiaverat.
1292 2267 1398 2301 SCH.
1435 2286 1479 2292 —

30 2314 292 2359 Ἀρκαδίαν,
326 2315 417 2357 „das
448 2314 564 2349 heisst
594 2314 699 2348 mehr
729 2324 800 2347 von
834 2315 904 2348 mir
933 2313 1121 2358 verlangt,
1166 2314 1222 2348 als
1248 2313 1307 2347 ich
1332 2313 1405 2348 Dir
1433 2324 1480 2348 zu

31 2360 166 2394 leisten
192 2362 377 2404 vermag.”
408 2361 633 2395 Hexameter
652 2360 799 2404 integer
813 2359 866 2394 sic
883 2371 922 2394 se
938 2361 1066 2394 habet:
1091 2361 1278 2408 Ἀρκαδίαν
1302 2364 1338 2404 μ’
1357 2363 1480 2402 αἰτεῖς,

32 2408 125 2451 μέγα
147 2410 183 2449 μ’
202 2410 328 2447 αἰτεῖς,
361 2406 458 2442 οὔτοι
482 2406 606 2449 δώσω,
648 2407 853 2441 Arcadiam
875 2416 930 2439 me
956 2406 1095 2450 poscis,
1129 2417 1206 2440 rem
1228 2416 1401 2448 magnam
1426 2417 1482 2440 me

28 2452 172 2496 poscis,
203 2463 423 2496 nequaquam
447 2453 550 2486 dabo.
596 2453 866 2496 Proverbium,
891 2463 1001 2496 quum
1025 2453 1109 2497 quis
1133 2452 1246 2497 petit,
1271 2452 1370 2495 quod
1394 2452 1479 2486 fieri

33 2509 107 2532 non
132 2504 256 2542 potest
280 2505 341 2531 aut
366 2497 623 2533 difficillimum
651 2506 715 2533 est.
765 2500 802 2534 Is
831 2510 960 2533 versus
993 2499 1145 2533 oraculo
1171 2497 1293 2532 editus
1319 2504 1393 2538 est,
1434 2498 1481 2532 dc

34 2555 108 2588 quo
132 2544 344 2578 Herodotus
370 2546 412 2586 1,
437 2546 492 2579 66.
519 2545 749 2580 ERNESTI.
781 2545 989 2580 Notandum
1013 2556 1103 2578 vero
1128 2555 1174 2578 ex
1201 2543 1271 2576 hoc
1294 2544 1479 2578 versiculo

34 2591 252 2625 Ciceronem
286 2591 412 2634 priora
444 2597 581 2624 tantum
618 2592 733 2626 verba
761 2593 850 2640 Ἀρκ.
876 2618 884 2626 .
904 2617 912 2625 .
933 2617 941 2626 .
966 2595 1002 2637 μ’
1023 2595 1133 2631 αἰτεῖς
1167 2588 1281 2623 Attici
1306 2589 1480 2635 petitioni

11 2654 13 2665 ι
35 2637 81 2669 de
108 2637 244 2672 Quinto
271 2647 472 2681 opponere.
507 2637 611 2671 SCH.
650 2638 725 2672 Zur
748 2636 867 2673 sache
891 2638 964 2681 vgl.
989 2648 1048 2682 ep.
1065 2635 1298 2678 CCCLXVI,
1324 2638 1346 2670 5
1370 2636 1408 2670 ff.
1435 2653 1479 2662 --

12 2687 246 2726 {praelernffi
270 2683 468 2723 negligam.
493 2701 538 2710 --
569 2684 708 2717 utinam
733 2688 769 2716 tu
793 2684 873 2730 ipse
898 2694 978 2717 eum
1004 2693 1137 2726 regere
1162 2692 1304 2726 posses.
1329 2701 1373 2708 ——
1403 2694 1480 2716 mo-

36 2728 174 2763 lestior.
212 2728 275 2764 Sic
299 2729 398 2765 vict.
426 2729 459 2763 2.
491 2730 688 2764 modestior
712 2730 806 2765 Cett.
853 2729 953 2764 Illud
976 2728 1169 2765 Manutius
1194 2727 1478 2773 interpretatur:
