1795 3043
144 92 246 141 462
329 144 331 147 ¹
399 85 465 133 M.
501 84 557 129 T.
593 54 936 129 CICERoNis
970 81 1346 132 EPISTOLAE.

146 199 294 241 eadem
323 198 502 252 epistola
531 193 617 236 alio
643 195 764 237 loco:
813 195 930 236 Nihil
957 196 1216 249 relinquitur·
1249 200 1336 238 nisi
1363 197 1506 253 fuga.-
1543 203 1613 242 cui

145 266 188 299 te
216 260 375 299 socium
405 256 651 307 neutiquam
675 259 782 305 puto
812 267 900 294 esse
929 260 1126 305 oportere
1144 268 1221 294 nec
1242 269 1430 308 unquam
1443 260 1611 307 putavi.

95 326 123 365 7
146 313 295 356 Totam
319 313 460 353 autem
484 311 595 351 hanc
615 309 962 350 deliberationem
991 310 1153 350 evolvis
1184 311 1426 352 accuratius
1450 311 1494 351 in
1517 312 1614 352 lite-

144 373 206 414 ris
235 382 334 412 v111.
365 367 542 409 Kalend.
571 367 696 408 Mart.
727 367 853 408 datis:
903 369 952 408 Si
981 368 1053 406 M'ss
1084 369 1270 421 Lepidus
1299 370 1424 415 etL.
1460 371 1612 410 Volca-

145 433 229 470 tius
258 433 502 479 remanent,
534 426 789 466 manendum
812 431 944 478 Ριιῒο,
971 427 1037 465 ita
1065 431 1134 477 ut,
1163 429 1204 467 si
1230 428 1377 467 salvus
1406 429 1466 467 sit
1484 427 1612 467 Pom-

138 490 260 539 peius
290 491 332 524 et
361 487 602 525 constiterit
619 483 800 535 alicubi,
838 484 949 522 hanc
978 482 1145 520 νεκυιάν
1173 486 1393 536 relinquas
1423 490 1466 524 et
1492 489 1535 522 te
1564 486 1612 524 in

144 545 380 583 certamine
408 545 522 582 vinci
557 556 651 581 cum
680 542 757 580 illo
786 540 969 590 facilius
991 543 1206 592 patiaris,
1251 554 1381 593 quam
1412 555 1506 581 cum
1536 540 1615 580 hoe

143 604 190 641 in
220 614 299 647 ea,
340 614 449 653 quae
481 601 740 651 perspicitur
768 598 952 647 futura,
1000 599 1179 638 colluvie
1209 612 1411 652 regnare.
1470 595 1612 637 Multa

143 657 335 710 disputas
363 656 464 696 huic
493 653 729 695 sententiae
757 652 1065 695 convenientia.
1123 653 1227 694 Inde
1267 653 1323 693 ad
1359 654 1616 695 extremum}

145 715 257 763 Quid
290 718 351 766 si,
399 712 562 764 inquis,
608 711 793 763 Lepidus
832 717 876 750 et
916 711 1138 750 Volcatius
1177 712 1430 752 discedunt?
1481 713 1616 762 plane

143 768 300 819 ἀποροῖ.
361 770 484 820 Quod
521 771 712 809 evenerit
740 771 875 822 igitur
911 773 953 805 et
981 767 1095 820 quod
1123 772 1283 821 egeris,
1327 770 1374 808 id
1402 766 1617 815 στερκτέον

138 830 315 882 putabo.
390 827 437 867 Si
465 828 556 866 tum
587 824 824 872 dubitem-as,
869 835 984 862 nunc
1015 824 1133 863 certe
1170 836 1255 865 non
1286 824 1480 874 dubitas,
1523 822 1618 865 istis

91 905 120 944 8
141 884 426 927 manentibus.
491 882 656 924 Deinde
699 881 744 921 in
781 881 874 933 ipsa
910 881 1008 932 fuga
1046 892 1086 921 v.
1118 880 1214 921 Kal.
1244 880 1391 923 Mart.t
1436 884 1615 922 Interea

144 958 231 984 non
262 943 433 991 dubito,
480 945 582 994 quin
622 943 667 979 in
697 938 932 978 Formiano
962 950 1193 980 mansurus
1222 941 1294 978 sis.
1358 939 1617 979 Commodis-

141 1006 246 1042 sime
276 1002 388 1040 enim
416 996 462 1037 τό
491 998 639 1046 μέλλον
666 996 727 1035 ibi
755 990 1059 1042 καραδοκήσεις.
1117 993 1183 1035 Ad
1208 994 1308 1036 Kal.
1329 994 1456 1035 Mart.
1485 1006 1616 1046 quum

142 1058 218 1098 ille
249 1057 443 1108 quintum
471 1055 558 1095 iam
587 1053 696 1092 diem
711 1050 930 1092 Brundisii
953 1051 1080 1091 esset:
1126 1053 1230 1091 Tum
1256 1056 1492 1104 poterimus
1514 1053 1616 1092 deli-

141 1118 320 1166 berare,
359 1127 448 1155 non
476 1114 639 1152 scilicet
667 1106 840 1163 integra
871 1122 940 1158 re,
982 1109 1059 1146 sed
1086 1116 1200 1148 certe
1229 1112 1370 1149 minus
1399 1110 1613 1159 infracta,

141 1171 269 1226 quam
296 1175 336 1210 si
363 1184 451 1210 una
477 1170 708 1220 proieceris
726 1172 780 1204 te.
841 1163 1005 1203 Deinde
1036 1175 1095 1204 1v.
1117 1163 1261 1204 Nonas
1280 1164 1408 1205 Mart.
1439 1164 1521 1203 ὑπο
1540 1163 1618 1213 τήν

138 1229 262 1281 λῆψιν
301 1239 432 1277 quum
469 1224 657 1264 breviter
697 1220 932 1270 scribereS‚
979 1221 1122 1259 tamen
1169 1220 1294 1273 ponis
1339 1222 1446 1262 hocz
1509 1225 1619 1263 Cras

139 1287 326 1329 scribam
352 1285 485 1335 plura
515 1287 557 1321 et
586 1280 646 1320 ad
674 1280 845 1318 omnia:
884 1278 963 1316 hoc
992 1284 1139 1317 tamen
1169 1280 1334 1326 dicam,
1365 1292 1453 1319 non
1469 1282 1619 1332 poeni-

141 1431 365 1466 inconstanS.
414 1425 551 1461 Cicero
583 1422 788 1467 scripserat
818 1431 934 1466 supra
965 1431 1024 1465 ep.
1053 1422 1145 1456 325:
1182 1422 1377 1465 significas
1412 1423 1510 1458 enim
1546 1423 1621 1458 ali-

141 1480 275 1521 quanto
308 1483 412 1508 secus
446 1482 555 1518 quam
587 1469 753 1513 solebas,
794 1471 833 1501 ut
866 1468 979 1501 etiam
1009 1468 1148 1513 Italia,
1187 1470 1223 1504 si
1254 1470 1320 1504 ille
1352 1470 1475 1512 cedat,
1513 1475 1621 1517 putes

139 1522 351 1557 cedendam.

234 1582 269 1614 7.
302 1578 413 1612 VIII.
439 1575 530 1610 Kal.
556 1573 700 1615 Mart„
724 1582 810 1605 vom
835 1570 890 1605 22.
908 1571 1087 1606 Februar.
1116 1591 1159 1598 —
1199 1572 1269 1607 M’.
1297 1572 1468 1618 Lepidus.
1505 1573 1545 1610 S.
1571 1584 1619 1609 zu

141 1638 201 1672 ep.
217 1624 418 1665 CCCXLI,
442 1623 476 1656 2.
511 1618 795 1661 CCCXXXIX,
821 1617 843 1650 2
867 1627 924 1650 am
944 1618 1065 1651 Ende.
1092 1637 1135 1643 —
1176 1619 1222 1652 L.
1255 1617 1444 1655 Volcatius
1469 1621 1617 1656 Tullus.

141 1673 182 1708 S.
210 1683 257 1706 zu
283 1671 343 1716 ep.
363 1667 656 1709 CCCXXXIX,
681 1665 704 1699 2
733 1675 789 1698 am
815 1663 934 1697 Ende·
976 1664 1230 1708 CCCXXIV,
1255 1666 1287 1700 3.
1321 1687 1365 1692 —
1419 1669 1544 1701 salvus
1568 1670 1619 1701 sit

139 1719 166 1753 i.
194 1730 226 1752 e.
256 1716 419 1752 evaserit
443 1716 640 1750 Caesarem
666 1711 790 1744 salvus
815 1710 876 1743 vel
900 1716 1191 1754 persequentem
1218 1712 1278 1745 vel
1291 1712 1488 1747 Brundisii
1515 1713 1621 1748 obsi-

140 1766 302 1800 dentem.
334 1761 453 1798 ERN.
479 1780 524 1786 —
572 1758 800 1799 constiterit,
835 1757 957 1789 festen
980 1757 1075 1790 Fuss
1100 1758 1240 1800 gelasst
1264 1758 1387 1792 haben
1412 1761 1544 1804 sollte3
1575 1765 1618 1794 ut

141 1818 227 1856 post
251 1813 387 1845 sactum
423 1807 472 1842 ad
495 1804 776 1852 Dyrrhachium
802 1802 841 1835 in
865 1802 997 1847 Epiro.
1037 1803 1157 1837 ERN.
1195 1822 1238 1828 -
1289 1805 1382 1839 hanc
1412 1810 1615 1842 veuvt'av.

140 1857 330 1902 Respexit
354 1854 503 1889 Atticus
535 1852 582 1886 ad
607 1854 750 1886 venvc'av
776 1849 930 1882 Homeri
958 1849 1100 1894 Odyssi
1123 1855 1175 1892 Λ,
1215 1862 1326 1894 quum
1352 1853 1526 1886 Caesaris
1552 1863 1617 1886 co-

139 1904 309 1938 mitatum
335 1903 480 1938 venvc'av
506 1903 670 1933 vocaret.
718 1896 829 1938 Nam,
862 1895 1172 1938 quemadmodum
1198 1898 1350 1931 umbrae
1375 1898 1421 1931 ad
1439 1898 1615 1943 Ulyssem

137 1951 177 1985 in
203 1952 330 1995 φιεκυίᾳ
355 1946 510 1982 Homeri
536 1944 728 1978 confluunt
752 1942 990 1985 frequentes,
1024 1942 1079 1975 sic
1102 1942 1273 1977 homines
1298 1944 1499 1988 flagitiosi,
1525 1944 1617 1978 faci-

138 1997 271 2031 norosi
302 2001 339 2029 et
373 2005 460 2028 aere
492 1991 618 2026 alieno
652 1988 778 2023 obruti
814 1987 859 2021 ad
894 1988 1092 2022 Caesarem
1132 1990 1335 2024 confluunt.
1379 1991 1617 2025 ERNESTI.

139 2044 284 2088 „Diess
306 2040 528 2087 Ulyssische
540 2035 809 2078 Todteureich‚
834 2045 894 2069 wo
921 2034 984 2068 die
996 2035 1214 2079 Wiistlinge
1239 2048 1299 2070 um
1315 2038 1430 2071 C'asar
1455 2048 1496 2071 so
1522 2038 1618 2071 nach

138 2090 319 2124 fremdem
340 2087 439 2122 Geld
463 2085 535 2121 und
555 2085 655 2118 Gute
679 2082 929 2121 schmachten,
956 2081 1031 2116 wie
1058 2082 1119 2116 die
1145 2081 1281 2116 Seelen
1307 2082 1375 2117 der
1401 2083 1548 2118 Todten
1578 2084 1617 2118 in

140 2137 210 2170 der
228 2135 402 2179 Odyssee
427 2134 521 2167 nach
547 2131 631 2164 dem
649 2129 884 2173 Opferblute.
925 2127 965 2163 S.
993 2139 1050 2172 ep.
1070 2129 1250 2167 CCCLII,
1275 2128 1309 2162 2.
1335 2148 1381 2154 —-
1428 2140 1509 2162 cum
1533 2130 1615 2172 illo,

139 2181 336 2227 Pompeio.
364 2198 409 2205 -
458 2191 539 2213 cum
564 2177 651 2220 lzoc,
685 2176 858 2210 Caesare.
885 2193 931 2201 -
978 2175 1153 2218 colluvie,
1180 2175 1494 2209 Zusammenfluss
1520 2176 1616 2210 aller

139 2226 435 2270 Ruchlosigkeit
465 2225 541 2259 und
565 2220 888 2260 Verworsenheit.
925 2240 971 2247 —
1018 2222 1066 2255 ad
1090 2226 1309 2260 extremum,
1347 2232 1403 2255 am
1431 2221 1615 2256 Schlusse

139 2276 208 2310 des
230 2274 373 2308 Briess.
400 2290 443 2297 —
484 2272 595 2316 plane
620 2270 794 2316 ἀπορῶ,
826 2268 961 2302 darauf
979 2268 1073 2302 weis
1097 2267 1158 2301 ich
1181 2267 1290 2301 kaum
1316 2277 1364 2301 zu
1388 2274 1612 2303 antworten.

141 2340 185 2347 ...
223 2317 488 2369 στερκτέον,
524 2316 770 2362 probandum.
808 2315 913 2357 „Das
938 2314 1056 2348 werd’
1086 2313 1147 2347 ich
1171 2314 1243 2347 mir
1276 2315 1424 2348 miissen
1449 2315 1615 2359 gefallen

139 2368 277 2403 lassen.
303 2386 348 2392 -—
395 2365 605 2404 dubitares,
639 2363 731 2396 Ern.
758 2372 857 2406 susp.
885 2361 1088 2394 dubitabas.
1112 2378 1156 2385 ——
1206 2361 1289 2395 istis
1313 2361 1541 2395 manentibus
1563 2366 1612 2397 st.

141 2415 321 2460 quoniam
345 2411 428 2455 isti,
459 2409 627 2456 Lepidus
654 2414 692 2442 et
715 2408 936 2448 Volcatius,
971 2411 1197 2441 manserunt.

231 2483 264 2518 8.
298 2484 337 2515 in
361 2481 443 2525 ipsa
465 2481 577 2523 fuga,
609 2477 664 2511 als
687 2475 889 2521 Pompeius
914 2476 981 2510 auf
1001 2475 1068 2510 der
1088 2476 1224 2511 Flucht
1247 2473 1434 2520 begriffen
1458 2486 1550 2510 war.
1567 2493 1612 2502 -

144 2528 191 2564 V.
214 2529 310 2564 Kal.
335 2529 478 2571 Mam,
512 2537 570 2560 am
595 2524 652 2558 25.
671 2523 850 2558 Februar.
876 2541 921 2548 -
967 2521 1012 2557 τό
1037 2523 1205 2566 μέλλον
1232 2548 1267 2557 ..
1293 2523 1476 2569 καραδ.,
1508 2521 1610 2565 quod

140 2576 307 2611 futurum
339 2574 414 2619 sit,
451 2569 711 2617 exspectabis,
744 2570 936 2603 abwarten
971 2567 1135 2604 konnen.
1161 2587 1207 2594 —
1253 2580 1326 2603 non
1348 2569 1431 2602 scil.
1458 2593 1467 2602 .
1488 2593 1496 2602 .
1516 2592 1524 2601 .
1550 2567 1610 2601 in-

140 2624 285 2665 fracta,
324 2621 402 2666 „da
426 2619 488 2654 die
514 2618 635 2654 Sache
659 2626 762 2651 zwar
785 2616 888 2651 nicht
906 2624 1002 2659 ganz
1026 2615 1124 2658 heil,
1167 2616 1260 2649 aber
1293 2615 1392 2649 doch
1424 2613 1536 2649 keine
1566 2623 1610 2647 so

141 2668 398 2703 zerbrochene
424 2666 545 2702 Sache
577 2663 657 2699 sein
691 2662 813 2706 wird,
853 2661 909 2696 als
939 2671 1049 2695 wenn
1075 2662 1139 2696 Du
1163 2662 1266 2696 Dich
1298 2662 1381 2696 dem
1406 2659 1611 2704 Pompeius

141 2714 315 2759 sogleich
351 2711 659 2748 naehstiirztest.”
705 2709 818 2744 Denn
850 2708 947 2742 daun
986 2707 1124 2742 hattest
1153 2709 1217 2743 Du
1249 2708 1316 2742 mit
1346 2708 1460 2742 cesar
1489 2705 1610 2750 vollig

139 2760 367 2805 gebrechen.
393 2778 436 2785 -
475 2758 548 2795 IV.
573 2756 672 2794 Non.
696 2756 841 2800 Mart.‚
872 2765 929 2789 am
953 2754 986 2790 4.
1005 2755 1123 2791 Marz.
1148 2773 1194 2783 --
1237 2751 1324 2792 ΰπὸ
1348 2751 1426 2798 τήν
1451 2753 1609 2797 λῆψιν,
1682 2772 1692 2791 s
