1795 3043
228 86 328 133 408
481 79 547 126 Μ.
585 79 639 124 Τ.
684 75 1022 127 CICERONIS
1055 79 1425 129 EPISTOLAE.

354 203 664 252 EPISTOLA
702 204 1000 251 CCCXXXV.
1048 204 1130 265 (ad
1162 205 1269 251 Div.
1299 205 1431 251 VIII.
1468 209 1567 264 15.)

459 290 541 326 Scr.
568 291 637 326 sub
662 290 772 327 finem
796 293 907 328 Febr.
933 295 978 328 A.
1001 292 1045 327 U.
1072 292 1112 327 C.
1138 293 1216 328 705.
1242 295 1291 336 (a.
1318 292 1360 327 C.
1386 292 1458 337 49.)

229 358 447 403 Pompeium
475 359 738 404 reprehendit,
773 361 968 396 Caesarem
994 360 1137 396 laudat:
1171 361 1362 405 subiungit
1383 361 1431 395 de
1455 372 1520 396 sua
1543 362 1688 407 cupidi-

299 411 372 440 tate
395 406 643 441 conveniendi
668 407 880 451 Ciceronis,
914 408 961 441 de
986 407 1121 441 itinere
1144 407 1191 442 ad
1216 408 1350 453 Alpes,
1378 407 1426 443 de
1449 408 1620 444 Domitio

595 453 766 498 Caesaris
789 453 938 498 hospite
963 453 1176 488 interfecto.
1208 454 1322 489 1—2.

684 521 899 558 CAELIUS
934 522 1177 558 CICERONI
1209 521 1250 558 S.

342 589 577 642 Ecquando
614 593 661 632 tu
700 592 912 632 hominem
948 592 1225 644 ineptiorem,
1281 605 1406 644 quam
1454 595 1575 634 tuum
1613 592 1686 634 Cn.

229 645 477 698 Pompeium
507 648 670 700 vidisti,
710 649 783 700 qui
812 651 947 688 tantas
976 648 1141 701 turbas,
1183 649 1256 701 qui
1285 652 1367 690 tam
1398 662 1536 703 nugax
1566 651 1685 697 esset,

230 703 480 747 commorit?
538 705 728 756 Ecquem
746 706 885 745 autem
906 705 1085 744 Caesare
1101 708 1243 746 nostro
1265 708 1473 747 acriorem
1502 709 1548 748 in
1565 706 1690 748 rebus

229 760 447 811 gerendis,
501 761 648 801 eodem
683 762 728 801 iu
758 762 940 803 victoria
969 763 1309 813 temperatiorem
1344 766 1416 803 aut
1445 764 1584 817 legisti
1616 767 1689 803 aut

230 815 416 858 audisti?
463 817 571 865 Quid
601 817 689 859 est?
734 831 847 858 nunc
877 817 955 858 tibi
983 820 1117 859 nostri
1142 820 1324 871 milites,
1354 822 1428 872 qui
1457 819 1690 862 durissimis

230 874 274 912 et
302 873 584 926 frigidissimis
614 874 740 924 locis,
787 876 1002 915 teterrima
1031 875 1195 924 hieme,
1238 875 1396 917 bellum
1437 876 1689 918 ambulando

230 931 531 978 confecerunt,
583 932 705 972 malis
746 932 994 972 orbiculatis
1033 945 1125 972 esse
1161 934 1272 985 pasti
1313 933 1520 974 videntur.
1580 933 1691 981 Quid

229 985 341 1027 iam?
388 987 543 1038 inquis.
615 989 809 1029 Gloriose
845 989 998 1029 omnia.
1067 990 1113 1030 Si
1142 989 1279 1040 scias,
1326 1002 1451 1041 quam
1483 990 1691 1031 sollicitus

231 1056 345 1094 sum,
385 1046 474 1084 tum
502 1046 612 1086 hanc
641 1058 777 1087 meam
804 1047 1005 1099 gloriam,
1035 1058 1144 1098 quae
1174 1047 1226 1088 ad
1256 1059 1323 1087 me
1352 1047 1459 1088 nihil
1489 1047 1688 1100 pertinet,

324 1167 558 1203 CAELIUS.
607 1169 646 1204 S.
683 1180 728 1203 zu
755 1180 814 1214 ep.
838 1169 989 1204 CXCII.
1016 1168 1066 1202 im
1091 1169 1173 1203 Ans.
1224 1168 1277 1202 Es
1309 1167 1358 1202 ist
1382 1167 1494 1202 keine
1519 1169 1692 1202 Antwort

230 1212 297 1247 des
315 1213 447 1247 Cicero
471 1215 537 1248 auf
558 1215 686 1248 diesen
698 1215 807 1249 Brief
827 1215 1054 1249 vorhanden.
1094 1215 1221 1249 Ciilius
1246 1214 1347 1258 zeigt
1370 1215 1449 1249 sich
1473 1215 1575 1257 ietzt,
1599 1214 1692 1248 nach

229 1259 429 1293 Ausbruch
463 1261 528 1294 des
553 1261 873 1304 Burgerkrieges,
915 1262 969 1294 als
996 1260 1181 1294 erkliirter
1205 1260 1426 1294 Ciisarianer
1452 1261 1525 1294 und
1551 1261 1606 1295 als
1632 1259 1692 1294 ein

231 1305 343 1340 Manu
369 1316 440 1338 von
468 1307 663 1350 hestigem,
698 1317 764 1340 zur
789 1306 1050 1341 Grausamkeit
1075 1305 1276 1350 geneigten
1301 1306 1518 1340 Charakter.

322 1353 354 1384 1.
388 1352 622 1396 ineptiorem,
658 1353 765 1387 einen
799 1353 996 1386 albernern
1021 1352 1237 1387 Menschen.
1270 1371 1315 1376 —-
1363 1356 1480 1391 tuum,
1514 1351 1691 1386 ironisch.

233 1413 277 1421 —·
302 1397 365 1441 qui
383 1416 426 1424 —
445 1399 529 1433 dass
554 1410 607 1433 er.
633 1418 678 1424 —
726 1399 788 1444 qui
812 1404 911 1442 tam,
953 1399 1039 1434 Sch.
1064 1409 1170 1442 quum
1196 1403 1270 1431 tam
1294 1408 1421 1441 nugax
1445 1402 1553 1440 esset,
1582 1409 1693 1441 unge-

231 1441 356 1476 achtet
381 1456 441 1488 er,
480 1445 527 1479 da
563 1445 625 1479 die
651 1445 771 1480 Sache
796 1446 909 1479 Ernst
934 1445 1084 1487 wurde,
1117 1444 1194 1478 sich
1221 1445 1397 1487 benabm,
1437 1445 1490 1477 als
1515 1445 1563 1478 ob
1588 1445 1693 1479 Alles

231 1498 302 1522 nur
328 1489 440 1535 Spass
464 1493 576 1525 ware.
616 1492 864 1526 Contemneus
890 1492 986 1525 enim
1000 1492 1194 1525 Caesarem
1221 1490 1375 1533 eiusque
1394 1490 1561 1534 legiones
1587 1490 1694 1524 dixe-

233 1540 289 1568 rat
313 1535 372 1578 id,
408 1538 507 1580 quod
524 1538 748 1572 Plutarchus
775 1538 896 1571 li1e1is
922 1537 1125 1571 mandavit:
1157 1548 1264 1580 quum
1289 1541 1426 1570 terram
1450 1537 1584 1571 Italiae
1603 1537 1695 1580 pede

228 1581 403 1626 pulsabo,
427 1584 611 1617 scatebunt
631 1585 794 1628 peditum
820 1585 1043 1627 equitumque
1057 1583 1193 1627 copiae.
1228 1583 1336 1618 Quod
1363 1594 1473 1625 quum
1499 1593 1571 1617 non
1586 1594 1694 1627 prae-

234 1626 411 1671 stitisset,
444 1630 561 1665 allato.
589 1630 718 1664 nuntio
750 1630 796 1663 de
823 1630 994 1663 Caesaris
1026 1630 1207 1669 adventu,
1243 1629 1414 1662 omnibus
1439 1631 1476 1663 in
1503 1630 1593 1663 urbe
1618 1635 1694 1664 tre-

233 1673 468 1719 pidantibus,
509 1676 695 1710 Favonius
720 1677 765 1710 ad
790 1675 1014 1719 Pompeium
1040 1684 1260 1708 conversus:
1301 1686 1411 1715 nunc,
1445 1675 1585 1718 inquit,
1621 1680 1695 1709 ter-

234 1730 317 1754 ram
337 1722 427 1765 pede
448 1723 557 1766 pulsa
582 1727 638 1765 et,
671 1733 759 1766 quas
779 1722 1004 1767 promisisti,
1037 1721 1161 1764 copias
1184 1731 1285 1762 coge.
1319 1721 1527 1755 MANUT.
1561 1740 1608 1748 ·—
1654 1722 1695 1755 in

234 1766 394 1801 victoria
418 1772 525 1813 temp.
566 1770 649 1802 Hoc
684 1768 796 1811 dicit,
835 1767 922 1811 quia
946 1769 1083 1802 Caesar
1108 1766 1275 1801 Corfinio
1301 1773 1408 1811 capto
1435 1767 1604 1802 omnibus
1629 1779 1696 1812 pee

234 1819 420 1857 peremat,
447 1814 483 1848 in
510 1814 556 1848 iis
577 1814 747 1848 Domitio
773 1814 1014 1856 Aenobarbo,
1040 1812 1294 1846 inimicissimo
1321 1824 1398 1848 suo,
1438 1814 1629 1848 Plutarch.
1657 1815 1694 1849 in

232 1859 366 1904 Pomp.
390 1861 551 1904 Appian.
571 1861 622 1901 ΙΙ,
643 1862 699 1896 38.
736 1860 812 1894 Dio
830 1861 934 1903 XLI,
952 1862 1007 1895 37.
1039 1859 1143 1893 Caes.
1169 1859 1211 1892 Β.
1228 1859 1266 1892 C.
1294 1870 1323 1893 c.
1340 1859 1397 1895 23.
1430 1860 1637 1895 MANUT.
1652 1879 1696 1886 —-

237 1906 332 1940 Quid
356 1907 427 1939 esu
454 1908 544 1941 Was
569 1914 668 1950 sagst
684 1907 745 1940 Du
771 1907 867 1940 nun?
892 1925 934 1930 —
968 1906 1102 1939 duriss.
1118 1930 1126 1939 .
1142 1931 1150 1938 .
1179 1904 1289 1947 locis,
1314 1905 1415 1938 circa
1430 1906 1636 1940 Corfinium
1658 1907 1694 1940 in

235 1951 479 1995 Peliguorum
505 1952 658 1997 regione
684 1954 804 1987 situm.
839 1952 1045 1987 MANUT.
1072 1970 1116 1977 —
1159 1952 1397 1992 confecerunt.
1439 1952 1624 1997 Loquitur
1649 1953 1696 1986 de

237 1998 338 2031 bello
351 1998 586 2034 Corfiniensi.
625 2000 717 2033 Nam
731 1999 934 2040 Pompeius
958 1998 1121 2031 nondum
1146 1997 1266 2031 victus
1283 1997 1525 2032 Brundisium
1550 2009 1591 2032 se
1614 2009 1696 2032 cum

235 2044 407 2078 exercitu
433 2046 653 2079 contulerat.
687 2045 894 2079 MANUT.
919 2063 964 2071 —
1011 2044 1247 2083 ambulando,
1290 2042 1408 2077 durch
1434 2045 1578 2079 blosses
1603 2045 1697 2079 Hin-

238 2090 313 2124 und
337 2091 602 2135 Herspaziren.
651 2091 703 2126 So
729 2097 841 2125 nennt
867 2091 935 2124 der
955 2090 1155 2124 witzelnde
1180 2088 1305 2124 Callus
1340 2089 1402 2123 die
1426 2091 1599 2126 marsche
1622 2092 1696 2125 und

239 2137 570 2182 Contrem'arsche3
602 2138 700 2172 denn
725 2148 770 2171 zu
797 2137 915 2171 einem
942 2136 1192 2181 eigentlichen
1207 2135 1355 2168 Treffen
1381 2136 1463 2169 kam
1490 2147 1529 2170 es
1554 2136 1591 2170 in
1618 2137 1697 2170 die-

239 2193 318 2217 sem
342 2183 451 2217 kaurn
477 2184 746 2218 dreilVlonathe
772 2183 988 2218 dauernden
1014 2182 1205 2225 Feldzuge
1222 2181 1296 2215 nie.
1329 2200 1371 2205 -—
1419 2183 1529 2216 malis
1552 2183 1696 2216 orbicu-

239 2230 328 2263 latis
352 2229 376 2264 i.
400 2241 431 2265 e.
455 2230 681 2274 Epiroticis,
716 2229 781 2264 mit
812 2229 1138 2273 Scheibenapseln.
1188 2227 1272 2262 Von
1292 2226 1439 2261 Plinius
1467 2228 1539 2262 und
1564 2229 1697 2264 Celsus

240 2274 394 2309 werden
420 2275 475 2310 sie
499 2277 553 2310 als
577 2276 640 2310 das
664 2276 799 2310 feinste
815 2302 824 2319 ‚
863 2273 1270 2310 wohlschmeckendste
1305 2273 1377 2307 und
1410 2281 1536 2308 zarten
1561 2276 1696 2319 Magea

242 2321 507 2365 zutriiglichste
532 2323 626 2356 Obst
650 2322 868 2367 gepfiesen,
896 2322 959 2355 das
985 2321 1064 2356 sich
1089 2320 1148 2354 ein
1172 2329 1308 2362 ganzes
1323 2320 1410 2353 Iahr
1435 2320 1537 2355 hielt.
1573 2320 1698 2356 S.co-

244 2368 396 2402 lumella
420 2369 468 2411 V,
495 2369 565 2402 91].
583 2370 636 2402 10.
672 2368 879 2403 Forcellini
896 2369 989 2402 Lex.
1017 2378 1045 2401 s.
1071 2377 1105 2400 V.
1134 2365 1368 2400 orbiculatas.
1402 2367 1528 2401 Galius
1543 2368 1699 2412 spottelt

244 2415 338 2448 iiber
368 2414 429 2449 die
462 2414 739 2458 seingenahrten
773 2415 846 2448 und
878 2414 993 2447 durch
1025 2412 1288 2447 Taselfreuden
1319 2414 1563 2447 verwohnten
1589 2413 1698 2448 Siiss-

245 2461 447 2503 herrchen‚
482 2460 543 2494 die
567 2460 631 2494 das
656 2460 757 2494 Heer
782 2461 848 2494 des
873 2459 1076 2503 Pompeius
1101 2458 1356 2499 ausmachten‚
1391 2459 1439 2492 im
1465 2459 1698 2503 Gegensatze

244 2506 311 2540 mit
336 2506 406 2541 den
431 2516 477 2541 an
501 2507 604 2540 harre
628 2506 724 2540 Kost
747 2506 821 2539 und
845 2505 1048 2550 Strapazen
1073 2505 1297 2547 gewbhnten
1323 2504 1509 2548 Kriegern
1538 2505 1603 2539 des
1628 2506 1698 2540 Gii-

246 2563 338 2587 Sars.
382 2552 423 2588 S.
449 2563 506 2598 ep.
523 2554 643 2595 XXI,
669 2553 704 2588 5.
742 2552 895 2595 XXIV,
919 2553 951 2586 8.
981 2569 1026 2575 -
1075 2551 1169 2585 Quid
1201 2551 1279 2584 iam
1310 2550 1410 2594 (Sch.
1436 2551 1549 2593 temo?
1594 2551 1696 2585 Glor.

247 2609 342 2633 omn.
388 2600 472 2634 Nun
505 2598 655 2633 weiter!
693 2598 745 2632 Es
777 2608 873 2631 muss
909 2597 943 2631 ia
969 2596 1028 2630 bei
1055 2596 1159 2630 Euch
1184 2596 1291 2630 Alles
1316 2607 1410 2639 ganz
1443 2597 1608 2630 heri-lich
1633 2607 1698 2631 zu-

248 2646 389 2688 gehen,
424 2652 524 2689 sagst
548 2646 622 2679 Du.
649 2665 688 2670 —
736 2644 779 2678 Si
801 2644 908 2677 scias.
957 2644 1037 2677 Der
1063 2642 1283 2676 sorschende
1307 2642 1569 2686 Spassmacher
1594 2643 1697 2676 lenkt

248 2689 374 2725 Etwas
399 2691 460 2724 ein
488 2691 552 2725 mit
582 2691 708 2726 diesen
734 2691 904 2725 women.
937 2708 981 2714 -—
1027 2689 1109 2722 soll.
1145 2700 1233 2722 sum.
1279 2688 1342 2722 Sic
1367 2689 1443 2722 Md.
1470 2689 1567 2723 Crat.
1595 2689 1695 2724 Vict.

251 2738 278 2771 l.
304 2738 339 2771 2.
378 2737 464 2772 Bos.
514 2738 585 2772 sim
614 2737 739 2772 Lamb.
783 2736 916 2770 Graev.
954 2735 1042 2769 Ern.
1077 2734 1162 2770 sch.
1196 2736 1289 2770 Liin.
1325 2735 1397 2771 ΟΒ.
1432 2754 1474 2760 -
1520 2734 1695 2779 gloriam,
