1795 3043
176 103 278 151 532
434 95 497 141 M.
535 93 590 139 Τ.
627 90 971 140 CICERONIS
1005 91 1381 141 EPISTOLAE.

178 224 203 251 a
233 208 344 261 suis,
384 209 470 248 tam
500 205 644 246 nescio
675 202 779 256 quid
808 204 1012 257 cogitans.
1071 204 1167 244 Vim
1195 204 1492 246 incredibilem
1520 205 1648 248 mole·

178 266 374 307 stiarum!
437 262 521 304 Sed
561 263 643 302 erit
679 273 805 302 curae
843 265 885 302 et
924 264 1015 312 est,
1068 262 1117 302 ut
1154 264 1340 316 regatur.
1396 263 1555 307 Mirum
1584 267 1649 306 est

181 323 294 365 enim
323 321 554 375 ingenium.
612 317 766 360 “Ηθους
794 319 1067 368 ἐπιμελητέον.

323 469 641 517 EP18TOLA
676 467 1027 514 cccnxxvn.
1072 467 1155 526 (aa
1189 469 1279 514 Aa.
1317 453 1372 514 x.
1409 470 1512 531 11.)

226 558 310 594 Ser.
343 557 382 592 in
407 558 571 592 Cumano
596 567 628 591 a.
655 555 693 591 d.
718 555 788 592 IV.
809 554 905 590 Non.
931 554 1022 591 Mai.
1048 556 1095 591 A.
1124 555 1169 591 U.
1195 556 1236 591 C.
1268 557 1347 592 705.
1382 557 1434 601 (a.
1460 555 1500 592 C.
1527 557 1602 600 49.)

180 628 351 663 Fratrem
385 636 490 661 suum
529 625 657 660 Attico
689 629 855 659 excusat.
893 623 1010 659 1—-2,
1068 624 1149 658 eius
1182 624 1255 658 filii
1286 624 1378 660 vitia
1410 625 1591 669 quaedam
1626 635 1650 661 a

228 679 381 716 natura,
417 683 490 706 non
515 683 536 706 a
561 672 677 717 patris
703 669 936 713 indulgentia
960 671 1166 714 repetenda
1190 682 1284 706 esse.
1316 674 1350 707 3.
1399 672 1606 707 Antonium

274 719 423 755 venisse
448 730 563 764 seque
588 718 635 752 de
651 716 892 760 navigatione
917 716 1121 750 sollicitum
1146 728 1240 753 esse.
1265 718 1300 754 4.
1334 718 1561 756 Vectienum

699 772 720 797 a
736 774 776 798 se
802 762 910 806 diligi
935 762 1080 798 scribit.
1106 764 1140 798 5.

670 831 859 868 CICERO
896 830 1092 865 ATTICO
1130 829 1170 867 S.

301 891 529 945 Obsignata
558 890 643 932 iam
674 891 853 945 epistola
881 890 1124 943 superiore,
1169 902 1256 932 non
1284 891 1448 944 placuit
1477 893 1518 933 ei
1546 890 1652 945 dari,

187 950 259 991 eui
298 950 621 997 constitueram,
667 948 778 1000 quod
815 950 907 988 erat
947 947 1121 988 alienus.
1179 948 1328 1000 Itaque
1366 961 1415 989 eo
1457 948 1525 990 die
1554 950 1652 990 data

188 1020 273 1049 non
305 1009 380 1047 est.
439 1007 614 1046 Interim
641 1007 759 1047 venit
786 1005 1041 1046 Philotimus
1071 1006 1110 1045 et
1140 1006 1246 1046 mihi
1276 1007 1358 1047 ate
1386 1007 1533 1047 literas
1560 1006 1655 1046 red·

189 1065 317 1105 didit:
357 1062 512 1115 quibus
544 1075 654 1115 quae
683 1063 734 1103 de
761 1064 895 1103 fratre
925 1074 1019 1103 meo
1050 1062 1228 1112 scribis,
1282 1065 1379 1103 sunt
1408 1076 1458 1104 ea
1485 1063 1655 1116 quidem

187 1133 340 1175 parum
370 1120 516 1172 firma,
558 1120 630 1160 sed
659 1119 819 1161 habent
847 1120 959 1160 nihil
985 1117 1188 1172 ὕπουλον,
1219 1120 1329 1160 nihil
1359 1122 1515 1173 fallax,
1543 1120 1655 1163 nihil

189 1191 275 1220 non
304 1177 493 1218 flexibile
536 1177 588 1217 ad
625 1176 880 1225 bonitatem,
929 1176 1060 1226 nihil,
1109 1177 1222 1229 quod
1259 1189 1362 1229 non,
1413 1190 1496 1229 quo
1530 1178 1654 1231 velis,

190 1248 274 1276 uno
313 1246 506 1274 sermone
545 1234 681 1285 possis
718 1233 964 1284 perducere.
1029 1233 1094 1274 Ne
1145 1235 1297 1274 multa:
1357 1246 1500 1275 omnes
1541 1247 1654 1288 suos,

188 1294 315 1332 etiam
355 1291 509 1342 quibus
547 1290 748 1330 irascitur
787 1290 999 1342 crebrius,
1043 1292 1184 1330 tamen
1222 1302 1344 1331 caros
1381 1290 1533 1343 habet,
1584 1304 1654 1333 me

189 1349 359 1400 quidem
389 1360 433 1388 se
464 1348 557 1399 ipso
587 1347 809 1387 cariorem.
871 1347 992 1394 Quod
1021 1346 1072 1387 de
1096 1359 1228 1399 puero
1258 1348 1385 1388 aliter
1413 1348 1465 1388 ad
1482 1350 1524 1388 te
1552 1350 1654 1390 scri·

189 1407 273 1459 psit
303 1408 345 1445 et
374 1405 427 1445 ad
454 1406 632 1444 matrem
661 1404 712 1444 de
741 1403 856 1456 filio,
886 1416 970 1444 non
1001 1404 1276 1456 reprehendo.
1336 1405 1399 1446 De
1428 1405 1582 1446 itinere
1612 1408 1655 1446 et

190 1464 242 1503 de
270 1474 438 1511 sorore,
477 1474 585 1513 quae
615 1461 790 1514 scribis,
819 1462 995 1501 molesta
1023 1463 1146 1510 sunt,
1190 1474 1324 1513 eoque
1351 1464 1510 1514 magis,
1540 1463 1655 1514 quod

191 1533 242 1560 ea
282 1522 474 1572 tempora
508 1520 655 1559 nostra
695 1521 816 1568 sunt,
863 1522 912 1558 ut
951 1530 1026 1570 ego
1066 1518 1126 1558 eis
1162 1519 1322 1560 mederi
1365 1532 1448 1560 non
1487 1521 1653 1572 possim.

190 1577 299 1619 Nam
328 1579 444 1617 certe
474 1576 679 1617 mederer.
737 1575 821 1615 Sed
851 1575 1002 1627 quibus
1030 1576 1076 1615 in
1104 1576 1225 1616 malis
1254 1578 1296 1616 et
1326 1589 1409 1627 qua
1436 1577 1481 1616 in
1512 1577 1655 1630 despe-

143 1637 172 1677 2
193 1635 360 1675 ratione
378 1646 523 1674 rerum
551 1633 705 1680 simus,
734 1632 864 1672 vides.
921 1633 1003 1672 Illa
1033 1633 1084 1672 de
1113 1633 1276 1676 ratione
1306 1634 1539 1675 nummaria
1567 1647 1653 1675 non

191 1694 288 1732 sunt
328 1691 532 1732 eiusmodi
567 1712 620 1719 —-
679 1701 806 1742 saepe
844 1689 956 1729 enim
995 1689 1120 1729 audio
1159 1702 1210 1729 ex
1250 1691 1340 1742 ipso
1381 1713 1439 1719 -—-
1496 1692 1654 1732 utnon

191 1749 337 1802 cupiat
377 1748 457 1789 tibi
493 1748 732 1800 praestare,
784 1747 827 1787 et
862 1747 908 1786 in
950 1757 999 1785 eo
1041 1746 1222 1788 laborat.
1282 1747 1365 1787 Sed
1403 1748 1437 1787 si
1467 1749 1571 1789 mihi
1601 1749 1652 1798 Q.

1655 520 1667 565 ὲ

191 1875 378 1916 cogitans,
404 1873 453 1906 im
479 1871 634 1907 Schilde
658 1870 873 1905 fiihrendes.
911 1869 963 1904 Es
988 1869 1124 1914 gehort
1148 1879 1194 1903 zu
1221 1868 1339 1904 Nihil.
1364 1889 1409 1895 -—
1448 1869 1534 1905 Vim
1557 1871 1652 1906 incr.

190 1922 299 1964 mol.,
340 1919 415 1955 wie
438 1918 641 1952 unendlich
669 1917 755 1953 Viel
780 1916 879 1951 wird
903 1916 986 1950 Der
1009 1927 1078 1950 uns
1102 1917 1199 1950 noch
1224 1926 1268 1950 zu
1295 1917 1457 1950 schaffen
1482 1918 1652 1952 macheu!

192 1967 342 2002 Ramsh.
369 1968 396 2010 §.
415 1966 501 2008 206,
528 1965 576 2007 C,
601 1964 645 2008 2,
671 1974 692 1997 c
724 1963 889 2007 supplirt
913 1973 1052 1997 narras.
1080 1982 1125 1987 -
1162 1963 1233 1996 erit
1258 1963 1346 1996 mihi
1372 1974 1491 1997 curae.
1518 1983 1563 1989 -—
1595 1964 1655 1998 in-

191 2014 363 2056 genium,
401 2013 585 2055 Anlagen.
624 2029 669 2034 —
712 2011 884 2050 ''Heovg
915 2013 1055 2052 ὲπι,ιι.,
1096 2014 1134 2042 at
1163 2009 1329 2043 moribus
1362 2009 1443 2044 eius
1475 2010 1654 2054 regendis

190 2058 402 2094 adhibenda
438 2063 495 2092 est
523 2054 742 2100 diligentia,
783 2055 874 2089 aber
906 2055 966 2089 fiir
999 2055 1165 2100 Bildung
1195 2055 1318 2090 seines
1345 2056 1525 2091 Gemiiths
1554 2067 1654 2091 muss

191 2112 349 2152 gesorgt
371 2104 538 2139 werden.

283 2164 318 2197 l.
352 2165 412 2195 cui
436 2161 525 2195 dare
550 2163 664 2195 const.
689 2177 733 2184 —
763 2158 922 2202 alienus,
956 2158 1017 2192 ein
1041 2157 1238 2201 Fremder,
1264 2158 1335 2192 mir
1358 2158 1584 2194 unbekannt.
1609 2179 1655 2196 -ε-
1684 2185 1691 2189 «

189 2213 274 2242 sunt
297 2220 340 2242 ea
365 2208 462 2252 quid.
485 2219 620 2252 parum
643 2207 770 2250 firma,
811 2205 877 2238 das
911 2211 1024 2249 zeugt
1048 2216 1152 2239 zwar
1176 2215 1248 2238 von
1274 2204 1392 2238 einem
1418 2206 1570 2250 Mangel
1606 2217 1652 2241 an

190 2255 415 2299 Festigkeit.
455 2272 500 2279 -—
548 2254 777 2294 ὕπουλον,
819 2251 1029 2286 subdolum.
1071 2269 1116 2276 —-
1164 2251 1213 2284 ad
1249 2251 1384 2293 bonit„
1424 2251 1449 2286 i.
1485 2263 1517 2286 e.
1554 2252 1651 2288 nihil

191 2301 293 2345 quod
318 2312 391 2334 non
417 2299 518 2334 flecti
542 2298 662 2343 possit
685 2298 730 2332 ad
758 2297 980 2340 bonitatem,
1013 2298 1038 2332 i.
1057 2309 1090 2331 e.
1116 2296 1416 2341 placabilitatem.
1444 2317 1488 2323 —
1524 2299 1654 2342 quibus
1679 2325 1697 2351 ,2

1675 2365 1689 2388 ,ἵ
1764 2369 1767 2381 ,

191 2351 323 2391 irasc„
365 2354 403 2381 ut
435 2345 666 2390 Pomponiae
698 2344 831 2388 uxori,
869 2344 987 2378 Attici
1020 2343 1155 2378 sorori.
1189 2363 1234 2368 ——
1281 2344 1323 2376 cle
1342 2355 1479 2388 puero,
1511 2346 1650 2381 Quinto

190 2394 285 2428 filio.
314 2413 358 2419 —
387 2394 522 2427 aliter.
539 2418 546 2425 .
562 2417 570 2425 .
590 2396 623 2424 et
645 2401 692 2424 Ξ
714 2391 848 2425 anders
873 2391 938 2424 als.
972 2390 1010 2425 S.
1024 2389 1171 2423 Ramsh.
1197 2390 1226 2433 §.
1242 2390 1321 2433 179,
1347 2390 1398 2435 11,
1423 2402 1456 2433 a,
1482 2392 1517 2426 4.
1552 2392 1653 2429 Ver·
1686 2392 1688 2403 ¹

190 2440 373 2475 muthlich
404 2437 657 2484 glimpssicher
686 2447 730 2471 an
764 2438 834 2471 den
870 2437 1012 2480 Onkel,
1052 2435 1216 2479 heftiger
1246 2446 1291 2469 an
1323 2436 1385 2472 die
1412 2438 1567 2472 Mutter.
1603 2458 1651 2466 ’-

190 2487 245 2520 De
269 2487 402 2520 itinere
436 2484 565 2522 Quinti
598 2482 669 2517 filii
700 2482 748 2517 ad
773 2484 980 2518 Caesarem.
1030 2481 1118 2517 Vid.
1145 2493 1203 2527 ep.
1225 2483 1316 2525 366,
1341 2483 1363 2517 5
1388 2494 1424 2518 u.
1450 2485 1482 2518 6.
1513 2502 1559 2509 -·
1605 2485 1650 2519 de

187 2544 315 2566 sorore
341 2539 404 2566 tua
427 2543 448 2566 a
472 2531 574 2573 viro,
600 2532 712 2564 fratre
737 2540 841 2571 meo,
865 2527 1122 2563 dissentiente.
1172 2529 1238 2562 cfr.
1264 2528 1336 2573 Ep.
1357 2529 1409 2565 Π.
1441 2529 1548 2564 Libr.
1574 2531 1646 2567 IV.

189 2578 398 2613 MANUT.
430 2597 475 2603 —
522 2578 586 2611 eis.
634 2575 699 2611 Sic
722 2576 808 2611 Asc.
823 2576 856 2609 2.
883 2587 929 2609 =
951 2575 1001 2609 iis
1036 2575 1136 2609 Crat.
1181 2574 1241 2610 leis
1272 2576 1370 2610 Cett.
1406 2594 1451 2602 —
1497 2577 1647 2621 mederi,

189 2625 335 2668 heilen,
371 2625 540 2660 bessern.

277 2671 311 2704 2.
346 2671 400 2704 De
425 2671 493 2704 illa
518 2673 589 2703 rat.
614 2679 769 2711 numm,
797 2666 862 2701 das
879 2666 977 2701 Geld
1000 2666 1230 2711 betreffend,
1255 2678 1332 2702 was
1357 2677 1399 2701 er
1423 2666 1497 2703 Dir
1519 2668 1646 2703 schul-

186 2715 251 2761 dig
277 2716 344 2760 ist,
385 2728 426 2750 so
450 2717 545 2760 liegt
570 2727 610 2750 es
635 2715 738 2748 nicht
761 2714 894 2756 daran,
933 2713 1017 2746 dass
1044 2723 1086 2746 er
1109 2713 1183 2747 Dir
1217 2712 1321 2748 nicht
1346 2724 1439 2758 gern
1463 2715 1644 2750 bezahlen

184 2763 329 2798 wollte.
357 2782 399 2788 —
448 2768 482 2797 et
506 2764 545 2797 in
570 2772 610 2797 eo
636 2762 793 2796 laborat.
843 2758 907 2796 Sic
932 2759 1027 2795 Cod.
1053 2759 1209 2796 Decurt.
1244 2760 1333 2798 Bos.
1366 2760 1502 2798 Graev.
1550 2761 1645 2798 Sen-

1754 602 1756 654 ὲ

1689 2256 1711 2307 ’ἶι

1764 2386 1768 2423 l

1766 2656 1778 2708 ἰ.

1765 2710 1771 2742 1⁶

1766 2745 1778 2765 sl
