1795 3043
236 122 547 169 EPISTOLA
589 121 908 169 CCCLXXXI.
981 125 1335 173 CCCLXXXII.
1415 133 1515 182 545

50 235 254 286 quantum
294 235 329 275 is
367 235 521 285 vellet,
571 234 728 276 darem.
786 235 905 282 Quod
935 235 1082 277 sinon
1114 238 1376 291 scripsisset,
1422 254 1514 292 pos-

50 303 192 331 semne
223 291 378 332 aliter?
436 293 492 332 Et
522 291 693 342 quidem
721 303 846 342 saepe
876 305 967 333 sum
993 294 1228 346 pollicitus:
1259 296 1329 336 sed
1349 298 1511 340 tantum

50 348 187 389 voluit
219 349 317 388 cito.
376 348 447 388 Me
476 361 576 389 vero
608 348 852 388 adiuvarent
883 350 949 389 his
979 351 1022 390 in
1055 353 1270 404 angustiis.
1331 354 1412 394 Sed
1452 355 1511 396 dii

49 404 172 445 istos!
231 405 384 445 Verum
411 406 528 446 alias.
589 406 647 445 Te
678 418 701 444 a
719 407 922 455 quartana
952 407 1175 448 liberatum
1205 410 1365 462 gaudeo
1395 412 1513 452 item·
1572 445 1574 447 ,

49 473 132 513 que
153 461 319 502 Piliam.
381 462 493 513 Ego,
523 461 620 502 dum
650 474 780 513 panes
811 463 852 501 et
882 464 1021 503 cetera
1053 465 1096 504 in
1116 478 1263 507 navem
1293 471 1511 521 parantur,

49 530 229 558 excurro
258 519 304 558 in
322 519 640 570 Pompeianum.
699 518 900 558 Vectieno
931 521 1057 560 velim
1074 523 1250 574 gralias3
1290 525 1398 575 quod
1429 527 1513 566 stu-

49 573 191 614 diosus
222 577 294 615 est.
355 576 400 615 Si
430 587 679 627 quemquam
709 577 859 615 nactus
891 576 996 630 eris,
1026 579 1099 629 qui
1114 581 1325 631 perferat,
1365 581 1511 635 literas

48 630 121 671 des
150 634 272 681 ante,
310 644 437 683 quam
466 632 734 673 discedimus,

181 847 493 894 EPISTOLA
531 848 878 894 CCCLXXXII.
925 848 1005 906 (ad
1039 850 1130 895 Att.
1174 851 1231 897 X.
1269 854 1374 912 16.)

78 934 160 970 Ser.
185 933 224 968 iu
250 935 414 969 Cumano
440 936 686 1025 (Pompeiano
712 934 960 1024 sgffgggrid.
988 936 1045 971 Id.
1070 937 1160 972 Mai.
1186 938 1233 973 A.
1259 938 1304 974 U.
1329 940 1372 974 C.
1397 942 1474 976 705.

690 994 720 1017 a.
777 1006 785 1014 .
863 1008 870 1015 .

47 1060 185 1094 Narrat
201 1060 428 1105 Dionysium
453 1061 500 1095 ad
523 1072 562 1095 se
578 1061 726 1095 venisse
752 1071 820 1094 nec
844 1072 968 1094 secum
994 1061 1031 1094 in
1047 1062 1243 1096 Graeciam
1260 1062 1316 1097 ire
1331 1064 1510 1102 voluisse.

48 1109 82 1141 l.
113 1118 154 1140 se
185 1117 340 1151 sperare
373 1107 426 1140 ait
458 1107 653 1141 consilium
688 1107 934 1151 profectionis
964 1117 1118 1140 vacuum
1151 1108 1321 1152 periculo
1346 1111 1439 1145 sore.
1473 1113 1508 1146 2.

49 1153 228 1187 Catonem
254 1152 447 1194 Siciliam,
484 1164 592 1195 quam
626 1159 753 1187 tenere
787 1152 990 1196 potuisset,
1030 1153 1242 1196 reliquisse.
1273 1157 1306 1189 3.
1355 1167 1394 1190 se
1424 1168 1512 1192 cen-

50 1198 218 1232 turiones
259 1198 370 1231 trium
403 1199 635 1242 cohortium,
679 1198 741 1241 qui
774 1210 814 1232 se
842 1198 1044 1232 convenire
1077 1200 1287 1244 voluerint,
1333 1209 1373 1236 ut
1402 1213 1443 1237 se
1473 1209 1512 1239 et

121 1244 299 1290 oppidum
331 1245 540 1286 traderent,
582 1245 747 1279 discessu
783 1255 803 1277 e
828 1244 1059 1288 Pompeiana
1086 1246 1177 1279 villa
1202 1247 1372 1283 evitasse.
1407 1250 1441 1285 4.

187 1290 339 1325 Deinde
372 1291 612 1324 Hortensium
648 1290 794 1324 venisse
827 1291 954 1324 refert.
993 1292 1028 1324 5.
1077 1291 1301 1338 Atticoque,
1337 1299 1377 1328 ut

353 1347 393 1371 se
419 1342 590 1380 vegetum
616 1336 653 1370 in
681 1335 841 1370 Graecia
866 1336 991 1379 sistat,
1023 1343 1139 1381 optat.
1174 1339 1211 1373 6.

537 1415 724 1450 CICERO
757 1415 951 1449 ATTICO
988 1415 1029 1450 S.

168 1484 440 1526 Commodum
482 1485 535 1525 ad
571 1487 612 1525 te
653 1485 847 1525 dederam
885 1486 1032 1526 literas
1067 1486 1119 1526 de
1153 1488 1348 1540 pluribus
1375 1491 1514 1545 rebus,

57 1555 185 1594 quum
215 1543 326 1594 apud
356 1555 423 1582 me
452 1542 560 1582 bene
588 1555 710 1582 mane
740 1542 968 1595 Dionysius
998 1543 1102 1583 suit:
1143 1545 1211 1584 cui
1242 1546 1407 1597 quidem
1437 1561 1514 1602 ego

0 1650 1 1654 Ἰ
53 1612 137 1641 uon
166 1600 289 1639 modo
318 1598 575 1652 placabilem
607 1611 673 1638 me
703 1598 1017 1650 praebuissem,
1064 1600 1137 1639 sed
1174 1602 1304 1643 totum
1335 1605 1518 1646 remisis-

55 1723 176 1756 einem
202 1722 346 1756 Gallius
370 1722 534 1766 adoptirt
558 1732 656 1764 war,
683 1721 911 1764 vollstandig
937 1720 1081 1755 Gallius
1111 1722 1296 1768 Axianus,
1321 1727 1396 1761 wie
1421 1728 1520 1763 oben

57 1781 116 1813 ep.
148 1769 215 1803 347
250 1780 283 1802 u.
316 1769 383 1802 359
419 1768 483 1801 des
516 1769 559 1803 0.
587 1768 751 1801 Titinius·
784 1767 888 1801 Sohn
915 1767 1073 1801 Pontius
1110 1768 1322 1806 Titinianus
1356 1781 1519 1816 genannt

56 1816 260 1849 wurde.——
285 1815 431 1855 (larem,
458 1814 551 1846 noch
577 1824 622 1847 zu
649 1814 715 1847 der
741 1813 995 1848 altenSchuld
1021 1813 1181 1857 zuliehe,
1209 1820 1453 1855 vorstreckte.
1474 1838 1521 1847 —-

60 1862 162 1896 Quod
177 1861 210 1894 sz'
234 1871 303 1893 ηοη
319 1861 445 1902 scrl'ps.
460 1885 469 1901 ,
493 1870 599 1893 weuu
628 1871 669 1893 er
693 1859 790 1893 mich
815 1860 908 1893 auch
929 1871 986 1893 um
1006 1871 1047 1893 so
1066 1861 1194 1895 Etwas
1215 1863 1317 1898 nicht
1333 1866 1522 1900 schrift-

60 1907 155 1941 lich
191 1907 341 1940 ersucht
367 1907 479 1939 hatte.
512 1925 556 1930 -
602 1917 727 1949 saepe,
769 1916 815 1940 zu
847 1906 1120 1940 wiederholten
1148 1909 1282 1944 Malen.
1314 1930 1358 1936 —
1405 1914 1522 1947 voluit

59 1954 154 1995 cito,
193 1953 282 1986 aber
315 1952 382 1984 ‹lcr
416 1952 561 1985 Gallius
593 1953 721 1985 wollte
750 1963 791 1985 so
826 1953 899 1986 und
938 1963 979 1985 so
1014 1953 1103 1987 Viel
1134 1955 1213 1987 auf
1243 1956 1413 1991 einmal
1447 1959 1521 1993 und

61 1999 191 2033 immer
215 1998 381 2032 sofort.
432 1998 494 2031 len
521 1998 592 2041 gab
619 2010 658 2032 es
684 1997 758 2030 ihm
785 2024 792 2032 .
814 2025 820 2032 .
841 2025 848 2032 .
876 1998 949 2032 und
976 1998 1090 2041 ietzt,
1140 2000 1186 2032 da
1222 1999 1282 2035 ich
1316 2004 1433 2038 selbst
1456 2005 1522 2039 das

61 2045 158 2080 Geld
185 2056 225 2078 so
243 2044 371 2087 nothig
386 2044 567 2086 brauche,
593 2044 709 2077 werd’
735 2044 793 2077 ich
820 2055 901 2077 vom
919 2044 1039 2078 Axius
1066 2044 1131 2078 mit
1146 2046 1524 2095 Entschuldiguugen

63 2091 298 2135 abgespei5⁷t.
342 2109 384 2114 -—
441 2090 497 2123 his
533 2091 618 2124 Asc.
657 2091 756 2124 Crat.
799 2091 904 2126 Vict.
930 2093 962 2123 l.
1013 2091 1063 2124 iis
1094 2091 1133 2124 in
1167 2103 1276 2137 ang„
1319 2095 1356 2128 in
1398 2097 1524 2131 dieser

0 2175 1 2181 ἵ
61 2137 204 2172 meiner
235 2136 346 2170 Nom.
381 2154 423 2160 -
472 2136 527 2169 ‹liz'
560 2137 650 2169 istos
685 2136 865 2180 perdant,
906 2136 986 2169 scil.
1022 2137 1086 2179 qui
1119 2149 1228 2179 quum
1262 2151 1320 2174 me
1345 2142 1523 2177 adiuvare

63 2184 244 2217 deberent
269 2183 305 2216 in
325 2182 381 2215 his
394 2182 593 2225 angustiis,
620 2182 737 2226 magis
763 2182 873 2216 etiam
890 2190 1068 2227 premant.
1096 2184 1279 2218 GRAEV.
1307 2206 1349 2212 —-
1388 2189 1525 2223 Verum

0 2228 2 2242 ³
63 2230 158 2264 alias
182 2229 291 2274 plura
315 2229 361 2262 de
386 2229 453 2261 his.
482 2248 524 2252 —
573 2240 595 2261 α
621 2232 811 2272 quartana.
856 2228 895 2263 S.
923 2240 980 2273 ep.
996 2229 1081 2273 375,
1107 2232 1141 2264 3.
1190 2231 1276 2274 282,
1303 2235 1334 2268 l.
1375 2235 1462 2279 284,
1489 2238 1524 2269 1.

65 2277 151 2318 293,
184 2276 215 2309 2.
268 2276 356 2317 296,
393 2277 424 2307 1.
475 2275 564 2317 298,
598 2276 632 2308 3.
681 2275 766 2315 299,
803 2275 836 2307 2.
882 2276 972 2318 313,
1009 2277 1039 2310 l.
1084 2294 1128 2300 —
1174 2277 1314 2312 Piliam
1350 2291 1522 2316 uxorem.

65 2322 104 2357 S.
132 2333 192 2366 ep.
211 2322 275 2355 281
294 2347 303 2363 ,
338 2323 368 2354 l.
402 2339 446 2345 -—
495 2332 648 2354 excurro
682 2321 722 2353 in
748 2321 893 2364 Pomp„
941 2322 1067 2355 mache
1093 2322 1154 2355 ich
1179 2323 1287 2357 einen
1313 2327 1525 2361 Abstecher

65 2368 159 2401 nach
184 2367 339 2400 meinem
357 2367 454 2400 Gute
482 2367 540 2400 bei
560 2367 742 2411 Pompeii.
769 2386 812 2391 -
848 2366 1031 2401 Veclz'eno.
1066 2367 1102 2402 S.
1129 2380 1187 2413 ep.
1210 2371 1292 2411 368,
1317 2374 1351 2405 3.
1385 2375 1464 2415 377,
1489 2375 1524 2407 5.

65 2415 153 2455 379,
178 2414 210 2446 2.
246 2433 290 2437 —
337 2414 430 2456 quod
453 2414 637 2446 studiosus
661 2417 712 2446 est
745 2413 824 2447 scil.
854 2424 977 2446 rerum
1002 2425 1175 2448 mearum.
1214 2417 1447 2453 ERNESTI.
1482 2439 1526 2444 --

67 2463 194 2493 nactus
218 2460 304 2491 eris.
357 2458 420 2492 Sic
446 2470 494 2492 ex
512 2459 695 2493 constanti
723 2470 789 2492 usu
816 2458 894 2492 Cic.
921 2459 998 2494 Md.
1027 2461 1148 2494 Oxou.
1169 2463 1198 2494 l.
1230 2463 1370 2498 Vict.l.
1396 2465 1525 2499 Lamb.

67 2505 184 2549 fueris
217 2506 301 2538 Asc.
332 2506 362 2538 l.
396 2506 494 2539 Crat.
529 2506 627 2539 Man.
664 2505 766 2541 Vici.
793 2505 827 2537 2.
864 2505 998 2539 Graev.
1032 2507 1121 2540 Ern.
1157 2506 1242 2541 Sch.
1276 2501 1369 2542 Lun.
1407 2512 1479 2545 ΟΒ.

159 2553 191 2584 1.
226 2551 459 2584 Commodum
490 2551 534 2584 ad
569 2558 712 2595 tempus
747 2550 932 2585 adverb.
966 2563 1011 2584 =
1042 2552 1138 2594 iust,
1188 2554 1283 2587 noch
1309 2565 1351 2588 zu
1381 2558 1529 2591 rechter

70 2597 175 2639 Zeit,
214 2598 250 2631 ἐν
277 2599 406 2642 καιρῷ,
440 2600 604 2645 καιρίως,
643 2598 763 2639 eben,
800 2597 937 2640 grade3
974 2597 1038 2630 mit
1064 2599 1271 2641 folgendem
1299 2612 1423 2645 quum,
1458 2603 1530 2637 wie

69 2643 116 2677 ad
150 2642 262 2676 Attic.
300 2643 418 2685 XIII,
448 2644 480 2676 9.
513 2644 570 2677 30.
612 2644 685 2676 und
717 2643 813 2677 ohne
838 2654 966 2686 quum,
1008 2644 1084 2676 wie
1116 2644 1160 2676 ad
1194 2646 1307 2678 Attio.
1343 2648 1460 2692 XIII,
1495 2650 1529 2683 9.

71 2690 195 2724 Plaut.
224 2688 410 2732 Amphitr.
438 2689 506 2729 lv,
531 2691 576 2731 3,
601 2690 642 2731 93
674 2690 767 2723 auch
794 2689 978 2722 commodo
1005 2694 1173 2732 tempore
1196 2691 1322 2726 Plaut.
1348 2693 1433 2728 Mil.
1460 2695 1533 2737 IV,

71 2737 113 2777 4,
146 2736 203 2769 61.
235 2752 279 2758 —
327 2735 434 2778 apud.
485 2734 548 2769 Sic
574 2735 731 2780 scripsi,
776 2741 815 2768 ut
840 2734 930 2768 alibi
956 2734 1021 2768 alii
1044 2745 1156 2780 saepe
1182 2745 1440 2774 correxerunt.
1485 2742 1536 2774 ad

76 2782 225 2815 Omnes.
276 2779 348 2813 ΟΒ.
393 2799 437 2805 —-
485 2781 695 2825 Dionysius.
746 2779 784 2814 S.
819 2791 879 2824 ep.
910 2780 988 2814 198.
1039 2782 1116 2815 199.
1165 2783 1255 2826 315,
1292 2785 1326 2818 2.
1375 2786 1467 2830 323,
1498 2789 1534 2822 3.

135 2840 203 2870 Cic.
224 2839 336 2866 Briese
360 2848 392 2866 v.
416 2838 558 2868 Billerb.
590 2841 632 2868 11.
1206 2844 1262 2884 35
