1795 3043
259 87 358 137 448
519 84 584 131 Μ.
620 85 675 130 Τ.
712 82 1049 133 CICERONIS
1083 85 1451 135 EPISTOLAE.

259 208 370 246 rem3
409 196 574 247 sibique
602 196 706 237 satis
734 209 825 238 esse
854 196 982 246 dixit,
1013 197 1050 238 si
1081 199 1245 250 togatus
1273 197 1437 240 urbana
1463 197 1606 241 officia
1635 199 1715 242 sibi

259 253 576 307 praestitissem3
607 265 716 304 quae
745 255 872 294 etiam
900 256 1002 305 illis,
1034 255 1069 294 si
1096 256 1263 304 vellem,
1292 258 1510 309 praestare
1536 268 1712 308 possem.

259 311 407 361 Itaque
427 321 540 349 nunc
558 309 712 350 Romae
741 311 879 351 omnia
907 311 1075 366 negotia
1092 311 1262 352 Lentuli
1290 324 1487 365 procuro,
1507 314 1715 364 sustine03

259 378 480 417 meumque
510 365 723 414 officium,
770 367 918 421 fidem,
962 369 1163 421 pietatem
1192 369 1245 408 iis
1274 371 1453 422 praesto.
1512 369 1595 410 Sed
1630 382 1715 410 me·

257 424 433 463 hercule
461 435 606 464 rursus
635 423 718 465 iam
748 424 953 466 abiectam
982 425 1297 478 compositionis
1326 438 1442 478 spem
1469 437 1553 466 non
1571 425 1715 479 despe-

256 479 509 520 ratissimam
537 492 628 520 esse
656 482 782 534 put03
838 483 1035 533 quoniam
1064 483 1218 523 Caesar
1246 484 1308 524 est
1337 495 1388 523 ea
1415 484 1575 530 mente,
1630 496 1712 535 qua

257 538 404 588 optare
438 535 650 580 debemus.
707 538 801 578 Hac
828 551 875 578 re
903 539 1009 580 mihi
1036 540 1200 591 placet,
1244 540 1279 579 si
1312 539 1392 580 tibi
1431 539 1621 587 videtur,
1670 541 1713 579 te

257 593 310 632 ad
340 605 434 634 eum
463 595 650 635 scribere
679 595 721 633 et
750 593 803 634 ab
834 607 883 634 eo
924 596 1180 648 praesidium
1209 600 1377 648 petere,
1430 599 1477 636 ut
1506 595 1650 647 petisti
1686 610 1713 636 a

257 648 479 702 Pompeio,
529 663 595 691 me
636 649 805 701 quidem
833 651 1115 703 approbante,
1166 653 1425 705 temporibus
1453 651 1711 694 Milonianis.

255 706 483 747 Praestabo
519 729 577 736 —
632 708 669 747 si
700 707 917 748 Caesarem
946 708 1053 749 bene
1080 710 1181 750 novi
1219 731 1277 740 -—-
1332 722 1427 750 eum
1464 709 1585 761 prius
1614 710 1712 749 tuae

205 757 232 797 3
256 763 469 816 dignitatis
504 775 628 816 quam
665 776 764 803 suae
804 765 1000 806 utilitatis
1039 767 1247 807 rationem
1274 765 1534 808 habiturum.
1590 766 1711 805 Haec

256 833 380 872 quam
410 821 639 873 prudenter
668 820 747 860 tibi
775 821 978 874 scribam,
1018 823 1183 863 nescio:
1239 823 1312 863 sed
1341 823 1448 867 illud
1477 823 1593 863 certe
1621 822 1710 862 scio

253 891 321 918 me
352 877 404 918 ab
435 878 639 931 singulari
669 890 812 918 amore
841 891 891 919 ac
912 878 1218 928 benevolentia,
1251 891 1528 931 quaecunque
1549 877 1708 930 scribo,

252 935 333 975 tibi
363 935 572 975 scribere:
612 935 724 986 quod
753 936 794 975 te
823 956 880 966 —
934 937 995 977 ita
1022 936 1229 977 incolumi
1249 937 1426 977 Caesare
1453 936 1631 977 moriar!
1650 955 1709 965 -

253 993 362 1032 tanti
392 992 526 1045 facio,
563 994 610 1032 ut
640 1003 796 1043 paucos
827 1004 960 1043 aeque
989 1005 1040 1034 ae
1070 995 1113 1033 te
1142 1006 1261 1034 caros
1290 992 1483 1034 habeam.
1540 992 1603 1032 De
1625 991 1707 1031 hae

251 1061 300 1089 re
345 1061 475 1100 quum
512 1049 671 1099 aliquid
713 1049 1001 1101 constitueris,
1049 1051 1180 1091 velim
1216 1050 1321 1090 mihi
1361 1049 1533 1090 scribas.
1600 1047 1708 1089 Nam

249 1118 334 1145 non
366 1106 637 1146 mediocriter
664 1105 836 1153 laboro,
873 1107 920 1145 ut
949 1107 1137 1158 utrique,
1179 1108 1228 1146 ut
1257 1107 1343 1154 vis,
1384 1108 1499 1147 tuam
1528 1105 1705 1145 benevo-

247 1162 421 1203 lentiam
450 1163 667 1215 praestare
695 1161 849 1213 possis:
898 1175 1022 1214 quam
1051 1163 1295 1204 mehercule
1325 1165 1367 1203 te
1394 1163 1705 1216 praestaturum

246 1218 427 1260 confido.
485 1220 573 1260 Fac
603 1219 757 1261 valeas.

242 1346 409 1386 togatus,
441 1342 479 1376 in
504 1342 805 1388 Civilkleidung,
847 1343 902 1378 als
928 1342 1186 1389 Civilperson;
1230 1353 1307 1378 was
1331 1342 1411 1377 sich
1435 1350 1501 1376 aus
1525 1351 1568 1374 ne
1591 1339 1703 1392 {njis

243 1390 379 1423 castris
402 1400 512 1422 essem
537 1390 690 1425 erkliirt.
723 1390 789 1425 Stc
803 1390 880 1426 Md.
903 1390 1024 1424 Oxon.
1043 1390 1076 1424 2.
1105 1390 1172 1424 Cd.
1195 1390 1289 1433 Reg.
1314 1390 1400 1422 Asc.
1417 1389 1450 1422 1.
1477 1387 1575 1422 Crat.
1598 1386 1700 1421 Vict.

244 1437 278 1469 1.
305 1436 338 1470 2.
374 1436 502 1469 Lamb.
529 1437 626 1470 Lall.
653 1436 793 1471 Stroth.
836 1441 991 1478 rogatus
1015 1437 1096 1477 (auf
1110 1436 1189 1470 sein
1212 1434 1470 1478 iedesmaliges
1489 1432 1702 1473 Ersuchen)

244 1481 333 1516 Bos.
360 1483 499 1524 (Oxon.
514 1484 560 1525 1.)
588 1488 655 1517 ως.
682 1483 816 1517 Graev.
842 1482 933 1516 Ern.
961 1482 1048 1517 Sch.
1073 1482 1167 1516 Liin.
1189 1482 1260 1516 ΟΒ.
1276 1501 1321 1507 --
1344 1482 1486 1514 urbana
1499 1480 1575 1522 off„
1596 1477 1701 1512 seine

242 1528 592 1572 Angelegenheiten
627 1529 664 1562 in
694 1529 762 1562 der
785 1528 891 1562 stadt
915 1529 1022 1562 Rom.
1054 1546 1098 1553 —
1145 1528 1283 1562 vellem.
1326 1527 1456 1562 Verba
1486 1526 1579 1559 haec
1614 1528 1700 1558 sunt

243 1574 437 1608 Ciceronis
461 1575 698 1609 concedentis
722 1575 761 1608 id
783 1574 924 1618 Balbo,
958 1574 990 1609 si
1013 1573 1096 1618 ipse
1119 1573 1259 1608 Balbus
1282 1573 1410 1607 vellet.
1447 1572 1578 1605 vellent
1606 1570 1697 1604 Ern.

244 1620 341 1654 coni.
376 1619 461 1655 Sch.
492 1622 585 1657 Liin.
617 1640 662 1646 —
708 1621 778 1659 iis,
810 1620 912 1656 Vict.
937 1620 971 1654 2.
1007 1619 1119 1663 Seqq.
1154 1619 1212 1653 his
1242 1623 1401 1664 praesto.
1437 1637 1483 1644 —
1528 1626 1698 1659 compos„

243 1665 347 1700 eines
372 1667 562 1712 gutlichen
587 1666 823 1711 Vergleichs.
849 1684 892 1690 —
939 1676 1010 1699 non
1035 1666 1171 1709 desper.
1197 1677 1289 1708 esse,
1322 1665 1424 1699 nicht
1453 1673 1546 1707 ganz
1570 1662 1696 1714 auszu-

241 1713 365 1756 geben
390 1713 466 1756 sei3
507 1714 592 1748 dass
623 1724 703 1747 man
736 1713 848 1746 daran
881 1713 979 1746 noch
1001 1711 1104 1745 nicht
1127 1722 1221 1755 ganz
1246 1710 1482 1746 verzweifeln
1508 1709 1627 1742 diirte.
1651 1725 1698 1732 --

241 1770 312 1802 qua
337 1770 430 1794 esse.
455 1778 498 1785 -
546 1760 626 1794 Hac
650 1769 690 1793 re
712 1769 759 1792 =
783 1758 907 1792 daher.
931 1776 976 1783 —
1018 1758 1264 1801 praesidium,
1303 1757 1387 1790 eine
1412 1754 1695 1796 Schutzwache,

241 1805 381 1839 salvum
407 1807 649 1849 conductum,
686 1804 809 1839 sicher
834 1804 970 1839 Geleit.
996 1822 1040 1828 —
1084 1803 1318 1838 Milonianis.
1357 1803 1459 1835 Haec
1490 1801 1609 1851 lucem
1634 1809 1695 1832 ca·-

241 1851 349 1895 piunt
380 1863 429 1885 ex
463 1852 624 1897 epistola
649 1851 819 1893 CCLXI,
847 1853 909 1893 10,
951 1849 1013 1883 ubi
1038 1849 1171 1884 Cicero
1204 1850 1258 1884 sic
1282 1847 1414 1882 scribit
1438 1846 1484 1880 ad
1508 1847 1691 1890 Appium:

241 1908 312 1941 qua
336 1898 485 1941 denique
501 1899 563 1931 ille
588 1897 820 1941 (Pompeius)
836 1895 1016 1939 facilitate
1041 1902 1110 1930 cet.
1148 1897 1231 1930 Non
1249 1894 1344 1928 enim
1357 1893 1496 1927 Balbus
1522 1891 1568 1925 de
1584 1901 1694 1935 prae-

240 1943 349 1977 sidiis
385 1955 406 1977 a
429 1943 611 1988 Pompeio
644 1943 680 1977 in
713 1944 795 1976 foro
822 1942 1036 1984 collocatis,
1073 1953 1182 1985 quum
1209 1939 1362 1976 Milonis
1388 1948 1531 1991 causam
1564 1941 1694 1980 ageret

239 1988 374 2024 Cicero
401 1991 519 2032 (702),
546 1989 610 2024 sed
635 1989 760 2034 potius
785 1988 832 2023 de
847 1988 1028 2023 Cicerone
1053 1988 1135 2031 ipso
1161 1988 1337 2022 adversus
1361 1984 1562 2020 Clodianos
1578 1984 1692 2018 Pom-

238 2035 316 2079 peii
341 2036 450 2070 armis
476 2041 575 2070 tecto
600 2035 779 2079 loquitur.
809 2035 915 2069 SCH.
949 2053 993 2059 -
1046 2034 1266 2077 Prae-stabo,
1302 2031 1362 2066 ich
1394 2031 1477 2065 will
1506 2047 1552 2054 —-
1598 2028 1692 2062 oder

238 2081 298 2114 ich
331 2084 466 2116 miisste
491 2083 627 2116 Ciisarn
658 2093 725 2125 gar
753 2081 856 2115 nicht
886 2080 1032 2114 kennen
1058 2099 1100 2105 -
1147 2080 1245 2114 mich
1267 2078 1374 2112 dafiir
1397 2077 1619 2128 verbiirgen.
1645 2093 1690 2100 —

237 2127 429 2171 utilitatis,
466 2128 542 2162 wie
567 2128 605 2162 in
631 2128 777 2171 Anlage
802 2128 846 2162 A.
895 2131 977 2160 tuae
1000 2126 1124 2169 dign„
1164 2137 1235 2159 non
1261 2123 1433 2158 Caesaris
1456 2122 1594 2173 rationi
1617 2126 1686 2172 cet.

329 2177 363 2209 3.
397 2185 504 2218 quam
522 2174 631 2218 prad.
649 2200 659 2217 ‚
698 2174 771 2208 wie
795 2173 885 2216 klug
916 2173 975 2206 ich
1000 2172 1113 2206 daran
1139 2172 1249 2214 thue,
1287 2169 1371 2203 dass
1404 2168 1465 2202 ich
1490 2166 1690 2219 Dirudiess

237 2219 422 2254 schreibe.
450 2239 493 2245 -—
534 2225 639 2254 certe.
668 2221 802 2254 Nemo:
837 2223 947 2253 certo.
975 2218 1037 2252 ΟΒ
1069 2237 1112 2243 -
1150 2218 1195 2251 ab
1219 2229 1265 2250 =
1287 2225 1363 2250 auS.
1412 2214 1524 2249 Denn
1549 2212 1686 2256 Slngul.

237 2276 341 2300 amor
373 2266 448 2300 und
477 2267 646 2301 benevol.
682 2267 817 2301 sollten
847 2265 900 2299 als
933 2264 995 2298 die
1033 2264 1164 2300 Quelle
1200 2262 1408 2306 angesehen
1444 2258 1610 2295 werden.
1642 2277 1686 2283 -

235 2312 291 2346 ita
406 2313 568 2345 moriar!
610 2323 651 2345 so
684 2313 788 2347 wahr
818 2311 888 2345 mir
920 2311 1051 2345 Casars
1083 2309 1210 2343 Leben
1246 2310 1396 2342 theurer
1419 2305 1486 2349 ist,
1525 2306 1580 2339 als
1619 2304 1685 2338 das
1748 2339 1749 2343 ,

234 2359 414 2403 meinige!
462 2357 500 2393 S.
527 2358 676 2392 Ramsh.
702 2359 731 2401 ἕ.
757 2359 843 2400 166,
875 2359 909 2392 3.
953 2356 996 2391 Ν.
1021 2356 1054 2389 2.
1105 2355 1246 2389 Grotef.
1274 2355 1301 2398 §.
1320 2355 1410 2395 384,
1442 2353 1549 2387 Anm.
1575 2351 1606 2386 5.
1638 2369 1683 2375 —
1746 2363 1749 2383 s

234 2415 306 2438 non
329 2405 501 2438 mediocr.
527 2404 676 2443 laboro,
703 2415 743 2437 es
765 2404 861 2447 licgt
885 2402 955 2436 mir
979 2401 1081 2435 nicht
1104 2400 1230 2445 wenig
1252 2411 1309 2435 am
1326 2400 1484 2435 Herzen.
1511 2416 1553 2423 —
1588 2399 1682 2432 utri-

233 2462 322 2496 que,
345 2450 496 2487 Caesari
519 2460 637 2494 aeque
661 2460 703 2483 ac
727 2447 921 2494 Pompeio·
