1795 3043
493 28 808 76 EPISTOLA
844 29 1099 78 CCXXIII.
1433 38 1534 86 113

64 146 156 185 cias
185 145 303 184 mitti
319 146 520 196 placere:
550 145 591 183 si
618 157 667 183 ex
697 156 745 182 eo
776 156 972 195 numero,
1000 157 1105 197 quos
1135 158 1184 184 ex
1213 145 1260 187 S.
1285 146 1332 187 C.
1361 148 1405 186 in
1428 158 1533 197 pro-

65 204 232 241 vincias
262 204 327 240 ire
358 207 593 253 oporteret,
631 201 692 240 ad
717 213 939 239 numerum
968 215 1054 240 non
1084 208 1242 253 essent,
1281 206 1355 255 qui
1381 206 1427 242 in
1455 217 1531 244 eas

58 261 308 310 provincias
328 260 728 310 proficiscerentur:
758 263 848 295 tam
878 260 945 296 uti
971 259 1162 310 quodque
1190 262 1414 312 collegium
1436 264 1531 312 pri-

64 329 179 355 mum
201 322 456 366 praetorum
476 314 639 364 fuisset
666 327 797 365 neque
817 316 862 352 in
884 317 1136 364 provincias
1155 317 1353 367 profecti
1375 324 1528 370 essent,

64 374 132 412 ita
161 379 279 412 sorte
308 376 352 412 in
375 374 644 423 provinciam
667 372 1058 422 proficiscerentur:
1090 375 1130 411 si
1159 376 1192 411 ii
1218 374 1278 412 ad
1305 388 1527 415 numerum

63 441 153 468 non
182 436 334 478 essent,
363 436 464 468 tunc
480 429 672 479 deinceps
685 430 874 478 proximi
890 430 1084 479 cujusque
1103 432 1292 483 collegii,
1316 435 1528 483 quiprae-

63 491 182 526 tores
203 486 395 535 ficissent
421 500 552 538 neque
581 487 626 524 in
649 488 898 536 provincias
921 485 1111 535 profecti
1124 493 1275 537 essent,
1305 491 1349 527 in
1365 495 1527 529 sortem

63 546 349 595 coicerentur,
387 543 531 595 quoad
558 544 594 582 is
622 555 823 581 numerus
850 541 1023 592 effectus
1052 549 1180 594 esset,
1208 558 1329 596 quem
1360 547 1421 585 ad
1448 559 1527 586 nu-

63 613 227 640 merum
267 603 312 640 in
344 602 592 652 provincias
632 602 748 638 mitti
789 605 1019 650 oporteret.
1078 601 1126 639 Si
1164 603 1257 653 quis
1286 602 1383 642 huic
1412 604 1457 643 S.
1481 604 1525 644 C.

0 670 1 707 ;
63 659 389 707 intercessisset,
417 659 658 696 auctoritas
683 656 1029 706 perscriberetur.

0 709 1 748 l
176 713 290 754 Huic
321 713 361 753 S.
383 713 428 754 C.
458 712 702 752 intercessit
731 711 776 752 C.
794 711 976 764 Caelius,
1006 712 1049 752 C.
1065 712 1217 762 Pansa,
1247 713 1408 754 tribuni
1437 716 1524 767 ple.

0 750 1 795 3
175 770 257 810 Illa
269 772 492 822 praeterea
507 769 582 810 Cn.
592 769 781 822 Pompeii
795 771 892 809 sunt
905 769 1207 818 animadversa,
1221 784 1330 823 quae
1342 774 1524 813 maxime
1547 785 1577 826 9

0 819 1 850 l
63 824 363 867 confidentiam
393 828 627 867 attulerunt
664 825 930 873 hominibus,
972 828 1019 866 ut
1049 827 1212 868 diceret
1241 841 1285 869 se
1315 831 1412 868 ante
1442 830 1526 871 Ka-

60 884 409 925 lend.lllart.110n
432 896 552 936 posse
583 883 673 923 sine
703 884 860 923 iniuria
890 883 941 922 de
971 884 1204 936 provinciis
1223 886 1415 926 Caesaris
1445 890 1527 927 sta-

60 942 204 989 tuere„
236 943 333 994 post
360 942 455 981 Kal.
479 941 603 980 Mart.
637 953 681 980 se
712 953 794 980 non
825 940 1125 981 dubitaturum.
1178 942 1316 989 Quum
1345 944 1527 983 interro-

0 1028 2 1034 .
59 1000 246 1051 garetur,
275 999 311 1038 si
340 999 413 1050 qui
441 1000 531 1038 tum
561 998 898 1038 intercederent?
929 997 1036 1038 dixit
1066 999 1148 1039 hoc
1172 1000 1283 1039 nihil
1304 1000 1524 1050 interesse,

58 1058 201 1095 utrum
231 1056 274 1096 C.
298 1056 451 1096 Caesar
480 1055 643 1096 senatui
672 1055 786 1096 dicto
818 1055 991 1096 audiens
1020 1057 1184 1097 futurus
1205 1069 1289 1097 non
1314 1058 1437 1106 esset,
1470 1070 1525 1099 an

0 1185 4 1215 ὴ
61 1174 249 1217 gefassten
274 1175 579 1209 Rathschlusses.
612 1174 650 1209 S.
676 1186 721 1209 zu
745 1186 803 1220 ep.
825 1175 1076 1218 CLXXXIII,
1104 1175 1153 1209 im
1171 1178 1256 1211 Ans.
1284 1196 1329 1202 -
1353 1189 1412 1212 eos
1427 1178 1525 1213 wird

0 1232 1 1237 ¹
62 1221 132 1253 der
161 1221 429 1255 Deutlichkeit
458 1222 534 1254 und
565 1222 631 1255 des
662 1222 934 1255 Nachdruckes
969 1233 1102 1265 wegen
1133 1223 1374 1258 wiederholt.
1424 1225 1526 1259 Der-

0 1259 1 1274 ³
60 1266 238 1309 gleichen
269 1267 540 1311 Repetitionen
571 1267 700 1300 nimmt
732 1279 813 1300 man
847 1268 942 1301 auch
979 1268 1016 1301 in
1049 1268 1181 1302 diesen
1207 1269 1434 1304 Staatsacten
1459 1282 1525 1314 ge·

0 1304 1 1314 ¹
60 1313 178 1346 wahr.
205 1332 248 1337 —
272 1314 424 1354 sortito,
451 1319 568 1354 sorte,
596 1314 732 1346 durchs
758 1314 874 1354 Loos,
899 1313 973 1347 wie
999 1315 1154 1350 Verrin.
1182 1316 1233 1359 ΙΙ,
1261 1317 1317 1349 51.
1341 1327 1389 1351 Ξ
1411 1318 1526 1350 sorti-

62 1362 130 1392 tos.
158 1358 196 1392 S.
215 1359 364 1392 Ramsh.
391 1359 419 1401 §.
436 1359 514 1402 172,
530 1360 562 1393 3.
589 1359 731 1392 Grotef.
756 1360 783 1401 ᾗ.
803 1359 881 1393 326.
910 1361 1018 1393 A'nm.
1037 1360 1070 1393 2.
1090 1379 1132 1384 —
1165 1362 1212 1394 acl
1237 1372 1437 1405 numerum,
1464 1364 1525 1398 bis

61 1415 130 1439 zur
166 1405 392 1448 gehiirigen,
436 1404 473 1437 in
510 1405 713 1448 gelloriger
750 1405 853 1438 Zahl.
905 1405 943 1440 S.
970 1406 1120 1441 Ranish.
1155 1408 1182 1450 ἓ.
1200 1409 1286 1450 135,
1308 1410 1351 1451 3,
1383 1409 1468 1443 Not.
1487 1410 1521 1444 2.

62 1452 145 1494 137,
167 1453 198 1485 l.
223 1470 267 1476 —-
299 1452 352 1484 uti
379 1452 538 1494 quodque
563 1452 646 1484 coll.
668 1451 831 1494 primum
857 1459 948 1493 cet.,
982 1463 1024 1485 so
1055 1453 1128 1485 wie
1160 1454 1254 1487 oder
1279 1455 1314 1488 ie
1340 1456 1524 1490 naehdem

62 1498 119 1531 sie
146 1497 252 1530 einer
274 1498 370 1530 nach
395 1497 479 1530 dem
504 1497 643 1530 andern
669 1497 718 1530 im
735 1497 908 1540 Collegio
929 1498 996 1530 der
1010 1498 1195 1533 Pratoren
1215 1501 1419 1543 gestanden
1443 1503 1524 1536 h'at-

61 1550 143 1586 ten3
176 1544 254 1577 also
280 1544 372 1577 nach
405 1543 489 1575 dem
515 1543 759 1576 Dienstalter.
793 1544 1004 1587 proximum
1028 1545 1185 1579 Manutii
1217 1558 1321 1591 susp.
1349 1550 1403 1590 (ut
1428 1548 1524 1583 infra

60 1589 210 1623 locutus
245 1591 315 1631 est)
352 1589 435 1631 (Est
467 1590 619 1632 quidque
647 1590 810 1633 primum
843 1596 879 1623 et
908 1591 1069 1633 quodque
1096 1592 1257 1635 primum
1289 1605 1371 1627 cum
1403 1595 1520 1629 subst.

61 1647 206 1679 „unum
232 1642 318 1680 post
339 1636 533 1669 alterun1.''
565 1636 630 1669 cfr.
664 1636 712 1669 ad
735 1636 859 1669 Famil
889 1637 952 1678 12,
977 1639 1007 1670 1.
1041 1638 1084 1670 de
1107 1639 1235 1674 Dioin.
1259 1641 1290 1672 1.
1319 1641 1347 1683 ξ).
1370 1640 1447 1674 127.
1477 1642 1523 1674 de

60 1682 149 1716 Nat.
176 1682 224 1715 D.
241 1684 273 1724 l,
302 1682 329 1724 §.
348 1684 403 1724 77,
424 1683 479 1723 3.,
506 1682 534 1724 §.
556 1684 588 1715 7.
621 1681 773 1716 Curtius
794 1683 829 1725 4,
849 1684 884 1717 8.
918 1684 1073 1724 Africus
1098 1685 1224 1727 prima
1256 1697 1411 1731 quaeque
1435 1698 1522 1720 con-

60 1732 166 1770 gesta
195 1728 366 1770 subruit.)
405 1727 601 1761 ORELLI.
636 1729 769 1770 colleg.
796 1729 908 1772 prim.
945 1729 1222 1774 significantur,
1266 1733 1332 1776 qui
1356 1733 1524 1777 proximi

60 1781 255 1820 praetores
280 1775 447 1816 suerunt:
481 1774 566 1817 qui,
594 1774 626 1808 si
650 1775 846 1819 praeteriti
871 1783 1134 1820 numerentur,
1169 1777 1280 1821 primi
1307 1786 1519 1814 occurrunt.

7 1823 8 1834 ¹
60 1820 196 1856 MAN.
235 1820 274 1854 S.
299 1821 449 1854 Ramsh.
477 1821 504 1864 §.
525 1820 606 1862 156,
627 1822 661 1864 l,
688 1822 725 1863 b,
750 1832 781 1855 c.
809 1821 948 1855 Grotef.
976 1823 1005 1865 ἕ.
1020 1822 1099 1857 279.
1121 1824 1199 1858 384.
1232 1824 1315 1857 Der
1340 1826 1523 1860 Priitoren

8 1866 9 1870 ’
61 1878 188 1901 waren
210 1867 299 1900 aber
324 1866 361 1899 in
387 1866 510 1899 iedem
535 1867 659 1910 1ahre,
686 1868 765 1901 also
791 1867 839 1901 im
866 1867 1133 1912 iedesmaligen
1151 1870 1325 1913 Collegio
1352 1872 1460 1906 zehn.
1477 1890 1522 1897 —

8 1907 9 1911 ¹
57 1913 219 1958 profecti
243 1916 358 1945 essent
381 1923 450 1957 per
466 1912 629 1958 synesin.
667 1913 817 1947 Ramsh.
845 1914 872 1957 §.
890 1914 925 1957 2,
953 1926 982 1948 c.
1001 1915 1082 1957 296,
1108 1917 1163 1958 A,
1183 1917 1217 1950 4.
1234 1935 1278 1940 —
1308 1917 1348 1950 in
1366 1919 1523 1961 provin-

8 1962 9 1981 ³
62 1960 169 1993 ciam.
204 1958 269 1993 Sic
292 1958 370 1992 Md.
397 1959 498 1994 Vict.
513 1961 545 1992 1.
572 1958 692 2002 Beng.
708 1960 849 1996 Bened.
876 1961 914 1994 in
935 1961 1149 2005 provincias
1165 1963 1258 1996 Cett.
1274 1981 1318 1987 —
1343 1965 1396 1998 sz'.
1414 1990 1421 1998 .
1436 1975 1520 2000 non.

61 2005 213 2040 Ramsh.
238 2005 359 2047 §.190,
384 2006 603 2048 Anm.4.*).
632 2005 774 2039 Grotes.
801 2007 922 2050 §.405‚
949 2008 1164 2042 Anm.2.——
1188 2009 1355 2053 deinceps
1379 2010 1521 2055 (ἑξείης.

61 2051 213 2086 Ramsh.
238 2051 368 2094 §.177.)
391 2062 499 2095 prox.
518 2063 548 2085 c.
568 2052 716 2095 colleg„
743 2052 938 2087 derReihe
956 2055 1050 2087 nach
1066 2065 1131 2088 aus
1149 2054 1271 2088 iedem
1288 2056 1356 2089 der
1372 2058 1522 2091 nachst-

61 2096 263 2141 folgenden
279 2098 616 2141 Praturcollegien.
632 2117 677 2123 ·—
701 2099 739 2131 in
764 2103 897 2132 sortem
921 2100 1147 2133 coicerentar
1171 2100 1254 2142 (Sic
1272 2102 1350 2136 Md.
1371 2103 1473 2138 Vict.
1485 2104 1520 2138 2.

62 2155 109 2176 =
133 2143 399 2177 coniicerentur
423 2144 535 2185 cett.)
568 2145 603 2178 d.
631 2144 657 2178 i.
691 2145 774 2178 ihre
805 2146 948 2179 Namen
981 2147 1121 2180 sollten
1154 2146 1192 2180 in
1223 2147 1295 2181 den
1320 2148 1521 2194 Loostopt,

10 2187 11 2190 ’
61 2189 249 2234 hydriam,
273 2200 415 2231 urnam,
442 2191 617 2233 sitellam,
645 2191 836 2234 geworfen
859 2192 1012 2226 werden
1038 2198 1122 2226 statt
1147 2193 1382 2229 sortirentur.
1424 2196 1522 2230 Pro-

62 2235 148 2280 prie
172 2242 291 2269 sortes
316 2247 443 2269 eorum
468 2236 681 2270 nominibus
705 2237 908 2282 inscriptae
933 2239 971 2272 in
997 2249 1126 2272 urnam
1151 2239 1343 2274 coniectae
1369 2248 1524 2275 sunt.—

62 2282 98 2315 a's
129 2291 317 2323 numerus,
351 2292 452 2325 quem
482 2283 530 2316 ad
560 2293 760 2319 numerum.
801 2283 840 2318 S.
873 2295 920 2318 zu
946 2295 1006 2318 eos
1030 2285 1127 2318 oben
1160 2285 1238 2319 und
1267 2286 1296 2329 §.
1317 2289 1349 2322 7.
1377 2298 1520 2331 causas,

62 2327 190 2371 quibus
213 2327 256 2359 (Ie
280 2328 411 2361 causis.

154 2374 187 2407 9.
220 2373 295 2405 Illa
321 2399 328 2406 .
346 2398 353 2406 .
373 2399 380 2407 .
408 2373 573 2419 Pompeii
601 2375 716 2410 verba
752 2376 959 2419 „folgende
988 2377 1282 2421 Aeusserungen
1309 2378 1376 2412 des
1408 2380 1521 2413 Pom-

62 2418 210 2464 peius‚⁷'
235 2418 415 2452 wodurch
441 2431 482 2453 er
507 2421 694 2465 verrieth,
721 2423 806 2456 dass
832 2434 873 2455 er
899 2422 960 2455 die
984 2423 1209 2457 Triebfeder
1234 2435 1307 2458 von
1334 2424 1417 2458 dem
1442 2427 1522 2458 An-

0 2479 14 2502 ,ἦ
63 2472 167 2508 trage
194 2465 260 2498 des
286 2466 336 2499 M.
352 2466 553 2501 Marcellus
580 2468 647 2502 sei.
665 2487 707 2493 —
740 2473 779 2501 ut
803 2470 951 2509 diceret,
979 2469 1095 2511 „dass
1121 2481 1162 2503 er
1187 2470 1349 2503 namlich
1375 2473 1522 2514 sagte:’'

0 2508 14 2515 “’
63 2511 116 2545 Es
143 2512 191 2545 ist
216 2511 297 2544 hier
321 2512 385 2545 das
412 2513 649 2546 erlauternde
673 2518 725 2557 ut,
751 2526 828 2548 was
847 2516 911 2548 anf
932 2515 1006 2548 Illa
1031 2515 1113 2548 sich
1138 2516 1302 2549 bezieht.
1322 2535 1362 2540 —
1388 2527 1425 2549 se
1450 2528 1522 2551 ηοη

13 2559 15 2599 ξ
63 2558 199 2600 dubit„
232 2558 359 2591 werde
386 2569 427 2591 er
449 2558 587 2592 keinen
612 2561 782 2594 Anstand
808 2561 985 2602 nehmon,
1013 2561 1114 2595 diess
1140 2572 1185 2595 zu
1211 2562 1323 2605 thun3
1359 2563 1522 2597 niimlich

0 2631 15 2648 ‚1
64 2603 153 2646 quin
178 2609 360 2638 statueret
385 2604 431 2637 de
458 2615 514 2648 pr.
536 2605 641 2639 Caes.
660 2625 703 2631 —
734 2608 1009 2649 intercederent,
1037 2607 1225 2651 supplire:
1253 2607 1346 2650 quid
1370 2615 1445 2642 tum
1470 2610 1523 2643 sa-

9 2640 15 2698 [l
63 2649 236 2683 ciendum
262 2650 333 2683 siit
359 2669 401 2674 —-
435 2649 501 2683 hoc
525 2650 618 2684 nihil
640 2653 825 2695 interesse,
862 2664 901 2686 es
926 2653 1076 2686 komme
1101 2654 1167 2686 auf
1185 2653 1280 2686 Eius
1304 2654 1453 2688 heraus.
1479 2674 1525 2680 --

9 2702 16 2737 ς
64 2705 111 2729 an
129 2699 282 2740 pararet
308 2696 493 2730 tribunum
520 2697 662 2743 plebis,
689 2700 783 2733 oder
806 2699 930 2734 Einen
955 2700 1183 2741 aufmachte,
1211 2699 1296 2733 dass
1323 2710 1365 2734 er
1389 2711 1524 2737 u.s.w.

15 2779 17 2797 1
131 2763 186 2789 Cic.
205 2763 296 2789 Briese
314 2773 340 2790 ν.
358 2764 469 2791 Billerb.
491 2765 526 2791 11.
1195 2760 1223 2800 8
