1795 3043
231 89 334 137 450
497 82 563 129 M.
598 81 654 126 r.
691 79 1034 127 CICERONIS
1068 50 1448 129 EPISTOLAE.

233 198 410 238 suerunt
438 192 742 235 inimicissimi:
785 204 965 243 quorum
996 192 1192 236 artificiis
1221 191 1422 235 effectum
1450 196 1536 248 est,
1564 197 1613 237 ut
1640 207 1711 237 res

237 254 412 308 publica
440 252 485 292 in
516 251 631 292 hunc
661 250 818 290 statum
846 252 1104 304 perveniret.

425 423 739 484 EPISTOLA
777 384 1073 470 ‹3chqu
1107 423 1192 483 (aa
1223 424 1322 470 Att.
1349 423 1429 470 lx.
1465 425 1534 482 8.)

332 511 413 548 Ser.
439 510 477 546 in
502 512 702 557 Formiano
729 512 826 557 prid.
854 512 911 547 Id.
939 513 1051 547 Mart.
1078 512 1124 546 A.
1153 511 1199 546 U.
1229 512 1269 546 C
1297 511 1375 547 705..
1412 514 1460 555 (a.
1488 512 1531 548 C.
1558 506 1638 556 49.)
1672 505 1675 507 ’
1743 492 1751 498 .

241 581 304 617 De
328 581 607 626 Torquatorum
630 581 888 634 profectione.
935 581 981 614 de
1007 581 1253 615 Reatinorum
1265 591 1450 623 corona,
1497 580 1544 614 de
1569 584 1719 615 senato-

310 627 418 663 ribus
440 629 597 664 Romam
622 627 827 672 regressis3
865 627 912 660 de
938 628 1030 662 Caes
1015 638 1097 661 are
1122 615 1291 663 Formias
1316 617 1704 676 ventur0.1-—'2.v

744 695 932 731 CICERO
964 682 1156 731 ATTICO
1183 697 1222 733 S.

361 754 648 798 Coenantibus
676 755 815 807 pridie
845 755 946 795 Idus
974 754 1120 803 nobis,
1161 769 1212 797 ac
1241 757 1372 797 noctu
1403 755 1595 807 quidem,
1629 724 1722 800 Sta-

247 812 333 854 tius
371 827 396 853 a
426 817 469 853 te
508 814 734 866 epistolam
775 813 948 853 blevem
975 813 1133 853 attulit.
1191 813 1266 854 De.
1286 813 1333 853 L.
1365 814 1580 864 Torquato
1609 811 1724 864 quod

247 870 442 922 quaeris,
472 883 557 911 non
587 871 710 911 modo
741 870 925 918 Lucius,
966 870 1039 910 sed
1069 870 1197 910 etiam
1226 870 1360 911 Aulus
1390 871 1607 922 profectus
1637 869 1723 917 est3

249 928 360 968 alte1
406 928 561 969 multos
611 928 714 969 dies.
782 928 846 968 De
885 927 1163 968 Reatinorum
1206 939 1364 968 corona
1404 926 1519 978 quod
1557 925 1726 977 scribis,

247 986 425 1026 moleste
466 986 558 1026 fero
598 986 643 1025 in
675 997 776 1039 agio
806 984 965 1026 Sabino
995 986 1226 1026 sementem
1254 983 1350 1029 fieri
1379 983 1724 1036 proscriptionis.

251 1042 478 1082 Senatores
506 1027 659 1083 multos
691 1055 779 1083 esse
807 1043 966 1084 Romae
1001 1056 1077 1082 nos
1107 1054 1276 1095 quoque
1305 1041 1587 1082 audieramus.
1645 1040 1727 1080 Ec-

199 1101 227 1143 2
251 1099 353 1150 quid
384 1101 505 1151 potes
533 1099 700 1149 dicere,
745 1112 825 1139 cur
863 1100 1078 1140 exiexint‘?
1136 1101 1187 1139 In
1227 1099 1296 1138 his
1332 1099 1441 1138 locis
1486 1098 1630 1150 opiniio
1661 1098 1726 1136 est

250 1157 502 1196 coniectura
530 1158 664 1209 magis
694 1169 830 1208 quam
840 1158 988 1197 nuntio
1020 1158 1093 1197 aut
1111 1156 1266 1208 literis,
1298 1155 1520 1196 Caesarem
1542 1149 1729 1196 Formiis

251 1226 287 1253 a.
318 1213 358 1252 d.
390 1226 451 1253 xr.
483 1214 579 1253 Kal.
609 1213 716 1264 Apr.
753 1215 859 1254 fore.
918 1215 1003 1253 Hic
1043 1226 1120 1265 ego
1157 1215 1314 1254 vellem
1349 1212 1509 1254 habere
1545 1210 1727 1252 Homeri

249 1269 368 1309 illam
398 1269 639 1310 Minervam
667 1269 910 1310 simulatam
938 1270 1178 1333 Mentori,
1187 1271 1259 1311 cui
1288 1270 1498 1310 dicerem:

364 1327 542 1379 Μέντορ,
582 1326 666 1367 πῶς
693 1326 726 1364 τ’
757 1326 821 1374 αρ
853 1327 925 1376 ὶω,
975 1340 1060 1368 πως
1087 1326 1122 1364 τ’
1151 1321 1205 1374 οἷρ
1236 1324 1539 1374 ποοςπτύξομαι
1568 1310 1723 1373 αὐτὸν,-

251 1382 426 1425 Nullam
475 1396 565 1423 rem
609 1395 796 1434 unquam
839 1383 1129 1424 difficiliorem
1165 1384 1364 1437 cogitavi.
1453 1384 1538 1424 Sed
1585 1384 1727 1437 cogito

252 1443 418 1490 tamem
467 1453 548 1480 nec
587 1452 684 1487 ero,
726 1443 774 1479 ut
812 1439 857 1479 in
887 1441 1035 1490 malis,
1078 1442 1327 1493 imparatus.
1388 1441 1472 1481 Sed
1501 1453 1634 1493 cura,
1680 1441 1730 1481 ut

252 1499 410 1540 valeas.
469 1498 579 1537 Puto
610 1497 722 1537 enim
751 1496 864 1537 diem
892 1499 1012 1537 tuum
1041 1498 1137 1537 heri
1165 1499 1310 1539 fuisse.

254 1622 355 1657 Crat.
395 1621 499 1657 Vict.
525 1622 560 1656 1.
602 1619 732 1653 Lamb.
783 1618 841 1652 lais
877 1619 957 1653 Md.
1002 1621 1102 1656 Vict.
1128 1621 1161 1655 2.
1201 1622 1290 1659 Bos
1332 1621 1447 1666 Seqq.
1480 1639 1525 1646 —
1578 1619 1730 1664 artific„

253 1668 399 1703 Ranke.
427 1686 470 1693 -
516 1666 745 1711 perveniret,
783 1665 944 1701 Beierus
969 1666 1304 1709 Mss.pe1venerz·t.

348 1716 382 1748 1.
411 1714 536 1758 pridie
561 1713 649 1746 Idus
679 1711 858 1755 Martias,
898 1722 956 1745 am
988 1713 1041 1746 14.
1067 1713 1184 1746 Marz
1218 1732 1260 1738 —
1315 1713 1458 1748 Statius
1489 1724 1510 1748 e
1539 1723 1648 1747 servo
1683 1711 1731 1748 Q.

255 1760 453 1795 Ciceronis
486 1760 646 1794 libertus
689 1758 788 1803 apud
828 1768 912 1792 eum
946 1758 1062 1801 gratis
1048 1758 1190 1793 ssimus.
1240 1760 1328 1795 Vid.
1365 1771 1423 1804 ep.
1448 1760 1536 1794 LlI.
1581 1759 1730 1793 LXIX.

255 1807 590 1843 CLXXXIV.-—·-
643 1805 687 1838 L.
723 1803 887 1839 Manlius
922 1803 1149 1848 Torquatus,
1187 1805 1421 1850 Epicureus,
1464 1804 1630 1851 praetor'
1651 1806 1731 1844 705,

256 1854 389 1887 consul
414 1864 496 1887 cum
521 1853 631 1887 Cotta
654 1852 734 1887 690.
785 1850 874 1887 Vid.
903 1861 962 1895 ep.
981 1852 1153 1885 CXLIX.
1193 1852 1338 1888 CCCV.
1387 1852 1434 1887 de
1459 1852 1610 1886 Finibb.
1637 1853 1671 1895 1,
1696 1852 1731 1886 5.

254 1899 364 1934 Brut.
393 1901 450 1934 76.
476 1917 519 1923 —-
567 1899 617 1933 A.
644 1896 807 1931 Manlius
837 1897 1061 1941 Torquatus,
1087 1898 1191 1932 illius
1215 1899 1351 1942 frater,
1379 1898 1519 1933 amicus
1537 1897 1734 1934 CiceroniS

257 1956 440 1988 summus,
481 1945 542 1979 vir
572 1944 755 1988 optimus,
796 1948 951 1987 praetor
980 1944 1052 1977 suit
1087 1945 1173 1986 702,
1216 1945 1376 1979 Athenis
1414 1946 1584 1988 exsulat,
1629 1944 1734 1988 quod

257 1998 390 2026 contra
407 1993 604 2027 Caesarem
621 1994 786 2024 steterat.
838 1989 930 2025 Vid.
953 2000 1012 2034 ep.
1030 1990 1284 2034 CLXXXIV,
1310 1991 1485 2028 DXVII.
1519 1991 1565 2025 de
1579 1991 1730 2025 Finibb.

258 2039 323 2081 Il,
348 2039 406 2073 22.
433 2057 478 2062 —
520 2038 709 2081 profectus
734 2040 787 2069 est
810 2035 856 2069 ad
880 2036 1115 2081 Pompeium.
1145 2057 1187 2062 —
1236 2038 1369 2072 multos
1395 2039 1491 2082 dies,
1517 2038 1633 2073 sehon
1660 2036 1734 2072 seit
1756 2053 1759 2056 >

259 2084 384 2119 vielen
425 2084 567 2127 Tagen.
604 2102 647 2108 —
702 2082 943 2116 Reatinorum
974 2094 1111 2117 corona
1151 2083 1176 2118 i.
1210 2095 1243 2118 e.
1284 2083 1458 2127 circulis,
1504 2095 1577 2117 von
1611 2084 1733 2118 einem

261 2129 674 2170 Gesellschastscirkeh
728 2129 1047 2164 wahrscheinlich
1087 2140 1153 2164 aus
1195 2130 1475 2174 Pompeianern
1513 2129 1732 2165 bestehend.

260 2177 381 2212 Reate
410 2187 490 2210 war
521 2176 662 2210 damals
695 2175 757 2210 die
789 2176 1030 2210 vornehmste
1056 2175 1165 2211 Stadt
1197 2176 1246 2210 im
1273 2175 1556 2210 Sabinerlande.
1583 2195 1628 2201 —
1675 2186 1733 2209 se-

260 2227 371 2258 mem.
403 2222 487 2265 fieri
517 2222 738 2266 proscripa,
786 2221 871 2256 dass
908 2233 981 2256 von
1017 2222 1158 2257 diesem
1190 2222 1583 2257 Gesellschaftscirkel
1622 2226 1734 2256 unter

261 2270 452 2305 Auderem
481 2268 550 2302 ⁴das
577 2270 745 2303 Gerticht
776 2274 1014 2313 ausgestreut
1044 2269 1193 2312 werde,
1241 2269 1295 2302 als
1328 2269 1377 2302 ob
1411 2280 1483 2302 von
1508 2270 1623 2304 Casar
1647 2268 1733 2302 eine

261 2316 462 2360 Aechtung
492 2315 737 2360 bevorstehe,
781 2315 850 2349 od.
880 2315 937 2349 als
967 2316 1016 2350 ob
1041 2316 1155 2349 Gasar
1187 2313 1272 2348 eine
1297 2315 1563 2360 Proscription
1595 2325 1733 2349 vorzu-

260 2364 422 2397 nehmen
444 2361 630 2406 gedenke.
657 2380 700 2386 -
749 2373 814 2396 cur
838 2362 1005 2397 exievffint
1041 2362 1133 2395 Nam
1158 2360 1190 2395 si
1215 2361 1253 2395 in
1270 2361 1400 2397 urbem
1425 2361 1586 2398 redituri
1612 2366 1731 2404 erant,

261 2409 358 2443 nihil
384 2419 479 2453 opus
504 2413 585 2441 erat
611 2418 688 2441 eam
715 2408 944 2451 relinquere.
977 2407 1083 2442 SGH.

352 2455 387 2489 2.
420 2466 454 2489 a.
481 2454 516 2488 d.
542 2454 613 2489 XI.
638 2454 728 2487 Kal.
754 2456 849 2499 Apr.
874 2456 974 2497 for-‚e
1007 2465 1064 2487 am
1086 2453 1142 2489 22.
1161 2453 1268 2488 Marz
1294 2453 1491 2489 eintreffeu
1516 2452 1658 2488 werde.
1685 2470 1731 2478 --

261 2501 358 2545 Htc,
396 2501 499 2535 ietzt.
532 2520 575 2525 —
630 2498 777 2543 habere,
828 2511 897 2534 zur
934 2500 1040 2536 Seite
1074 2499 1206 2535 haben.
1238 2519 1284 2526 —
1336 2501 1457 2535 simul.
1500 2501 1618 2535 Ment.
1630 2524 1641 2543 ,
1691 2498 1730 2532 in

261 2548 432 2582 Mentors
459 2547 617 2581 Gestalt.
652 2564 697 2570 —
746 2561 821 2588 πως
845 2561 876 2581 κ.
902 2560 930 2582 τ.
955 2549 989 2581 λ.
1031 2546 1231 2591 „Ment01,
1257 2547 1444 2592 quomodo
1470 2557 1553 2581 eum
1577 2545 1730 2589 (Caesa-

262 2595 356 2636 rem)
392 2593 503 2628 adibo
530 2599 567 2627 et
592 2591 778 2636 quomodo
804 2603 887 2626 eum
912 2591 1168 2637 amplexabor.
1172 2593 1194 2608 '²
1239 2593 1369 2630 Verba
1402 2599 1487 2629 sunt
1512 2589 1730 2627 'lelemachi

261 2640 360 2692 apud
383 2641 588 2674 Homerum
615 2639 672 2672 Od
692 2648 749 2672 ss.
765 2639 837 2682 ΙΙΙ,
862 2650 896 2675 υ.
908 2639 965 2673 22.
991 2658 1036 2664 -
1074 2650 1172 2682 ν,εηι
1197 2640 1382 2684 Aufgabe.
1410 2659 1453 2665 —
1489 2643 1529 2674 ut
1549 2637 1729 2680 iaezmalie,

259 2685 332 2719 wie
364 2697 446 2721 man
484 2687 521 2720 in
556 2684 675 2719 boslic
706 2695 748 2718 er
770 2684 851 2728 Lag
854 2696 875 2719 e
905 2684 970 2719 auf
990 2684 1098 2719 Alles
1123 2686 1264 2729 gesasst
1288 2686 1369 2721 sein
1393 2696 1506 2724 muss.
1541 2703 1585 2711 ·-
1631 2683 1730 2719 diem

259 2735 381 2777 mum,
415 2732 517 2769 Dein
541 2731 757 2777 Fiebeitag.
806 2696 859 2767 Sgo
886 2742 944 2777 ep.
959 2731 1184 2776 CCCXLV,
1216 2744 1275 2768 am
1299 2732 1420 2768 Ende.
