1795 3043
535 81 853 129 EPISTOLA
911 80 1113 128 ccclx.
1469 88 1568 136 355

93 194 251 237 iniusta
265 194 429 294 111111ῘίοΥ
457 196 522 235 est
550 206 676 247 quam
705 194 979 235 iustissimum
1008 194 1181 236 bellum.
1241 195 1323 236 Sed
1361 195 1491 247 haec,
1522 199 1567 237 ut

93 255 181 295 sors
219 255 264 293 tu
286 254 347 293 eri
365 283 382 295 -.

257 413 574 467 EPISTOLA
618 412 817 458 CCCIX.
891 411 972 470 (ad
1007 412 1099 457 Att.
1134 412 1238 458 VII.
1277 415 1384 474 15.)

197 490 278 526 Ser.
308 490 456 535 Capuae
481 500 513 523 a.
542 487 578 522 d.
603 488 649 524 V.
675 488 760 522 Kal.
786 487 899 522 Febr.
926 488 973 522 A.
999 487 1045 522 U.
1073 487 1113 523 C.
1141 490 1219 523 705.
1246 490 1297 534 (a.
1320 491 1361 525 C.
1386 491 1461 534 49.)

139 559 332 604 Exponit,
366 569 461 603 quae
493 557 532 592 in
558 562 744 591 conventu
771 557 921 601 Capuae
946 556 1074 590 habito
1100 557 1251 592 decreta
1274 558 1360 593 sint.
1397 561 1515 595 1—3.

585 624 771 660 CICERO
802 625 996 660 ATTICO
1028 625 1068 661 S.

206 686 265 727 Ut
294 686 346 727 ab
376 685 482 726 urbe
511 684 698 736 discessi,
729 685 895 724 nullum
913 685 1052 727 adhuc
1080 686 1289 726 intermisi
1305 686 1428 735 diem,
1460 687 1563 739 quin

94 743 257 795 aliquid
296 757 321 784 a
361 744 402 783 te
439 742 660 783 literarum
699 741 864 783 darem:
914 755 1000 782 non
1043 756 1126 794 quo
1167 742 1368 784 haberem
1410 756 1562 798 magno

94 813 244 853 opere,
274 799 375 851 quid
404 798 635 840 scriberem
646 813 659 848 3
690 799 763 839 sed
793 802 838 839 ut
868 801 1066 851 loquerer
1091 802 1232 841 tecum
1262 800 1436 842 absens:
1478 813 1562 854 quo

94 858 222 909 mihi,
270 869 399 908 quum
429 869 572 897 coram
602 857 646 896 id
677 869 761 896 nou
791 857 913 908 licet,
956 857 1064 897 nihil
1097 860 1158 898 est
1188 858 1428 898 iucundius.
1487 859 1564 899 Ca·
1585 863 1614 904 2

93 927 220 967 puam
252 926 380 965 quum
407 914 616 954 venissem
645 928 683 955 a.
714 914 751 953 d.
781 926 840 954 vl.
875 915 970 954 Kal.
1001 914 1165 966 pridie,
1213 928 1337 967 quam
1366 917 1442 956 has
1469 917 1565 956 lite-

94 984 164 1012 ras
193 971 310 1023 dedi,
351 972 545 1012 eonsules
583 971 764 1011 conveni
807 972 1047 1022 multosque
1077 972 1211 1011 nostri
1240 973 1412 1013 ordinis.
1468 973 1566 1014 Om-

94 1041 169 1069 nes
199 1029 427 1080 cupiebant
467 1028 706 1080 Caesarem,
748 1027 943 1069 abductis
982 1029 1228 1080 praesidiis,
1271 1032 1384 1069 stare
1423 1030 1566 1070 condi-

94 1086 280 1126 tionibus
310 1087 376 1137 iis,
406 1098 509 1136 quas
538 1087 716 1125 tulisset.
776 1086 861 1125 Uni
892 1085 1081 1125 Favonio
1112 1087 1226 1139 leges
1256 1086 1309 1126 ab
1340 1088 1415 1126 illo
1442 1087 1566 1127 nobis

95 1143 255 1195 imponi
283 1155 368 1182 non
398 1142 613 1194 placebat:
648 1142 719 1183 sed
744 1142 780 1181 is
804 1142 916 1182 haud
935 1142 1103 1182 auditus
1132 1143 1175 1182 in
1208 1144 1400 1185 consilio.
1461 1144 1565 1184 Cato

96 1201 207 1240 enim
236 1199 328 1250 ipse
357 1199 441 1239 iam
471 1199 630 1239 servire
675 1211 802 1250 quam
839 1212 1029 1252 pugnare
1067 1201 1241 1241 mavult.
1311 1201 1393 1240 Sed
1425 1202 1565 1240 tamen

97 1257 156 1297 ait
186 1257 230 1296 in
260 1259 409 1296 senatu
440 1269 484 1295 se
515 1256 660 1296 adesse
689 1257 814 1304 velle,
845 1268 975 1306 quum
999 1256 1050 1296 de
1074 1256 1385 1297 conditionibus
1405 1260 1566 1311 agatur,

97 1315 132 1354 si
170 1313 324 1353 Caesar
361 1312 566 1353 adductus
605 1313 682 1360 sit,
723 1314 771 1351 ut
809 1313 1022 1364 praesidia
1060 1313 1254 1353 deducat.
1322 1315 1411 1366 Ita,
1454 1315 1567 1366 quod

97 1370 279 1410 maxime
309 1381 412 1422 opus
443 1371 524 1418 est,
571 1368 616 1409 in
647 1369 837 1409 Siciliam
874 1370 939 1408 ire
968 1381 1053 1408 non
1091 1375 1232 1420 curat,
1275 1371 1384 1421 quod
1427 1374 1567 1413 metuo

98 1439 152 1468 ne
181 1427 317 1480 obsit,
362 1427 406 1466 in
436 1427 585 1466 senatu
615 1438 703 1465 esse
734 1426 836 1466 vult.
902 1426 1144 1467 Postumius
1184 1429 1348 1480 autem,
1393 1428 1444 1468 de
1483 1441 1568 1481 quo

99 1550 282 1585 civilibus.
309 1549 410 1584 Crat.
434 1549 564 1582 Lamb.
585 1548 617 1582 b.
643 1560 723 1582 cum
748 1547 901 1582 civibus.
940 1548 1136 1583 ORELLI.
1158 1569 1199 1575 —
1259 1549 1332 1584 Sed
1357 1549 1445 1585 haec
1482 1561 1570 1586 eve-

100 1597 216 1631 nient.

190 1644 222 1676 1.
246 1640 445 1684 intermisi,
473 1639 531 1673 ich
557 1640 652 1674 habe
676 1639 808 1673 vorbei
833 1641 955 1684 gehen
981 1641 1118 1675 lassen.
1145 1660 1190 1667 —
1229 1643 1377 1687 quin:
1395 1644 1504 1678 ohne.
1525 1662 1572 1670 —-

100 1699 169 1734 quo
191 1700 238 1721 =
262 1688 317 1721 als
343 1687 404 1721 ob.
455 1685 493 1721 S.
528 1686 674 1721 Grotef.
709 1688 738 1730 §.
757 1687 835 1721 394.
863 1705 908 1712 -
955 1688 1063 1731 quid,
1097 1688 1226 1724 Lamb.
1261 1691 1356 1734 quod
1387 1691 1499 1726 scrib.
1525 1709 1571 1717 -

103 1746 229 1769 coram
253 1733 352 1768 steht
377 1733 459 1767 dem
485 1733 613 1767 absens
638 1737 834 1777 entgegen.

190 1781 223 1814 2.
253 1793 305 1814 Vl.
335 1781 445 1822 Kal„
470 1790 526 1813 am
551 1780 605 1814 27.
624 1781 770 1814 Ianuar.
798 1798 842 1805 —
889 1779 1055 1812 abductis
1081 1790 1131 1813 ex
1156 1780 1310 1815 urbibus
1329 1781 1462 1817 Italiae
1486 1793 1572 1828 sep-

102 1826 370 1869 temtrionalis,
398 1836 490 1869 quas
516 1832 776 1871 occupaverat.
824 1825 914 1860 Vid.
942 1836 1001 1870 ep.
1024 1826 1230 1870 CCCVIII,
1248 1829 1279 1862 1.
1305 1847 1348 1853 —-
1396 1829 1459 1867 iis,
1484 1831 1573 1865 Asc.

102 1875 135 1908 l.
161 1873 260 1907 Crat.
287 1873 388 1908 vict.
408 1874 439 1906 l.
465 1871 532 1906 his.
558 1890 604 1898 -—-
651 1877 750 1905 stare
775 1873 901 1915 cond.,
939 1872 1001 1906 bei
1034 1872 1106 1906 den
1132 1875 1478 1918 vorgeschlageuen
1499 1876 1574 1910 Be-

102 1919 318 1963 dingungen
345 1919 542 1952 beharreu.
567 1937 612 1943 -
661 1919 847 1958 Favonio,
874 1918 933 1952 illi
959 1919 1113 1953 Catonis
1139 1921 1306 1964 aemulo,
1341 1921 1446 1955 cuius
1470 1933 1574 1956 men-

103 1965 156 1999 tio
183 1965 225 1998 fit
261 1976 319 2010 ep.
338 1965 418 1999 211.
445 1965 524 1999 267.
573 1964 669 1998 Eum
694 1965 885 2008 Augustus
918 1965 1047 1998 ultimo
1075 1966 1264 2011 supplicio
1298 1968 1433 2002 affecit.
1481 1968 1572 2004 vid.

103 2011 259 2046 Sueton.
287 2013 406 2045 Octav
426 2023 470 2045 .c.
493 2012 548 2045 13.
575 2010 683 2045 SGH.
704 2029 748 2035 —
773 2011 924 2055 imponi,
940 2011 1164 2056 praescribi.
1195 2013 1234 2047 S.
1249 2013 1284 2047 d.
1300 2014 1468 2058 folg.Br.
1496 2016 1525 2058 ἓ.
1541 2016 1574 2049 4.

102 2076 146 2083 -
173 2057 331 2091 auditus.
378 2058 556 2091 Fortasse
570 2057 656 2090 add.
674 2060 736 2090 est.
789 2057 862 2093 ΟΒ,
889 2077 935 2082 —-
961 2058 1052 2092 Cato
1079 2065 1149 2093 cet.
1176 2059 1276 2094 Dass
1292 2071 1330 2093 es
1348 2071 1389 2094 so
1405 2062 1576 2096 schlimm

104 2103 171 2138 mit
197 2104 289 2138 Cato
315 2102 417 2137 nicht
444 2103 570 2145 stand,
598 2103 741 2137 bewies
768 2114 810 2136 er
835 2103 1015 2147 nachher,
1042 2105 1247 2139 besonders
1273 2116 1318 2139 zu
1345 2107 1464 2142 Utica.
1513 2107 1578 2143 Ci-

105 2161 192 2184 cero
218 2161 299 2184 war
324 2149 458 2183 iedoch
485 2160 649 2193 wegen
677 2149 753 2183 des
789 2149 1039 2195 Triumphs
1071 2151 1137 2184 mit
1163 2150 1237 2184 ihm
1266 2152 1367 2186 nicht
1392 2164 1486 2196 ganz
1512 2164 1578 2188 zu-

103 2196 270 2239 frieden,
296 2196 371 2229 wie
396 2196 467 2229 wir
494 2196 531 2229 in
557 2196 627 2229 den
653 2195 811 2239 vorigen
839 2196 993 2230 Briefen
1018 2207 1050 2231 z.
1068 2197 1112 2230 B.
1140 2208 1201 2242 ep.
1219 2198 1427 2243 CCXCIII,
1454 2202 1487 2234 7.
1511 2211 1578 2244 ge·

106 2243 209 2276 lesen
234 2243 371 2276 haben:
400 2262 442 2266 —
492 2242 530 2275 z'n
555 2243 726 2276 Siciliam
752 2242 809 2275 illi
837 2242 1081 2286 assignatam,
1106 2254 1217 2287 quum
1242 2245 1376 2279 Italiae
1403 2246 1579 2290 regiones

107 2289 320 2332 descriptae
345 2294 448 2331 sunt,
475 2300 582 2331 quam
610 2289 769 2332 quisque
796 2295 973 2323 tueretur.
1024 2289 1115 2326 vid.
1144 2301 1203 2335 ep.
1236 2292 1282 2325 ad
1308 2293 1438 2327 Famil.
1465 2293 1577 2335 XVI,

108 2336 162 2368 ll.
185 2335 388 2377 (CCCI,3.)
425 2336 571 2368 Fruher
596 2335 694 2369 hatte
720 2346 758 2368 es
793 2336 997 2378 verlautet,
1031 2336 1085 2370 als
1111 2337 1159 2370 ob
1183 2337 1388 2382 Pompeius
1416 2339 1488 2372 den
1515 2338 1580 2373 Ci-

108 2391 195 2414 cero
231 2380 341 2414 dahin
373 2381 511 2414 senden
545 2382 687 2415 wollte.
730 2381 769 2416 S.
807 2393 864 2425 ep.
887 2383 973 2424 2923,
999 2382 1030 2416 4.
1065 2398 1109 2406 —·
1166 2385 1261 2427 quod
1291 2396 1388 2418 max.
1422 2396 1479 2428 op.
1512 2388 1578 2427 ese,

108 2437 196 2470 „wo
223 2426 325 2459 seine
340 2427 569 2470 Gegenwart
591 2438 676 2461 vom
695 2431 866 2471 grossten
887 2429 1035 2462 Nutzen
1057 2427 1136 2463 sein
1157 2430 1326 2473 wurde,’'
1351 2431 1398 2464 im
1418 2432 1580 2474 Gegens.

108 2483 180 2506 von
206 2473 301 2516 quod
326 2477 442 2505 metuo
469 2484 510 2506 ne
536 2474 649 2517 obsit,
686 2485 727 2507 er
752 2475 831 2508 will
858 2475 905 2507 im
933 2475 1069 2509 Senate
1094 2475 1188 2519 sein,
1215 2488 1273 2510 wo
1299 2477 1404 2510 seine
1430 2477 1580 2521 Gegen-

108 2524 225 2561 wart,
253 2519 326 2552 wie
354 2519 412 2551 ich
441 2519 620 2563 besorge,
647 2520 809 2554 schaden
836 2521 969 2555 durfte.
1020 2521 1158 2555 Metuit
1177 2533 1330 2567 nempe,
1357 2534 1420 2565 ne,
1447 2530 1485 2557 ut
1510 2524 1581 2558 Ga-

108 2565 202 2599 saris
228 2564 420 2607 iuimicus,
447 2566 554 2608 plura
578 2567 764 2610 postulet,
800 2578 906 2611 quam
934 2578 1028 2612 opus
1055 2568 1114 2601 sit.
1162 2569 1270 2602 SCH.
1297 2570 1386 2603 Cato
1413 2569 1504 2612 ging
1529 2569 1582 2603 ie·-

109 2612 205 2644 doch
230 2612 323 2644 nach
350 2610 520 2655 Sicilien,
545 2612 620 2645 floh
648 2613 737 2646 aber
766 2614 944 2656 nachher,
971 2614 1025 2647 als
1042 2625 1082 2647 er
1101 2615 1246 2649 Curio's
1269 2615 1437 2649 Ankunst
1462 2616 1582 2650 horte.

110 2657 221 2691 Denn
248 2669 290 2690 er
315 2668 396 2690 war
421 2657 507 2691 (lort
534 2669 579 2692 zu
607 2659 692 2692 sehr
727 2660 932 2694 verlassen.
983 2660 1020 2694 S.
1055 2661 1160 2695 Caes.
1194 2661 1240 2694 de
1274 2661 1317 2694 B.
1357 2661 1438 2696 Civ.
1459 2662 1498 2705 1,
1524 2663 1583 2697 30.

110 2703 157 2736 ad
183 2703 297 2737 Attic.
319 2704 377 2746 X,
406 2705 459 2738 13.
486 2723 531 2729 —
583 2704 622 2738 T.
649 2705 876 2749 Postumius,
904 2717 1011 2749 quem
1039 2707 1174 2741 Cicero
1203 2707 1312 2740 Brut.
1340 2718 1370 2741 e.
1396 2710 1459 2749 77,
1509 2719 1584 2742 non

113 2749 232 2783 minus
267 2749 522 2784 vehementem
556 2751 819 2795 imperatorem
857 2762 965 2796 quam
997 2752 1216 2787 bellatorem
1250 2752 1427 2788 nominat.
1475 2754 1582 2790 SCH.

1190 2813 1278 2854 23*
