1795 3043
200 58 302 113 296
470 52 537 102 M,
559 54 615 103 T.
645 53 988 104 CICERONIS
1020 53 1395 105 EPISTOLAE.

205 166 414 221 Corcyrae
441 178 525 207 non
554 165 805 212 sederemus,
863 168 978 210 Cura
1015 168 1145 222 igitur
1181 170 1225 209 te
1265 170 1308 209 et
1337 168 1556 212 confirma:
1595 170 1654 224 et,

205 235 333 275 quum
361 223 579 264 commode
607 227 649 265 et
675 237 753 277 per
780 226 1064 267 valetudinem
1094 227 1136 266 et
1162 238 1241 278 per
1268 226 1369 266 anni
1397 228 1559 279 tempus
1583 240 1655 268 na-

204 282 348 334 vigare
397 281 582 334 poteris,
621 281 673 322 ad
700 295 775 323 nos
804 283 1107 324 amantissimos
1135 283 1200 323 tui
1229 283 1338 323 veni.
1413 282 1542 324 Nemo
1578 297 1655 324 nos

207 339 341 388 amat,
381 338 455 390 qui
492 339 535 378 te
574 351 658 380 non
697 339 855 394 diligat.
929 340 1062 380 Carus
1090 339 1282 380 omnibus
1309 342 1657 392 exspectatusque

207 395 365 438 venies.
424 395 557 448 Cura,
596 398 643 437 ut
680 398 821 438 valeas
859 396 987 438 etiam
1024 398 1152 448 atque
1181 396 1331 450 etiam,
1366 396 1470 439 Tiro
1498 400 1655 439 noster.

206 451 324 494 Vale.
374 464 442 497 xv.
462 451 639 494 Kalend.
669 453 888 495 Decembr.
919 454 1115 508 Corcyra.

386 624 700 706 EPISTOLA
734 659 959 707 ccxcu.
1005 660 1088 720 (ad
1121 660 1227 707 niv.
1260 660 1379 706 xvi.
1415 658 1488 718 9.)

346 744 429 781 scr.
453 746 649 781 Brundisii
672 747 741 784 IV.
768 747 853 782 Kal.
877 747 975 783 Dec.
998 747 1044 783 A.
1070 747 1116 783 U.
1142 747 1184 783 C.
1210 748 1288 783 704.
1313 749 1360 792 (a.
1386 746 1426 783 C.
1450 746 1524 789 50.)

210 811 494 858 Navigationem
524 813 563 849 in
588 814 734 849 Italiam
766 815 940 850 discribit
969 814 1179 859 iterumque
1202 816 1427 851 valetudinis
1451 825 1575 850 curam
1599 813 1665 848 'ri-

691 861 775 896 roni
801 862 1042 897 commendat.
1069 863 1187 897 1—4.

410 926 629 965 TULLIUS
654 930 723 965 ET
748 931 934 966 CICERO
959 931 1141 967 TIRONI
1166 930 1265 966 SUO
1291 930 1329 966 S.
1355 930 1401 966 P.
1426 930 1476 965 D.

324 996 409 1038 Nos
438 1013 462 1040 a
491 1001 554 1052 te,
590 1001 637 1040 ut
666 1001 771 1051 scis,
801 1002 1067 1043 discessimus
1096 1015 1132 1042 a.
1161 1000 1200 1042 d.
1231 1014 1288 1043 iv.
1308 984 1669 1043 Non..N0vemb}.

214 1054 452 1096 Leucadem
479 1057 669 1098 venimus
697 1072 734 1100 a.
754 1059 793 1100 d.
808 1072 907 1100 vm.
922 1059 1022 1099 Idus
1036 1058 1260 1099 Novembr.
1289 1072 1324 1098 a.
1342 1058 1381 1099 d.
1394 1055 1668 1098 V11.Actium:

214 1111 275 1152 ibi
302 1115 477 1165 propter
505 1115 796 1166 tempestatem
825 1130 864 1156 a.
885 1115 925 1157 d.
953 1129 1014 1158 v1.
1036 1115 1134 1156 Idus
1164 1116 1316 1155 morati
1351 1126 1506 1154 sumus.
1566 1113 1671 1154 Inde

212 1181 251 1208 a.
281 1169 318 1208 d.
347 1182 386 1209 v.
418 1170 518 1210 ldus
558 1171 784 1226 Corcyram
816 1171 1046 1212 bellissime
1087 1172 1390 1225 navigavimus.
1462 1171 1671 1223 Corcyrae

214 1225 367 1267 fuimus
415 1239 546 1277 usque
585 1242 623 1269 a.
664 1229 703 1268 d.
746 1241 835 1271 xvl.
865 1228 1045 1268 Kalend.
1093 1227 1319 1271 Decembr.
1356 1227 1673 1280 tempestatibus

214 1282 382 1322 retenti.
423 1283 473 1323 A.
488 1283 526 1322 d.
550 1297 615 1325 xv.
630 1285 808 1326 Kalend.
824 1285 1047 1326 Decembr.
1078 1285 1123 1324 in
1153 1286 1323 1337 portum
1341 1284 1672 1336 Corcyraeorum

213 1339 268 1380 ad
292 1339 516 1393 Cassiopen
546 1340 682 1382 stadia
714 1355 808 1383 cxx.
830 1341 1124 1394 processimus.
1169 1341 1235 1381 Ibi
1264 1341 1419 1381 retenti
1446 1340 1581 1381 ventis
1609 1354 1675 1380 su-

215 1408 306 1437 mus
335 1408 467 1448 usque
495 1411 534 1438 a.
563 1398 602 1438 d.
631 1411 691 1441 ix.
711 1398 938 1441 Kalendas.
996 1399 1179 1447 Interea,
1207 1399 1280 1449 qui
1311 1396 1462 1450 cupide
1490 1397 1674 1449 profecti

165 1456 193 1497 2
217 1454 336 1503 sunt,
375 1454 498 1494 multi
527 1455 750 1508 naufragia
788 1456 994 1496 fecerunt.
1051 1454 1138 1496 Nos
1177 1466 1227 1494 eo
1256 1455 1325 1495 die
1355 1455 1522 1494 coenati
1551 1454 1675 1494 solvi-

215 1523 320 1552 muS.
374 1511 478 1551 Inde
507 1513 649 1551 austro
678 1513 917 1564 lenissimo,
947 1513 1066 1553 caelo
1093 1524 1254 1560 sereno,
1285 1513 1410 1551 nocte
1438 1511 1514 1551 illa
1541 1512 1584 1550 et
1606 1510 1675 1550 die

216 1569 386 1621 postero
415 1568 459 1608 in
481 1568 649 1609 Italiam
677 1569 731 1610 ad
747 1569 1014 1622 Hydruntem
1042 1569 1266 1609 ludibundi
1295 1568 1579 1621 pervenimus:
1610 1579 1676 1608 eo-

219 1710 332 1746 iidem
356 1712 459 1746 venti
483 1712 636 1746 secundi
661 1718 699 1747 et
721 1713 868 1748 adversi
888 1718 1005 1757 erant,
1025 1713 1088 1757 qui
1108 1713 1282 1748 Ciceroni
1299 1714 1467 1760 Corcyra
1482 1713 1517 1749 in
1533 1713 1678 1749 Italiam

220 1758 398 1793 tendenti.
431 1759 563 1803 Itaque
586 1759 682 1793 male
701 1759 881 1794 Graevius
907 1759 1169 1803 corrigendum
1195 1760 1348 1804 putabat
1371 1761 1434 1804 qui
1457 1761 1532 1794 m'si
1551 1764 1677 1795 essent.

218 1804 326 1839 SCH.
347 1823 392 1830 --
437 1816 508 1839 nou
531 1806 752 1850 sederemus,
791 1816 832 1840 so
863 1806 1021 1841 wiirden
1052 1806 1125 1840 wir
1150 1806 1251 1840 nicht
1275 1806 1346 1840 fest
1370 1806 1501 1841 sitzen.
1521 1825 1563 1831 —
1605 1807 1680 1841 De-

219 1850 421 1886 cembribus
443 1862 465 1885 e
490 1858 593 1885 certa
615 1851 850 1886 correctione
875 1853 964 1887 Cld.
988 1853 1083 1896 Reg.
1111 1852 1329 1895 (Manutius)
1354 1853 1450 1887 Lali.
1477 1852 1564 1888 Sch.
1584 1853 1678 1887 Liin.

221 1896 417 1931 Novembr.
445 1897 541 1932 Cett.
568 1909 649 1931 cum
674 1898 752 1933 Md.
776 1899 972 1933 ORELLI.
1004 1911 1068 1934 xv.
1084 1898 1176 1934 Kal.
1194 1899 1302 1943 Dec.‚
1327 1909 1384 1933 am
1399 1900 1442 1934 17
1454 1899 1678 1934 November.

222 1942 409 1988 Corcyra,
441 1953 513 1977 von
539 1944 707 1990 Corcyra
729 1955 806 1980 aus.

315 2001 348 2035 l.
375 2011 409 2034 a.
436 2000 471 2035 d.
496 2014 553 2036 ιν.
577 2002 676 2037 Non.
702 2002 816 2046 Nota,
840 2013 896 2036 am
920 2003 952 2038 2.
968 2001 1251 2038 November.-
1275 2013 1309 2036 a.
1330 2002 1366 2035 d.
1389 2014 1481 2037 vzrr.
1497 2002 1553 2036 Id.
1569 2001 1680 2044 Nou„

223 2056 280 2080 am
305 2047 338 2082 6.
357 2046 509 2082 Nov.-
535 2060 569 2083 a.
596 2049 631 2083 d.
659 2061 755 2092 vn„
779 2060 836 2083 am
863 2050 1063 2085 7.Nov.—
1088 2060 1121 2084 a.
1146 2049 1180 2083 d.
1206 2061 1260 2082 vr.
1277 2049 1355 2088 Id„
1381 2048 1452 2082 den
1477 2049 1509 2083 8.
1524 2049 1681 2082 Nov.—

224 2104 261 2127 a.
286 2093 322 2127 d.
350 2105 386 2126 ν.
409 2094 487 2137 Id„
512 2105 569 2128 am
593 2096 626 2129 9.
642 2095 797 2130 Nov.—
830 2098 878 2130 Α.
905 2096 939 2130 d.
963 2109 1026 2131 xv.
1054 2095 1146 2130 Kal.
1171 2095 1280 2134 Dec.‚
1303 2105 1360 2127 am
1386 2096 1440 2128 17.
1456 2094 1551 2129 Nov.
1569 2112 1613 2119 -
1641 2094 1682 2127 in

220 2143 370 2184 portum
395 2164 404 2173 .
421 2164 454 2174 ..
479 2141 528 2175 ad
553 2141 762 2186 Cassiopen.
812 2142 888 2177 Die
920 2142 1130 2188 Corcyraer
1160 2141 1285 2175 hatten
1318 2140 1366 2173 im
1406 2140 1683 2174 benachbarten

225 2184 366 2229 Epirus
390 2185 499 2220 einen
523 2187 644 2221 Hasen
669 2187 729 2222 bei
755 2188 823 2222 der
847 2188 956 2223 Stadt
980 2187 1160 2232 Cassiope
1185 2187 1290 2228 (ietzt
1314 2186 1469 2227 lanina).
1494 2186 1532 2220 S.
1547 2185 1682 2220 Strabo

224 2231 311 2265 Lib.
332 2233 365 2266 l.
397 2231 557 2268 Ptolem.
584 2244 619 2267 u.
645 2234 787 2271 Paulus
820 2246 840 2268 e
874 2235 959 2269 libr.
980 2235 1024 2269 28
1055 2234 1102 2267 ad
1126 2233 1237 2266 edict.
1263 2231 1347 2266 libr.
1366 2232 1477 2268 XIV.
1502 2232 1681 2266 Pandect.

227 2277 304 2313 Tit.
323 2279 356 2312 l.
382 2277 455 2322 leg.
473 2280 506 2313 l.
531 2281 560 2323 §.
579 2281 652 2314 11.:
690 2286 757 2323 „ut
789 2292 877 2315 ecce
901 2286 986 2315 sunt
1011 2290 1140 2321 naves,
1166 2290 1261 2322 quae
1284 2278 1525 2312 Brundisium
1550 2289 1570 2312 a
1594 2278 1683 2312 Cas-

226 2323 336 2368 siopa
350 2324 409 2358 vel
425 2335 446 2358 a
463 2325 703 2371 Dyrrhachio
728 2333 898 2361 vectores
925 2325 1149 2360 traiiciunt.”
1187 2326 1267 2358 Aus
1286 2324 1425 2358 diesem
1445 2324 1565 2358 Hasen
1585 2330 1684 2357 setz-

227 2376 290 2404 ten
314 2369 370 2404 sie
395 2370 546 2404 alsdann
571 2373 663 2405 nach
676 2372 811 2406 Italien
836 2372 1062 2407 hiniiber.-
1096 2382 1172 2415 usq.
1193 2382 1226 2404 α.
1253 2371 1288 2405 d.
1315 2383 1372 2405 tx.
1390 2371 1500 2414 Kal„
1524 2370 1582 2404 bis
1600 2379 1684 2403 zum

226 2415 284 2451 23.
298 2416 395 2451 Nov.
417 2435 463 2442 -
497 2418 643 2470 cupide,
667 2428 713 2452 zu
740 2418 911 2463 begierig
934 2418 1067 2453 weiter
1091 2428 1137 2451 zu
1162 2417 1298 2452 reisen.
1332 2417 1422 2460 Vgl.
1449 2417 1478 2460 §.
1494 2417 1535 2452 4:
1560 2415 1684 2451 Solent

228 2487 239 2497 .
256 2487 265 2497 .
280 2484 290 2497 .
314 2467 479 2508 quaestus
503 2474 561 2497 suz
584 2475 706 2497 causa.
1476 2475 1485 2479 ·

323 2520 355 2554 2.
381 2531 478 2555 coen.
512 2521 621 2564 solu,
657 2520 728 2554 wir
759 2520 936 2573 licbteten
961 2520 1023 2556 die
1046 2520 1176 2572 Anker
1200 2520 1294 2553 nach
1318 2518 1402 2572 dem
1427 2518 1684 2598 Αϋεηάεἷῗξη,

230 2573 436 2646 ’6210ἰῖιῦ
440 2577 651 2647 33έῖἶὲᾗῖ
668 2567 1209 2658 -’“””ἑῗι“ἵὶζ,;ινῗὲῗέ,ἰῗωὶζ«Ξῗ
1220 2566 1685 2651 0⁷15?.5:{‘;“}².1‘”3.¹f·.bs÷.„‘3

233 2659 297 2692 150
323 2657 474 2692 Stadien
501 2671 572 2693 von
587 2658 835 2693 Brundisium.
853 2678 899 2684 —
938 2660 1072 2698 ludib„
1097 2657 1282 2702 spieiend,
1308 2658 1373 2692 mit
1387 2655 1583 2692 Kurzweil
1606 2655 1641 2689 d.
1661 2655 1685 2688 i.

232 2704 329 2738 ohne
364 2705 496 2749 Mulie,
535 2705 790 2749 unverme1-kt;
830 2704 906 2739 wie
934 2704 1085 2741 Verrin.
1112 2704 1186 2748 m,
1211 2706 1268 2739 57.
1302 2703 1449 2738 Gellius
1479 2702 1556 2746 111,
1582 2702 1616 2736 5.
1643 2720 1689 2728 -
