1795 3043
90 272 115 310 4

86 724 116 767 Εἰὶ

141 42 208 89 30
413 35 479 81 Μ.
514 35 570 81 Τ.
608 31 943 80 CICERONIS
978 33 1354 82 EPISTOLAE.

142 150 293 200 Itaque
322 147 587 189 admirabere
617 158 753 186 meam
784 142 1018 198 βαθύτητα,
1050 159 1182 198 quum
1203 146 1309 188 salvi
1331 145 1604 190 redierimus:

140 209 257 247 tanta
287 207 393 246 mihi
421 205 566 253 μελέτη
602 204 729 244 11111115
757 205 926 244 virtutis
956 205 1095 246 datur.
1153 206 1268 257 Ergo
1299 206 1407 245 haec
1437 217 1606 257 quoque

141 265 359 305 hactenus.
419 262 511 302 Etsi
547 262 653 301 mihi
683 261 792 301 nihil
823 263 913 301 erat
934 263 1200 314 propositum
1230 262 1282 302 ad
1311 261 1604 312 scribendum

140 322 255 373 quia,
276 319 377 371 quid
396 331 555 372 ageres,
578 318 650 358 ubi
673 320 884 359 terrarum
904 331 1027 367 esses,
1059 332 1113 360 ne
1133 319 1381 371 suspicabar
1411 319 1605 371 quidem:

138 391 219 419 nec
250 377 427 417 hercule
463 388 649 427 unquam
678 378 766 415 tam
796 375 868 416 diu
899 376 1072 429 ignarus
1110 389 1253 417 rerum
1294 389 1482 417 mearum
1512 377 1604 427 fui;

139 435 243 487 quid
281 434 332 473 de
370 433 581 481 Caesaris,
614 433 717 485 quid
757 433 809 473 de
847 433 1021 473 Milonis
1058 434 1301 474 nominibus
1342 436 1484 474 actum
1525 435 1604 474 sitx

138 506 189 534 ac
229 504 314 531 non
352 490 473 531 modo
510 503 656 543 nemo,
696 490 769 531 sed
809 502 863 530 ne
892 503 1037 531 rumor
1066 492 1236 543 quidem
1265 491 1514 543 quisquam,
1556 492 1605 531 ut

138 550 360 596 sciremus,
392 548 436 588 in
466 561 513 588 re
543 548 718 600 publica
747 548 849 600 quid
879 549 1086 601 ageretur.
1147 550 1287 597 Quare
1317 549 1473 600 siquid
1504 547 1603 596 erit,

138 607 250 658 quod
281 606 392 646 scias
422 605 474 645 de
504 604 558 645 iis
587 605 736 652 rebus,
776 617 881 656 quas
910 605 1081 657 putabis
1112 607 1222 646 scire
1262 618 1329 645 me
1352 607 1484 654 velle,
1526 618 1604 658 per

137 665 242 704 mihi
273 665 437 716 gratum
470 662 573 711 erit,
605 662 640 702 si
670 662 714 702 id
743 662 907 702 curaris
938 663 990 702 ad
1021 675 1088 702 me
1117 663 1432 716 perferendum.
1493 661 1604 710 Quid

141 723 204 762 est
240 721 495 772 praeterea?
555 719 673 760 Nihil
717 731 818 759 sane
860 719 943 759 nisi
972 720 1102 759 illudt
1140 721 1264 761 valde
1306 733 1372 760 me
1409 721 1604 760 Athenae

137 779 422 818 delectarunt:
460 776 560 816 urbs
591 777 806 817 dumtaxat
844 778 886 816 et
926 777 1043 816 urbis
1073 778 1366 817 ornamentum
1397 779 1438 817 et
1468 776 1603 817 homi-

136 848 238 876 num
269 847 432 875 amores
463 834 507 874 in
538 835 580 873 te
611 836 652 873 et
682 835 725 873 in
757 846 833 873 nos
873 834 1080 885 quaedam
1121 834 1430 875 benevolentia.
1519 833 1603 874 Sed

137 893 319 933 multum
360 893 402 932 et
444 891 734 944 philosophia.
818 889 918 928 '‘Avco
959 888 1083 931 κάτω.
1159 893 1205 932 Si
1255 891 1357 943 quid
1400 894 1487 941 est,
1539 892 1602 931 est

136 1039 223 1075 Sch.
248 1039 342 1072 Li'tn.
368 1037 666 1082 δυςεξίμητα.
696 1036 893 1071 ORELLI.
923 1036 946 1071 i.
966 1047 997 1071 e.
1014 1047 1075 1071 res
1092 1047 1165 1070 non
1192 1035 1271 1070 sine
1303 1037 1525 1071 difficultate
1551 1047 1600 1070 ex

134 1085 322 1132 profundo
353 1090 526 1127 tanquam
550 1096 599 1117 ex
624 1090 738 1128 puteo
774 1084 1061 1127 protrahendae.
1134 1083 1267 1118 Cicero
1293 1083 1409 1127 igitur
1435 1084 1484 1117 ait
1511 1084 1600 1117 istas

134 1132 309 1166 comitum
334 1142 484 1165 suorum
509 1130 668 1175 ineptias
695 1136 731 1164 et
755 1129 997 1172 insolentias,
1032 1129 1167 1173 quibus
1202 1129 1284 1174 ipse
1316 1130 1456 1164 intimis
1481 1130 1600 1164 sensi-

134 1180 204 1213 bus
230 1184 404 1222 angatur,
431 1176 613 1211 eiusmodi
649 1187 749 1219 esse,
788 1182 828 1210 ut
853 1187 914 1210 eas
940 1187 1053 1220 aegre
1079 1187 1304 1220 expromere
1328 1177 1470 1221 possit,
1497 1176 1599 1220 quod

134 1236 176 1261 se
202 1236 245 1258 ea
274 1225 418 1257 referre
443 1223 571 1267 pigeat
596 1234 637 1256 ac
663 1222 865 1267 poeniteat.
891 1222 1000 1256 SCH.
1026 1242 1071 1247 —
1094 1233 1212 1256 meam
1238 1223 1511 1269 βαθύτηῑα,
1536 1222 1599 1256 (116

135 1271 454 1313 Zuriickhaltung,
470 1270 531 1303 die
550 1269 611 1302 ich
635 1269 746 1302 dabei
771 1279 981 1313 gewonnen
1007 1269 1081 1302 und
1106 1269 1248 1302 erlernt
1273 1269 1387 1310 habe,
1424 1280 1598 1302 summam

134 1317 423 1352 taciturnitatem
442 1322 478 1349 et
494 1316 730 1360 prudentiam
749 1315 786 1348 in
805 1315 972 1348 ferendo.
987 1333 1032 1339 --
1055 1316 1196 1359 μελέτη,
1222 1314 1435 1357 meditatim
1462 1326 1504 1348 so
1522 1315 1599 1349 viel

134 1363 385 1408 Gelegenheit
423 1362 521 1396 wird
551 1362 622 1395 mir
651 1362 846 1405 gegeben,
871 1361 932 1395 ein
958 1371 1052 1406 ganz
1082 1360 1311 1395 besonderes
1336 1361 1508 1396 Studium
1533 1372 1598 1396 3115

131 1411 258 1446 dieser
284 1409 443 1453 Tugend
476 1419 522 1442 zu
547 1409 712 1442 1113611611.

224 1458 257 1490 4.
305 1458 410 1498 Ergo
444 1455 530 1488 haec
560 1465 696 1498 qaoque
720 1453 903 1487 hactenus.
951 1452 1047 1486 Etsi.
1075 1452 1236 1487 Sensusx
1270 1453 1437 1495 „Verum
1467 1453 1513 1487 de
1539 1453 1598 1487 his

133 1504 246 1538 rebus
279 1501 428 1536 dicendi
461 1501 521 1534 1116
551 1500 662 1534 finem
694 1500 836 1534 faciam.
884 1499 994 1532 Etsi“
1029 1499 1300 1542 (Gleichwohl)
1329 1500 1477 1533 omnino
1504 1500 1597 1534 nihil

132 1550 326 1592 habebam,
351 1549 396 1582 de
423 1559 496 1590 quo
520 1553 716 1591 praeterea
734 1546 779 1579 ad
807 1552 842 1579 te
868 1545 1082 1579 scriberem.
1139 1545 1221 1580 Sch.
1250 1546 1376 1579 Ueber
1408 1546 1472 1580 das
1496 1548 1598 1580 Ana-

133 1596 339 1641 tapodoton
365 1606 391 1629 5.
421 1594 563 1627 Grotef.
590 1594 617 1635 §.
642 1594 720 1627 442.
768 1592 917 1626 Ramsh.
943 1592 970 1633 ἓ.
995 1592 1075 1634 206,
1109 1591 1152 1625 Β.
1178 1593 1211 1631 6,
1239 1603 1268 1624 c.
1307 1593 1366 1625 ubi
1400 1597 1596 1628 terrarum..

133 1643 172 1678 S.
198 1642 346 1677 Ranish.
374 1642 400 1684 §.
428 1641 512 1682 115,
541 1640 611 1681 ΙΙΙ,
639 1641 669 1673 l.
697 1639 841 1673 Grotef.
868 1639 896 1681 §.
923 1638 1001 1671 232.
1030 1638 1164 1682 Zumpt
1196 1639 1223 1679 ς’.
1251 1639 1329 1672 434.
1357 1658 1402 1663 -
1440 1640 1595 1683 qaid...

133 1693 253 1723 actum.
276 1689 342 1730 sit,
367 1687 428 1720 ich
454 1686 546 1719 weis
572 1685 691 1729 nicht,
718 1696 794 1719 was
821 1685 857 1718 111
884 1684 1057 1718 Hinsicht
1081 1684 1224 1717 meiner
1241 1683 1383 1718 Schuld
1408 1696 1451 1718 311
1470 1686 1596 1728 Casan

131 1747 179 1770 an
204 1735 299 1770 Milo
326 1734 535 1776 gescheheu
561 1732 653 1765 sei.“
701 1732 835 1766 Cicero
863 1731 1027 1764 erinnert
1054 1731 1124 1763 den
1151 1730 1301 1764 Attiktts
1328 1742 1372 1764 311
1400 1732 1490 1773 Β35,
1515 1743 1596 1765 wo-

131 1793 207 1816 von
242 1793 299 1825 ep.
331 1782 417 1822 134,
442 1780 474 1813 2.
501 1780 578 1822 187,
603 1780 636 1813 3.
664 1779 748 1821 188,
773 1778 805 1812 2.
834 1778 917 1820 189,
943 1777 976 1810 2.
1004 1778 1092 1819 195,
1118 1777 1150 1810 2.
1176 1788 1210 1810 u.
1248 1777 1283 1810 iu
1321 1777 1493 1811 Hinsicht
1530 1779 1596 1812 des

131 1829 228 1863 Milo
261 1839 317 1871 ep.
347 1828 432 1869 193,
457 1826 490 1859 2.
515 1827 548 1860 3.
583 1825 644 1858 (116
676 1825 783 1858 Rede
809 1835 899 1857 war.
927 1842 969 1848 ·—
995 1834 1049 1857 ac.
1074 1824 1160 1856 Asc.
1187 1834 1259 1857 sec.
1287 1824 1387 1858 Crat.
1419 1823 1485 1857 hoc
1512 1824 1534 1858 i.
1563 1835 1594 1859 e.

132 1874 213 1918 huc,
239 1880 279 1907 ut
304 1872 399 1906 vidit
434 1871 635 1906 Corradus.
673 1871 746 1904 OR.
774 1890 818 1894 —
852 1870 1041 1914 qaisquam
1075 1870 1154 1903 scil.
1190 1869 1303 1903 venit.
1333 1890 1372 1894 ——
1405 1875 1594 1912 ageretur.

131 1922 209 1956 Md.
243 1931 265 1953 a
297 1931 353 1964 pr.
389 1931 433 1953 m.
459 1922 634 1960 gero-etur
666 1918 751 1960 (sic)
788 1917 811 1950 i.
840 1927 870 1950 e.
896 1920 1103 1958 gereretur.
1132 1916 1266 1949 Graev.
1296 1916 1369 1949 OR.
1396 1936 1440 1942 -
1466 1918 1508 1950 de
1533 1918 1594 1951 iis.

130 1969 217 2003 Asc.
243 1968 274 1999 1.
302 1967 400 2000 Crat.
426 1965 526 2000 Vict.
553 1966 584 1998 1.
610 1964 738 1998 Lamb.
764 1964 807 1996 de
833 1963 899 1996 his.
924 1981 969 1986 —
989 1971 1114 2006 per..'.
1139 1966 1300 2004 gratam.
1326 1962 1464 2006 Figura
1484 1964 1595 1997 Tme-

131 2015 194 2049 sis.
244 2012 281 2047 S.
309 2011 457 2045 Ramsh.
484 2012 511 2053 ἓ.
538 2011 618 2053 206,
643 2011 684 2044 Β.
711 2011 743 2043 2.
771 2010 857 2052 218,
883 2009 926 2043 Β.
954 2009 1004 2052 ΙΙ,
1029 2010 1062 2042 4.
1088 2027 1132 2032 —
1158 2009 1365 2043 curarz'S...
1388 2010 1526 2053 perfer.
1555 2010 1592 2045 S.

130 2059 281 2096 Ramsh.
308 2059 335 2100 ᾗ.
364 2060 448 2099 171,
476 2057 532 2100 ΙΙ,
557 2058 602 2099 Α,
627 2059 659 2091 3.
687 2057 822 2101 Zumpt
849 2056 875 2098 §.
901 2056 980 2090 653.
1008 2054 1151 2089 Grotef.
1178 2055 1205 2098 ᾗ.
1232 2056 1312 2097 323,
1339 2056 1372 2088 b.

223 2106 256 2140 5.
306 2105 515 2147 dundaxat,
548 2103 775 2147 wenigstens
811 2102 872 2136 die
898 2101 1006 2136 Stadt
1036 2101 1164 2135 selbst.
1192 2121 1234 2126 —
1261 2106 1521 2136 ornamentum.
1547 2101 1595 2135 de

130 2153 221 2187 Ern.
255 2163 354 2195 susp.
391 2150 475 2185 Sch.
510 2150 604 2184 Liin.
640 2153 865 2183 ornamenta.
916 2147 991 2182 Sed
1026 2147 1164 2181 dictum
1200 2153 1273 2191 est,
1301 2154 1340 2180 ut
1366 2148 1455 2181 alibi
1482 2159 1594 2182 orna-

128 2203 286 2233 mentum
320 2197 416 2240 fori,
448 2207 591 2236 scenae,
629 2198 763 2239 σχῆμα.
792 2215 835 2219 -
862 2194 1097 2238 philosophia
1135 2193 1195 2227 ibi
1222 2205 1279 2227 me
1312 2194 1523 2228 delectavit.
1549 2214 1594 2219 -—

126 2246 212 2282 ’.Ἀιιω
238 2245 341 2280 natm.
390 2243 532 2277 Locum
558 2242 820 2276 difficillimum
847 2241 900 2274 sic
925 2239 1101 2275 constitui
1126 2240 1261 2284 partim
1288 2252 1367 2273 cum
1394 2241 1592 2275 Tunstallo

129 2303 165 2336 p.
193 2291 270 2325 125.
321 2289 514 2324 Sententia
537 2289 628 2322 11366
654 2288 744 2322 erit:
770 2287 887 2322 veluti
906 2287 1032 2321 Attico
1060 2286 1273 2320 tribuuntur
1298 2286 1386 2320 ista:
1413 2288 1476 2320 sed
1498 2288 1594 2320 mul-

130 2342 207 2370 ium
232 2342 264 2370 et
285 2335 519 2380 philosophia
544 2334 784 2369 Atheniensis
818 2340 854 2368 te
881 2334 1133 2377 (Ciceronem)
1160 2333 1320 2366 delectet
1346 2344 1498 2367 necesse
1525 2339 1592 2368 est.

129 2384 351 2428 Respondet
383 2384 554 2419 Marcus:
591 2382 698 2425 „'¹Avoe
724 2381 830 2416 κάτω·
864 2381 1017 2414 111111111111
1051 2379 1089 2413 111
1124 2390 1168 2413 63
1201 2386 1256 2412 651
1290 2379 1520 2413 confusionis
1550 2391 1594 2413 ac

129 2441 246 2464 vanae
281 2428 555 2474 disputationis.
619 2426 660 2461 Si
686 2427 776 2470 quid
809 2427 959 2460 sobriae
985 2437 1026 2460 36
1051 2436 1162 2459 verae
1194 2426 1457 2471 philosophiae
1483 2425 1593 2459 etiam

130 2487 227 2510 nunc
253 2482 366 2510 restat
390 2475 560 2517 Athenis,
586 2480 642 2507 est
667 2473 703 2507 in
729 2472 895 2507 Aristo.“
943 2472 1007 2507 Sic
1038 2472 1129 2506 Cod.
1154 2472 1311 2506 Decurt.
1360 2473 1438 2507 Pro
1475 2472 1594 2506 Grae-

130 2522 186 2556 cis
216 2534 361 2556 sursum
395 2523 563 2556 (leorszmz
588 2520 663 2554 Md.
691 2521 813 2554 Oxou.
841 2522 872 2554 l.
897 2519 930 2553 2.
966 2520 1052 2554 Α56.
1079 2521 1110 2552 1.
1142 2524 1179 2551 et
1216 2530 1264 2553 ex
1300 2519 1419 2552 altera
1452 2518 1594 2552 familia

131 2568 198 2604 Cd.
233 2569 432 2603 Crusellin.
476 2569 564 2602 Bos.
606 2573 642 2600 et
679 2567 858 2600 Tornaes.
893 2565 1020 2599 Lamb.
1061 2571 1097 2598 et
1129 2564 1248 2599 Bosii.
1299 2565 1421 2598 Ceteri
1457 2570 1591 2608 (praet.

129 2615 275 2657 Lamb.)
321 2618 405 2650 ’Ὰνω
440 2614 532 2649 κάτω
568 2614 603 2646 εἰ
637 2614 724 2656 quid
749 2617 800 2646 est
825 2613 859 2646 h.
886 2623 917 2646 e.
951 2612 982 2645 si
1014 2611 1257 2655 philosophia
1288 2611 1511 2645 Academica
1535 2610 1593 2644 vi-

131 2666 208 2705 get,
231 2661 331 2704 viget
358 2661 395 2693 in
420 2660 560 2695 Aristo.
597 2659 792 2693 ORELLI.
816 2658 1121 2692 Academicorum
1153 2656 1393 2703 philosophia
1425 2657 1594 2702 appella-

132 2713 194 2742 tur
226 2707 298 2743 o'c'voe
331 2707 446 2750 κάτω,
485 2706 657 2750 quoniam
691 2705 728 2740 in
770 2711 963 2749 utramque
1004 2710 1146 2750 partem
1182 2703 1230 2738 de
1272 2703 1442 2738 omnibus
1478 2703 1592 2738 rebus
