1795 3043
233 97 334 149 378
504 94 568 140 M.
605 92 659 137 Τ.
695 91 1029 138 CICERONIS
1062 93 1431 144 EPISTOLAE.

176 209 202 248 4
226 219 305 248 uec
335 203 661 257 inconstantior,
691 216 816 256 quam
841 202 947 256 App.
968 204 1181 246 Claudius.
1236 206 1354 247 Unus
1373 207 1595 260 Pompeius
1615 222 1682 249 me

225 268 387 311 movet,
419 261 651 313 beneficio,
679 273 763 303 non
795 262 1060 302 auctoritate.
1123 262 1255 310 Quam
1286 264 1397 303 enim
1427 265 1500 304 ilie
1530 266 1681 306 habeat

223 321 520 363 auctoritatem
559 318 602 358 in
641 319 722 359 hac
760 321 911 359 causa?
957 320 1054 369 qui,
1104 332 1231 371 quum
1279 333 1423 361 omnes
1463 322 1680 364 Caesarem

221 377 522 428 metuebamus,
549 376 640 427 ipse
659 388 753 417 eum
773 376 996 429 diligebat3
1029 379 1250 428 postquam
1274 378 1363 429 ipsc
1382 380 1567 420 metuere
1589 393 1680 420 coe-

221 436 308 487 pit,
352 436 472 486 putat
513 445 655 473 omnes
693 434 835 474 hostes
864 433 931 473 illi
963 436 1159 485 oportere
1188 447 1293 474 esse.
1351 435 1510 476 Ibimus
1538 438 1678 477 tamen

222 491 446 532 Luceriam
455 505 467 541 3
497 502 577 531 nec
602 502 698 531 eum
718 491 894 531 fortasse
916 490 1145 531 delectabit
1163 495 1308 532 noster
1324 491 1540 533 adventus.
1587 494 1680 533 Dis-

219 549 426 589 simulare
441 548 554 588 enim
571 560 655 588 non
675 549 850 600 potero,
881 547 1007 595 mihi,
1041 561 1148 599 quae
1178 549 1316 590 adhuc
1347 552 1441 590 acta
1468 551 1579 597 sunt,
1599 550 1679 590 dis-

219 607 396 659 plicere.
435 606 525 658 Ego
544 606 580 645 si
597 617 788 645 somnum
807 617 959 656 capere
979 617 1157 656 possem,
1171 608 1255 646 tam
1274 607 1410 659 longis
1426 609 1467 647 te
1488 607 1678 660 epistolis

219 676 302 703 non
335 663 623 704 obtunderem.
681 662 761 714 Tu,
791 661 827 702 si
856 660 939 702 tibi
967 662 1113 702 eadem
1143 676 1271 704 causa
1294 666 1370 712 est,
1399 676 1465 705 me
1491 676 1678 705 remune-

218 732 315 762 rere
344 734 444 762 sane
472 719 615 761 velim.

374 868 688 916 EPISTOLA
723 867 986 913 CCCXXV.
1023 867 1105 927 (ad
1139 870 1231 915 Att.
1268 870 1396 916 VIII.
1433 872 1508 928 2.)

270 947 350 982 Ser.
376 945 538 981 Formiis
562 955 594 979 a.
622 944 658 979 d.
682 944 792 978 xm.
819 943 904 978 Kal.
930 944 1041 979 Mart.
1067 945 1111 979 A.
1139 944 1185 980 U.
1214 945 1255 981 c.
1279 947 1357 981 705.
1396 948 1451 990 (a.
1478 943 1521 980 G.
1548 945 1624 987 49.)

215 1016 413 1052 Rationem
445 1013 690 1050 consiliorum
723 1023 876 1047 suorum
902 1012 1071 1046 defendit
1096 1019 1154 1058 et,
1191 1025 1258 1049 cur
1282 1021 1387 1061 putet
1410 1014 1484 1050 sibi
1507 1014 1545 1050 in
1569 1012 1678 1049 Italia

649 1059 885 1099 manendum,
921 1059 1089 1103 exponit.
1127 1062 1244 1097 1-4.

707 1128 895 1163 CICERO
927 1129 1118 1164 ATTICO
1145 1129 1185 1165 S.

327 1189 436 1230 Mihi
465 1201 566 1229 vero
596 1188 738 1228 omnia
766 1189 909 1240 grata:
939 1190 982 1228 et
1011 1188 1124 1240 quod
1154 1187 1361 1239 scripsisti
1390 1187 1442 1228 ad
1466 1199 1544 1238 me,
1568 1198 1678 1238 quae

213 1246 429 1296 audieras3
462 1248 503 1285 et
534 1245 645 1297 quod
674 1256 759 1284 non
790 1245 1027 1292 credidisti,
1062 1257 1170 1295 quae
1200 1245 1325 1296 digna
1348 1244 1566 1297 diligentia
1583 1256 1677 1283 mea

212 1316 297 1344 non
329 1303 472 1350 erant3
504 1305 545 1341 et
575 1300 687 1353 quod
717 1302 942 1348 monuisti,
976 1301 1088 1353 quod
1119 1301 1341 1341 sentiebas.
1395 1302 1484 1353 Ego
1505 1301 1556 1340 ad
1578 1301 1678 1341 Cac-

212 1373 349 1401 sarem
379 1372 483 1400 unas
514 1359 659 1411 Capua
689 1358 837 1397 literas
867 1357 975 1405 dedi,
1001 1357 1153 1409 quibus
1181 1357 1231 1398 ad
1256 1370 1305 1397 ea
1330 1356 1544 1409 rescripsi,
1569 1369 1677 1408 quae

213 1430 378 1459 mecum
407 1416 484 1456 ille
513 1415 564 1455 de
594 1414 899 1468 gladiatoribus
928 1415 1014 1454 suis
1044 1417 1211 1468 egerat,
1243 1414 1414 1462 breves,
1453 1414 1523 1454 sed
1553 1414 1678 1453 bene-

213 1475 443 1517 volentiam
463 1472 762 1526 significantes,
783 1485 866 1511 non
897 1472 1019 1512 modo
1051 1472 1141 1511 sine
1164 1472 1434 1524 contumelia,
1455 1471 1526 1511 sed
1549 1471 1676 1511 etiam

213 1545 311 1574 cnm
340 1530 523 1572 maxima
552 1529 677 1571 laude
708 1529 917 1582 Pompeii.
976 1529 1024 1569 Id
1056 1528 1167 1569 enim
1196 1530 1272 1569 illa
1302 1529 1511 1569 sententia
1537 1530 1677 1579 postu-

211 1656 317 1691 titiae
344 1654 491 1688 nomine
517 1653 611 1686 male
635 1652 829 1695 audiebat,
868 1652 964 1685 alter
989 1651 1271 1686 inconstantiae.
1305 1651 1513 1687 MANUT.
1563 1653 1602 1688 S.
1629 1664 1675 1688 zu

210 1715 270 1747 ep.
302 1700 503 1735 CCCLXV
541 1698 591 1733 im
622 1699 710 1733 Ans.
750 1717 791 1723 —
847 1700 991 1743 Appius
1025 1699 1203 1733 Claudius
1234 1699 1409 1733 Pulcher.
1457 1699 1496 1734 S.
1532 1709 1576 1734 zu
1613 1711 1674 1745 ep.

211 1747 394 1785 CLXXX
419 1747 468 1780 im
492 1746 577 1780 Ans.

301 1795 336 1828 4.
362 1804 418 1827 me
442 1796 574 1836 movet,
603 1800 754 1834 vermag
766 1790 893 1824 Etwas
918 1789 1009 1823 iiber
1034 1788 1143 1824 mich.
1159 1809 1199 1814 —
1236 1790 1374 1832 benefi,
1400 1800 1532 1833 wegen
1551 1789 1676 1825 seiner

211 1840 442 1877 Verdienste
475 1849 534 1871 um
566 1837 674 1871 mich.
715 1848 746 1871 z.
772 1836 817 1871 Β.
848 1834 911 1870 bei
945 1835 1012 1869 der
1043 1836 1248 1869 Rtickkehr
1279 1847 1343 1869 aus
1378 1836 1459 1870 dem
1484 1837 1604 1872 Exsil.
1631 1856 1675 1862 —

205 1891 398 1933 postquam
421 1895 506 1918 vero
540 1885 628 1918 Asc.
653 1884 752 1917 Crat.
796 1883 862 1916 das
894 1893 979 1916 vero
1005 1882 1140 1916 Zusatz
1166 1882 1234 1915 der
1258 1882 1484 1925 Erkl'arung.
1514 1900 1554 1908 -
1601 1885 1675 1927 illi,

212 1932 374 1969 Caesari.
405 1950 451 1956 —-
502 1941 567 1964 nec
590 1956 599 1964 .
620 1956 629 1964 .
650 1955 658 1963 .
686 1929 891 1964 delectabit.
939 1928 979 1963 S.
1007 1939 1064 1973 ep.
1088 1929 1333 1971 CCCXVIII,
1368 1931 1408 1963 3:
1450 1939 1571 1973 neque
1602 1941 1674 1974 ego

210 1979 325 2014 ullius
351 1976 498 2012 consilii
522 1976 724 2021 particeps.
752 1994 797 2001 -
843 1975 1008 2016 obtund„
1044 1975 1295 2019 abstumpsen,
1328 1975 1514 2009 ermiiden.
1542 1993 1586 2000 —
1633 1977 1676 2010 Si

210 2027 280 2061 tibi
294 2026 418 2059 eadem
435 2033 547 2058 causa
570 2025 643 2066 est,
669 2022 817 2055 solltest
831 2021 893 2055 Du
910 2021 1010 2055 Dich
1035 2020 1072 2054 in
1098 2021 1350 2064 demselbigen
1363 2021 1468 2054 Falle
1484 2022 1672 2056 befinden.

211 2092 255 2098 -
290 2080 539 2112 remunerere,
587 2078 630 2102 so
661 2068 734 2102 iibe
767 2068 863 2102 doch
889 2066 925 2101 ia
949 2067 1013 2101 das
1038 2067 1406 2111 Vergeltungsrecht
1430 2078 1474 2101 an
1500 2067 1571 2101 mir
1595 2079 1672 2103 aus.

210 2118 350 2154 Dies-er
374 2127 431 2151 am
457 2117 512 2151 15.
531 2115 700 2149 Februar
722 2114 991 2158 geschriebene
1015 2112 1123 2147 Brief
1148 2113 1318 2147 verdient
1347 2113 1412 2146 mit
1437 2113 1504 2146 der
1528 2115 1674 2158 Anlage

210 2167 255 2200 A.
283 2163 356 2198 und
381 2163 475 2197 auch
493 2163 536 2196 B.
563 2161 629 2196 des
652 2160 834 2204 334.Br.,
864 2160 926 2195 die
951 2171 1008 2194 am
1033 2161 1090 2195 16.
1104 2160 1214 2194 Febr.
1239 2159 1485 2203 geschrieben
1502 2159 1562 2203 ist,
1589 2172 1673 2194 ver-

210 2211 360 2257 gliclten
386 2220 432 2243 zu
457 2208 627 2242 werden.

301 2258 334 2291 1.
368 2255 471 2290 Mihi
501 2265 586 2287 vero
617 2254 740 2288 omnia
773 2255 910 2297 grata,
954 2250 1105 2286 Meinen
1141 2251 1269 2284 besten
1307 2251 1419 2285 Dank
1453 2252 1512 2284 fiir
1543 2251 1670 2286 Alles!

212 2302 358 2338 sowohl
384 2301 511 2343 daftir,
543 2299 627 2334 dass
652 2311 687 2334 n.
714 2309 743 2334 s.
770 2311 816 2333 w.
843 2316 887 2323 ——
934 2309 1024 2342 quae
1049 2298 1095 2331 de
1120 2308 1177 2330 me
1202 2298 1386 2331 audieras.
1413 2315 1457 2322 —
1506 2308 1577 2330 non
1594 2308 1671 2331 cre-

211 2350 352 2383 dadisti.
385 2348 527 2391 Nempe
544 2346 691 2380 Atticus
715 2345 887 2380 audierat
912 2345 1127 2379 Ciceronem
1154 2342 1189 2376 in
1217 2343 1354 2377 tuendo
1380 2355 1546 2387 munere,
1572 2344 1670 2388 qnod

211 2395 398 2433 subierat,
422 2404 550 2438 parum
575 2392 793 2435 diligentem
817 2390 942 2425 fuisse.
968 2390 1072 2424 SCH.
1105 2389 1275 2424 Praefuit
1297 2395 1416 2423 antem
1436 2390 1671 2434 Campaniae,

211 2452 302 2476 orae
333 2439 537 2474 maritimae
572 2444 610 2471 et
640 2436 803 2472 delectui
833 2436 1016 2471 habendo.
1042 2454 1086 2460 —
1133 2446 1236 2469 unas,
1274 2436 1352 2469 Das
1378 2437 1546 2469 Geriicht
1571 2437 1671 2471 hatte

210 2498 277 2522 aus
309 2487 449 2522 diesem
480 2484 588 2519 einen
612 2483 742 2519 Briese
774 2484 884 2517 einen
917 2492 1056 2526 ganzen
1082 2482 1352 2516 Brieswechsel
1379 2482 1443 2515 mit
1468 2483 1582 2516 Gasar
1605 2493 1670 2525 ge-

211 2535 344 2569 macht.
369 2552 413 2558 -
469 2532 551 2570 illa,
584 2533 739 2574 Caesar,
770 2530 814 2564 de
836 2530 993 2572 gladiat.
1030 2527 1068 2563 S.
1102 2539 1161 2573 ep.
1189 2528 1391 2568 CCCVIII,
1417 2529 1447 2562 2.
1477 2547 1518 2552 —
1568 2529 1670 2561 bene-

213 2581 306 2623 voL,
346 2585 459 2622 guten
489 2577 644 2612 Willen.
676 2594 722 2602 —-
774 2577 852 2609 sine
883 2575 1097 2617 contumeL,
1138 2575 1234 2608 ohne
1267 2575 1351 2608 dem
1385 2573 1588 2618 Pompeius
1621 2584 1667 2608 zu

212 2627 307 2660 nahe
339 2636 385 2659 zu
418 2630 550 2658 treten.
580 2644 623 2649 -—
680 2632 761 2656 cum
785 2621 862 2656 Md.
891 2623 1011 2655 Oxon.
1037 2622 1069 2655 2.
1096 2620 1197 2656 Vict.
1226 2623 1255 2655 1.
1281 2621 1314 2655 2.
1349 2620 1455 2654 huius
1486 2631 1554 2664 pro
1588 2631 1668 2653 cnm

212 2672 308 2706 Edd.
337 2672 423 2707 Vet.
456 2682 536 2704 cum
560 2669 664 2704 huius
687 2670 848 2702 maxima
874 2668 981 2700 laude
1006 2666 1171 2712 Pompeii
1203 2667 1300 2712 apud
1324 2667 1433 2709 Ern.,
1471 2666 1533 2708 qui
1550 2672 1666 2708 recte,

212 2724 322 2761 pum,
360 2717 527 2751 volebat:
569 2728 647 2750 cum
683 2714 788 2748 huius
820 2713 1024 2758 (Pompeii)
1057 2715 1216 2747 maxima
1250 2714 1376 2755 laude,
1424 2712 1549 2746 deleto
1585 2723 1664 2745 cum

165 2788 169 2794 ·
212 2764 356 2799 Faerno
383 2775 416 2797 v.
444 2763 619 2808 Pompeii.
670 2762 834 2797 Faernus
865 2759 945 2795 scil.
981 2759 1080 2805 apud
1112 2760 1235 2794 Ursin.
1277 2771 1357 2793 cum
1388 2759 1519 2793 abesse
1555 2768 1665 2804 posse
