1795 3043
472 97 786 145 EPISTOLA
823 96 1148 144 CCCXXXIV.
1447 104 1546 150 403

80 211 234 264 fuisse,
275 210 373 251 dum
401 221 457 251 ne
483 208 563 250 tibi
591 208 760 261 videar,
799 220 884 249 non
912 207 1061 249 laboro
1072 221 1086 258 ;
1126 210 1169 250 et
1196 210 1360 256 tamen,
1398 208 1457 258 si,
1498 213 1544 249 ut

81 269 226 318 viden,
262 266 422 309 bellum
461 265 691 319 gerendum
731 267 820 315 est,
869 265 1035 305 confido
1076 278 1144 306 me
1178 266 1373 307 omnibus
1414 267 1542 306 facile

65 326 411 368 satisfacturum.
467 323 526 365 M.
546 324 745 371 Tullium,
776 334 915 363 mcum
944 323 1247 372 necessarium,
1279 323 1331 364 ad
1361 325 1403 364 te
1421 323 1539 365 misi:
1564 329 1590 366 4

80 383 152 425 cui
180 384 249 435 tu,
289 382 325 423 si
356 380 435 423 tibi
464 379 703 433 videretur,
742 379 795 420 ad
825 391 890 419 me
919 379 1066 419 literas
1096 380 1228 421 dares„

789 526 833 567 C.

241 593 324 630 Ser.
351 592 502 630 Canusii
527 593 577 628 X.
603 592 690 627 Kal.
715 592 824 627 Mart.
850 593 896 627 A.
924 591 967 627 U.
996 592 1036 628 C.
1063 593 1142 629 7⁰5.
1169 595 1216 636 (a.
1243 593 1284 628 C.
1310 593 1384 636 49.)

196 662 273 698 CN.
307 660 519 699 MAGNUS
551 660 769 696 PROCOS.
804 660 842 695 S.
874 660 924 696 D.
957 659 1010 696 Μ.
1043 661 1287 697 CICERONI
1322 661 1429 697 IMP.

197 733 241 774 S.
270 732 318 771 V.
347 733 393 772 Β.
423 733 475 774 Ε.
527 732 637 772 Tuas
654 732 798 772 literas
819 730 1003 772 libenter
1023 732 1121 786 legi.
1170 732 1410 784 Recognovi
1433 730 1545 772 enim

82 792 196 830 tuam
233 789 454 841 pristinam
494 789 694 829 virtutem
733 788 860 828 etiam
898 788 942 828 in
982 790 1120 829 salute
1153 789 1382 830 communi.
1440 788 1545 829 Con·

83 847 194 886 sules
224 845 275 885 ad
307 858 402 885 eum
434 846 687 897 exereitum,
727 857 850 896 quem
881 845 924 884 in
954 845 1110 897 Apulia
1141 846 1295 899 habui,
1325 847 1544 886 venerunt.

82 903 235 955 Magno
265 914 393 954 opere
423 904 465 942 te
495 904 662 955 hortor,
700 914 777 954 pro
809 906 881 941 tuo
912 903 1115 954 singulari
1145 905 1432 955 perpetuoque
1461 903 1545 941 stu·

0 961 2 1004 k
83 959 151 999 dio
181 960 225 998 in
255 971 346 998 rem
376 959 613 1011 publicam,
654 961 701 999 ut
731 960 773 998 te
802 958 855 998 ad
884 970 957 998 nos
987 960 1201 1008 conseras3
1247 961 1295 999 ut
1333 958 1545 999 communi

83 1016 260 1056 consilio
288 1016 350 1056 rei
370 1016 569 1067 publicae
598 1016 783 1056 afflictae
812 1027 934 1066 opem
962 1017 1087 1066 atque
1117 1016 1320 1056 auxilium
1349 1017 1545 1056 seramus·

84 1073 256 1121 Censeo,
289 1074 357 1115 via
372 1072 512 1125 Appia
541 1074 624 1114 iter
653 1072 784 1113 facias
816 1074 858 1110 et
883 1072 1083 1112 celeriter
1097 1072 1369 1113 Brundisium
1386 1073 1545 1114 venias.

791 1219 844 1260 D.

153 1285 235 1320 Ser.
268 1284 431 1319 Formiis
464 1295 497 1318 a.
523 1285 558 1318 d.
585 1284 656 1320 ΠΙ,
681 1285 769 1319 Kal.
801 1284 914 1319 Mart.
947 1286 991 1318 A.
1018 1284 1062 1318 U.
1089 1285 1130 1319 C.
1156 1285 1233 1320 705.
1269 1288 1316 1329 (a.
1342 1287 1383 1322 C.
1407 1287 1480 1330 49.)

243 1353 297 1387 M.
331 1352 517 1387 CICERO
550 1352 658 1387 ῙΜΡ.
694 1352 733 1387 S.
766 1352 816 1386 D.
851 1353 925 1387 CN.
959 1353 1140 1387 MAGNO
1174 1354 1389 1389 PROCOS.

200 1424 338 1471 Quum
368 1422 420 1462 ad
449 1424 493 1462 te
522 1423 669 1463 literas
697 1422 902 1462 misissem
914 1424 932 1473 ,⁴
972 1435 1079 1474 quae
1109 1422 1187 1463 tibi
1218 1424 1387 1465 Canusii
1415 1423 1551 1466 reddi-

87 1482 156 1520 tae
196 1482 315 1527 sunt,
365 1480 650 1532 suspicionem
687 1481 852 1519 nullam
891 1478 1121 1531 habebam,
1169 1481 1211 1519 te
1252 1482 1315 1522 rei
1353 1481 1551 1533 publicae

87 1549 216 1577 causa
254 1548 370 1576 mare
410 1537 713 1585 transiturum3
769 1536 1042 1586 eramque‘in
1074 1548 1147 1589 spe
1175 1549 1324 1590 magna
1353 1540 1466 1590 fore,
1502 1539 1551 1578 ut

87 1593 131 1633 in
163 1594 288 1633 Italia
330 1605 542 1645 possemus
581 1596 653 1632 aut
693 1593 960 1633 concordiam
999 1594 1276 1642 constituere,
1325 1607 1409 1646 qua
1448 1594 1551 1639 mihi

87 1650 197 1690 nihil
227 1649 372 1689 utilius
400 1649 635 1700 videbatur,
667 1652 739 1689 aut
767 1661 858 1689 rem
875 1649 1088 1701 publicam
1119 1663 1278 1691 summa
1304 1663 1399 1693 cum
1418 1652 1552 1705 digni-

88 1709 174 1747 tate
197 1706 434 1747 defendere.
492 1706 683 1757 Interim,
712 1706 898 1746 nondum
930 1707 1031 1746 meis
1049 1707 1185 1747 literis
1216 1707 1266 1747 ad
1290 1710 1330 1748 te
1360 1709 1550 1760 perlatis,

89 1776 140 1804 ex
169 1763 221 1802 iis
250 1762 479 1814 mandatis,
515 1775 624 1814 quae
653 1764 703 1804 D.
734 1763 880 1803 Laelio
912 1763 964 1801 ad
995 1765 1190 1803 consules
1219 1764 1417 1812 dederas,
1463 1777 1553 1806 cer-

89 1884 323 1919 verabredet.
350 1902 393 1908 —
430 1884 599 1927 segnior,
625 1893 671 1917 zu
690 1883 899 1927 fahrliissig.
926 1903 972 1909 —
1007 1886 1093 1919 dum
1117 1896 1180 1929 ne,
1207 1897 1317 1920 wenn
1343 1898 1413 1921 nur
1436 1887 1551 1924 nicht.

23 1939 31 1959 ι’
91 1932 130 1966 S.
157 1930 307 1964 Ramsh.
335 1931 352 1973 ξ
382 1930 459 1964 190.
492 1932 602 1963 Anm.
621 1931 656 1964 8.
698 1930 840 1964 Grotef.
864 1932 892 1974 §.
909 1932 988 1966 336.
1017 1933 1121 1966 Anm.
1140 1933 1172 1966 4.
1198 1933 1276 1966 422.
1311 1952 1356 1958 —
1403 1945 1474 1967 mm
1498 1935 1554 1967 la-

92 1979 203 2019 boro,
245 1976 306 2009 ich
341 1976 535 2009 kiimmere
570 1974 667 2009 mich
702 1976 804 2009 nicht
837 1976 975 2012 darum.
1013 1997 1055 2002 —
1104 1978 1236 2011 bellum
1265 1981 1465 2021 gerendum
1489 1985 1554 2015 est.

0 2027 4 2038 ’
32 2048 35 2067 4
90 2024 145 2057 Er
168 2022 249 2056 will
275 2032 407 2066 sagen:
440 2033 538 2057 muss
564 2022 637 2055 alle
662 2022 852 2066 Hoffnung
876 2033 920 2056 zu
947 2023 1067 2057 einem
1093 2024 1284 2068 gutlichen
1308 2025 1552 2071 Vergleiehe,

33 2070 39 2117 ᾗ
91 2069 153 2104 die
177 2068 273 2102 mich
299 2069 427 2102 bisher
451 2068 547 2101 noch
567 2068 822 2108 zurstckhiest,
850 2069 1082 2113 aufgegeben
1108 2071 1275 2104 werden.

36 2146 37 2155 ,
181 2115 215 2149 4.
252 2115 310 2148 M.
341 2114 512 2147 Tullium.
550 2114 603 2147 Er
628 2124 706 2147 war
730 2114 848 2148 Einer
871 2125 943 2147 von
970 2114 1133 2149 Cicero's
1151 2116 1459 2160 Freigelassenen
1479 2118 1554 2152 und

0 2187 4 2195 ,
36 2170 39 2192 ¹1,
92 2162 219 2195 siihrte
246 2160 421 2194 desshalb
447 2160 507 2193 die
533 2159 669 2193 beiden
687 2161 901 2195 Vornamen
928 2160 1050 2194 seines
1064 2162 1238 2197 Patrons.
1272 2161 1311 2196 S.
1338 2175 1394 2207 ep.
1406 2165 1553 2207 CCCII,

0 2210 9 2221 *⁸
37 2198 42 2253 ἵ,
94 2210 128 2241 1.
153 2208 186 2241 8.
211 2225 254 2231 --
303 2217 431 2240 necess,
457 2218 502 2239 :-
527 2206 710 2240 clientem.
737 2225 782 2230 —
830 2207 890 2239 cuz·
911 2217 957 2239 =
981 2212 1020 2240 ut
1039 2207 1086 2240 ei.
1122 2206 1160 2241 S.
1178 2207 1329 2242 Ramsh.
1356 2210 1478 2252 §.193‚
1505 2210 1554 2245 11.

0 2251 10 2259 “
187 2253 221 2286 1.
251 2252 422 2285 virtulem
447 2277 454 2285 .
474 2277 482 2285 .
505 2278 512 2285 .
538 2252 577 2284 in
601 2252 668 2299 sag.
695 2264 748 2296 c.‚
789 2251 848 2284 ich
881 2252 974 2285 habe
1002 2253 1148 2286 Deinen
1186 2254 1308 2297 liingst
1341 2255 1555 2290 bewiihrten

0 2300 12 2316 '¹
45 2315 46 2319 =
95 2297 202 2332 Eifer
233 2298 292 2331 fiir
323 2297 388 2332 das
419 2298 589 2341 geineine
613 2298 725 2331 Beste
755 2298 849 2330 auch
881 2298 942 2330 bei
976 2298 1102 2332 dieser
1134 2299 1384 2342 Gelegenheit
1415 2302 1555 2335 wieder

0 2340 15 2391 ³.
43 2368 46 2374 .
96 2342 296 2387 gesunden.
328 2362 372 2368 —
418 2344 512 2377 stud.
549 2344 607 2387 in,
640 2342 957 2387 Anhiinglichkeit
981 2354 1037 2378 au.
1072 2363 1117 2369 --
1164 2356 1193 2379 r.
1215 2356 1254 2389 p.
1279 2347 1455 2391 afflictae,
1489 2347 1556 2380 der

0 2398 15 2406 “
97 2389 326 2431 hedi-{inguen
350 2389 554 2433 Republik.

0 2431 7 2448 ''
189 2437 221 2468 1.
258 2434 477 2478 Canusium,
520 2435 612 2468 ietzt
645 2435 709 2468 das
744 2434 872 2468 kleinc
898 2435 1062 2475 Canosa,
1103 2435 1169 2469 mit
1201 2437 1361 2470 schoncn
1394 2434 1554 2479 Ruinen,

98 2479 137 2515 in
161 2480 298 2524 Apulia
321 2481 493 2523 Daunia,
529 2481 646 2514 durch
671 2480 774 2514 seine
790 2481 1117 2515 Mauleseltreiber
1143 2483 1337 2523 berillum,
1369 2481 1430 2514 die
1455 2482 1554 2515 Nero

53 2547 54 2556 ³
100 2537 146 2560 zu
178 2526 306 2559 seinen
331 2526 629 2559 Lcibkutschern
660 2527 807 2560 wiihlte.
840 2546 883 2551 -
931 2538 1044 2570 susp„
1076 2528 1355 2570 Vermuthung‚
1382 2528 1554 2570 Almung.

50 2580 55 2610 ;
101 2591 145 2596 -
183 2583 226 2604 ez
256 2572 316 2605 iis.
363 2571 427 2605 Sic
452 2573 592 2605 Manut.
625 2572 750 2605 Lamb.
788 2572 844 2605 his
875 2573 968 2606 Ceti.
1003 2592 1045 2597 —
1094 2574 1139 2607 D.
1166 2573 1294 2606 Laelio
1326 2573 1372 2605 de
1398 2573 1555 2607 Cori-adi

0 2628 7 2633 ·’
51 2614 54 2658 f
103 2618 237 2661 suspic.
271 2619 410 2651 Manui.
442 2617 570 2650 Lamb.
604 2617 702 2652 Vict.
729 2617 842 2661 chq.
877 2619 1004 2651 Dialio
1036 2619 1115 2652 Md.
1144 2619 1266 2651 Oxon.
1295 2620 1325 2653 1.
1351 2619 1383 2651 2.
1411 2620 1497 2653 Asc.
1524 2621 1556 2653 l.

21 2661 24 2668 ’
104 2662 200 2697 Crat.
226 2664 271 2696 D.
299 2664 407 2696 Aelio
434 2663 532 2697 vict.
557 2665 588 2696 l.
624 2663 708 2706 (Ep.
734 2664 787 2697 12.
814 2665 897 2697 Asc.
927 2664 1019 2698 Cdd.
1058 2676 1106 2698 ex
1131 2664 1261 2697 eodem
1289 2663 1436 2698 homine
1459 2665 1559 2698 fece-

59 2721 61 2757 }
105 2716 187 2740 runt
213 2709 374 2742 Dellc'um
396 2708 652 2749 „desultorem
679 2709 860 2742 bellorum
887 2709 1093 2748 civilium'’‚
1128 2709 1175 2741 de
1210 2720 1282 2750 qno
1317 2709 1381 2743 cfr.
1408 2710 1557 2745 Ruhnk.

0 2733 23 2785 ἐζ
60 2763 62 2797 ζ
105 2753 151 2786 ad
174 2753 300 2788 Vellei.
327 2754 362 2797 2,
388 2755 444 2790 84.
480 2754 554 2789 Sed
577 2753 636 2787 hic
656 2754 858 2798 requiritur
874 2756 1113 2799 praenomen)
1133 2755 1325 2789 ORELLI.
1359 2755 1412 2790 Er
1432 2756 1561 2801 klagte

1174 2813 1261 2855 26*
