<?xml version="1.0" encoding="UTF-8"?>
<!DOCTYPE html PUBLIC "-//W3C//DTD XHTML 1.0 Transitional//EN"
    "http://www.w3.org/TR/xhtml1/DTD/xhtml1-transitional.dtd">
<html xmlns="http://www.w3.org/1999/xhtml" xml:lang="en" lang="en">
 <head>
  <title>
</title>
<meta http-equiv="Content-Type" content="text/html;charset=utf-8" />
  <meta name='ocr-system' content='tesseract 3.04.00' />
  <meta name='ocr-capabilities' content='ocr_page ocr_carea ocr_par ocr_line ocrx_word'/>
</head>
<body>
  <div class='ocr_page' id='page_1' title='image "./epistolaeadattic02ciceuoft_0209.png"; bbox 0 0 1795 3043; ppageno 0'>
   <div class='ocr_carea' id='block_1_1' title="bbox 545 27 1547 83">
    <p class='ocr_par' dir='ltr' id='par_1_1' title="bbox 545 27 1547 83">
     <span class='ocr_line' id='line_1_1' title="bbox 545 27 1547 83; baseline 0.006 -8"><span class='ocrx_word' id='word_1_1' title='bbox 545 27 860 76; x_wconf 87' lang='lat' dir='ltr'><strong>EPISTOLA</strong></span> <span class='ocrx_word' id='word_1_2' title='bbox 906 28 1084 75; x_wconf 88' lang='lat' dir='ltr'>CCLH.</span> <span class='ocrx_word' id='word_1_3' title='bbox 1446 36 1547 83; x_wconf 80' lang='lat'>199</span> 
     </span>
    </p>
   </div>
   <div class='ocr_carea' id='block_1_2' title="bbox 11 139 1543 249">
    <p class='ocr_par' dir='ltr' id='par_1_2' title="bbox 11 139 1543 249">
     <span class='ocr_line' id='line_1_2' title="bbox 11 139 1543 195; baseline 0 -13"><span class='ocrx_word' id='word_1_4' title='bbox 11 170 15 174; x_wconf 84' lang='lat'><em>-</em></span> <span class='ocrx_word' id='word_1_5' title='bbox 85 139 359 195; x_wconf 84' lang='lat' dir='ltr'>Moeragenes</span> <span class='ocrx_word' id='word_1_6' title='bbox 397 142 514 183; x_wconf 84' lang='lat' dir='ltr'>certe</span> <span class='ocrx_word' id='word_1_7' title='bbox 549 141 688 193; x_wconf 86' lang='lat' dir='ltr'>periit.</span> <span class='ocrx_word' id='word_1_8' title='bbox 749 140 853 181; x_wconf 84' lang='lat' dir='ltr'>Feci</span> <span class='ocrx_word' id='word_1_9' title='bbox 890 141 973 181; x_wconf 88' lang='lat' dir='ltr'>iter</span> <span class='ocrx_word' id='word_1_10' title='bbox 1001 153 1079 195; x_wconf 89' lang='lat' dir='ltr'>per</span> <span class='ocrx_word' id='word_1_11' title='bbox 1107 139 1198 182; x_wconf 88' lang='lat' dir='ltr'>eius</span> <span class='ocrx_word' id='word_1_12' title='bbox 1227 141 1543 193; x_wconf 81' lang='lat' dir='ltr'>possessionem,</span> 
     </span>
     <span class='ocr_line' id='line_1_3' title="bbox 11 198 1542 249; baseline -0.001 -10"><span class='ocrx_word' id='word_1_13' title='bbox 11 225 14 233; x_wconf 61' lang='lat'><em>=</em></span> <span class='ocrx_word' id='word_1_14' title='bbox 84 198 129 238; x_wconf 85' lang='lat' dir='ltr'>in</span> <span class='ocrx_word' id='word_1_15' title='bbox 158 211 241 249; x_wconf 87' lang='lat' dir='ltr'>qua</span> <span class='ocrx_word' id='word_1_16' title='bbox 269 200 424 239; x_wconf 85' lang='lat' dir='ltr'>animal</span> <span class='ocrx_word' id='word_1_17' title='bbox 452 198 661 249; x_wconf 89' lang='lat' dir='ltr'>reliquum</span> <span class='ocrx_word' id='word_1_18' title='bbox 690 199 856 238; x_wconf 87' lang='lat' dir='ltr'>nullum</span> <span class='ocrx_word' id='word_1_19' title='bbox 884 199 962 240; x_wconf 89' lang='lat' dir='ltr'>est.</span> <span class='ocrx_word' id='word_1_20' title='bbox 1020 199 1139 239; x_wconf 88' lang='lat' dir='ltr'>Haec</span> <span class='ocrx_word' id='word_1_21' title='bbox 1168 210 1252 238; x_wconf 89' lang='lat' dir='ltr'>non</span> <span class='ocrx_word' id='word_1_22' title='bbox 1272 210 1418 240; x_wconf 89' lang='lat' dir='ltr'>noram</span> <span class='ocrx_word' id='word_1_23' title='bbox 1439 200 1542 245; x_wconf 89' lang='lat' dir='ltr'>tum,</span> 
     </span>
    </p>
   </div>
   <div class='ocr_carea' id='block_1_3' title="bbox 0 0 22 582">
    <p class='ocr_par' dir='ltr' id='par_1_3' title="bbox 0 0 22 582">
     <span class='ocr_line' id='line_1_4' title="bbox 0 0 22 582; baseline 0 2461"><span class='ocrx_word' id='word_1_24' title='bbox 0 0 22 582; x_wconf 95' lang='lat' dir='ltr'> </span> 
     </span>
    </p>
   </div>
   <div class='ocr_carea' id='block_1_4' title="bbox 81 255 1613 1274">
    <p class='ocr_par' dir='ltr' id='par_1_4' title="bbox 81 255 1613 1274">
     <span class='ocr_line' id='line_1_5' title="bbox 85 255 1542 306; baseline 0.001 -13"><span class='ocrx_word' id='word_1_25' title='bbox 85 267 213 306; x_wconf 90' lang='lat' dir='ltr'>quum</span> <span class='ocrx_word' id='word_1_26' title='bbox 242 268 336 296; x_wconf 91' lang='lat' dir='ltr'>cum</span> <span class='ocrx_word' id='word_1_27' title='bbox 356 256 593 296; x_wconf 80' lang='lat' dir='ltr'>Democrito</span> <span class='ocrx_word' id='word_1_28' title='bbox 625 257 697 295; x_wconf 88' lang='lat' dir='ltr'>tuo</span> <span class='ocrx_word' id='word_1_29' title='bbox 726 256 893 294; x_wconf 90' lang='lat' dir='ltr'>locutus</span> <span class='ocrx_word' id='word_1_30' title='bbox 924 268 1025 295; x_wconf 87' lang='lat' dir='ltr'>sum.</span> <span class='ocrx_word' id='word_1_31' title='bbox 1084 255 1290 296; x_wconf 88' lang='lat' dir='ltr'>Rhosiaca</span> <span class='ocrx_word' id='word_1_32' title='bbox 1307 268 1407 295; x_wconf 83' lang='lat' dir='ltr'>vasa</span> <span class='ocrx_word' id='word_1_33' title='bbox 1428 268 1542 296; x_wconf 84' lang='lat' dir='ltr'>man-</span> 
     </span>
     <span class='ocr_line' id='line_1_6' title="bbox 89 311 1541 364; baseline 0.001 -13"><span class='ocrx_word' id='word_1_34' title='bbox 89 311 196 352; x_wconf 79' lang='lat' dir='ltr'>davi.</span> <span class='ocrx_word' id='word_1_35' title='bbox 255 313 338 353; x_wconf 91' lang='lat' dir='ltr'>Sed</span> <span class='ocrx_word' id='word_1_36' title='bbox 367 313 470 353; x_wconf 89' lang='lat' dir='ltr'>heus</span> <span class='ocrx_word' id='word_1_37' title='bbox 498 314 565 364; x_wconf 85' lang='lat' dir='ltr'>tu,</span> <span class='ocrx_word' id='word_1_38' title='bbox 607 312 707 362; x_wconf 83' lang='lat' dir='ltr'>quid</span> <span class='ocrx_word' id='word_1_39' title='bbox 738 311 930 364; x_wconf 79' lang='lat' dir='ltr'>cogitas?</span> <span class='ocrx_word' id='word_1_40' title='bbox 966 312 1009 351; x_wconf 90' lang='lat' dir='ltr'>in</span> <span class='ocrx_word' id='word_1_41' title='bbox 1048 312 1230 352; x_wconf 81' lang='lat' dir='ltr'><strong>felicatis</strong></span> <span class='ocrx_word' id='word_1_42' title='bbox 1265 311 1459 352; x_wconf 89' lang='lat' dir='ltr'>lancibus</span> <span class='ocrx_word' id='word_1_43' title='bbox 1498 313 1541 352; x_wconf 87' lang='lat' dir='ltr'>et</span> 
     </span>
     <span class='ocr_line' id='line_1_7' title="bbox 88 368 1540 421; baseline 0.001 -15"><span class='ocrx_word' id='word_1_44' title='bbox 88 369 429 420; x_wconf 63' lang='lat' dir='ltr'>,splendidissimis</span> <span class='ocrx_word' id='word_1_45' title='bbox 458 369 665 421; x_wconf 78' lang='lat' dir='ltr'>canistris,</span> <span class='ocrx_word' id='word_1_46' title='bbox 695 368 898 409; x_wconf 88' lang='lat' dir='ltr'>olusculis</span> <span class='ocrx_word' id='word_1_47' title='bbox 920 380 995 408; x_wconf 92' lang='lat' dir='ltr'>nos</span> <span class='ocrx_word' id='word_1_48' title='bbox 1014 370 1123 409; x_wconf 87' lang='lat' dir='ltr'>soles</span> <span class='ocrx_word' id='word_1_49' title='bbox 1150 381 1322 420; x_wconf 88' lang='lat' dir='ltr'>pascere</span> <span class='ocrx_word' id='word_1_50' title='bbox 1332 382 1345 418; x_wconf 77' lang='lat'><em>3</em></span> <span class='ocrx_word' id='word_1_51' title='bbox 1375 368 1475 420; x_wconf 88' lang='lat' dir='ltr'>quid</span> <span class='ocrx_word' id='word_1_52' title='bbox 1497 370 1540 408; x_wconf 88' lang='lat' dir='ltr'>te</span> 
     </span>
     <span class='ocr_line' id='line_1_8' title="bbox 89 424 1540 477; baseline 0 -13"><span class='ocrx_word' id='word_1_53' title='bbox 89 424 128 465; x_wconf 75' lang='lat' dir='ltr'>in</span> <span class='ocrx_word' id='word_1_54' title='bbox 156 427 267 466; x_wconf 82' lang='lat' dir='ltr'>vasis</span> <span class='ocrx_word' id='word_1_55' title='bbox 297 426 498 467; x_wconf 89' lang='lat' dir='ltr'>fictilibus</span> <span class='ocrx_word' id='word_1_56' title='bbox 528 427 820 477; x_wconf 84' lang='lat' dir='ltr'>appositurum</span> <span class='ocrx_word' id='word_1_57' title='bbox 847 425 1019 477; x_wconf 84' lang='lat' dir='ltr'>putem?</span> <span class='ocrx_word' id='word_1_58' title='bbox 1064 426 1191 473; x_wconf 73' lang='grc' dir='ltr'><em>Κέρας</em></span> <span class='ocrx_word' id='word_1_59' title='bbox 1219 425 1395 466; x_wconf 88' lang='lat' dir='ltr'>Phemio</span> <span class='ocrx_word' id='word_1_60' title='bbox 1425 438 1540 465; x_wconf 87' lang='lat' dir='ltr'>man-</span> 
     </span>
     <span class='ocr_line' id='line_1_9' title="bbox 89 479 1537 534; baseline 0.001 -14"><span class='ocrx_word' id='word_1_61' title='bbox 89 479 226 522; x_wconf 76' lang='lat' dir='ltr'>datum</span> <span class='ocrx_word' id='word_1_62' title='bbox 266 485 349 523; x_wconf 80' lang='lat' dir='ltr'>est:</span> <span class='ocrx_word' id='word_1_63' title='bbox 391 483 648 534; x_wconf 80' lang='lat' dir='ltr'>reperietur3</span> <span class='ocrx_word' id='word_1_64' title='bbox 700 481 823 522; x_wconf 90' lang='lat' dir='ltr'>modo</span> <span class='ocrx_word' id='word_1_65' title='bbox 859 481 1019 532; x_wconf 90' lang='lat' dir='ltr'>aliquid</span> <span class='ocrx_word' id='word_1_66' title='bbox 1066 482 1142 522; x_wconf 93' lang='lat' dir='ltr'>illo</span> <span class='ocrx_word' id='word_1_67' title='bbox 1185 481 1356 533; x_wconf 88' lang='lat' dir='ltr'>dignum</span> <span class='ocrx_word' id='word_1_68' title='bbox 1397 484 1537 523; x_wconf 89' lang='lat' dir='ltr'>canat.</span> 
     </span>
     <span class='ocr_line' id='line_1_10' title="bbox 86 537 1613 592; baseline 0.003 -15"><span class='ocrx_word' id='word_1_69' title='bbox 86 537 327 580; x_wconf 83' lang='lat' dir='ltr'>Parthicum</span> <span class='ocrx_word' id='word_1_70' title='bbox 356 540 512 579; x_wconf 91' lang='lat' dir='ltr'>bellum</span> <span class='ocrx_word' id='word_1_71' title='bbox 539 540 768 592; x_wconf 81' lang='lat' dir='ltr'>impendet.</span> <span class='ocrx_word' id='word_1_72' title='bbox 838 538 1005 579; x_wconf 85' lang='lat' dir='ltr'>Cassius</span> <span class='ocrx_word' id='word_1_73' title='bbox 1042 539 1206 590; x_wconf 87' lang='lat' dir='ltr'>ineptas</span> <span class='ocrx_word' id='word_1_74' title='bbox 1235 539 1382 579; x_wconf 82' lang='lat' dir='ltr'>literas</span> <span class='ocrx_word' id='word_1_75' title='bbox 1409 539 1535 580; x_wconf 82' lang='lat' dir='ltr'>misit.</span> <span class='ocrx_word' id='word_1_76' title='bbox 1559 543 1613 581; x_wconf 80' lang='lat'>14</span> 
     </span>
     <span class='ocr_line' id='line_1_11' title="bbox 85 593 1538 648; baseline 0 -13"><span class='ocrx_word' id='word_1_77' title='bbox 85 593 271 636; x_wconf 76' lang='lat' dir='ltr'>Necdum</span> <span class='ocrx_word' id='word_1_78' title='bbox 299 596 442 637; x_wconf 91' lang='lat' dir='ltr'>Bibuli</span> <span class='ocrx_word' id='word_1_79' title='bbox 471 598 591 636; x_wconf 82' lang='lat' dir='ltr'>erant</span> <span class='ocrx_word' id='word_1_80' title='bbox 622 598 797 636; x_wconf 84' lang='lat' dir='ltr'>allatae:</span> <span class='ocrx_word' id='word_1_81' title='bbox 837 596 990 646; x_wconf 90' lang='lat' dir='ltr'>quibus</span> <span class='ocrx_word' id='word_1_82' title='bbox 1029 595 1247 642; x_wconf 83' lang='lat' dir='ltr'>recitatis,</span> <span class='ocrx_word' id='word_1_83' title='bbox 1279 597 1402 647; x_wconf 87' lang='lat' dir='ltr'>puto,</span> <span class='ocrx_word' id='word_1_84' title='bbox 1432 597 1538 648; x_wconf 86' lang='lat' dir='ltr'>fore,</span> 
     </span>
     <span class='ocr_line' id='line_1_12' title="bbox 86 652 1538 705; baseline 0.002 -15"><span class='ocrx_word' id='word_1_85' title='bbox 86 654 134 691; x_wconf 89' lang='lat' dir='ltr'>ut</span> <span class='ocrx_word' id='word_1_86' title='bbox 164 653 382 705; x_wconf 73' lang='lat' dir='ltr'>aliquando</span> <span class='ocrx_word' id='word_1_87' title='bbox 413 654 723 695; x_wconf 76' lang='lat' dir='ltr'>commoveatur</span> <span class='ocrx_word' id='word_1_88' title='bbox 743 654 921 692; x_wconf 87' lang='lat' dir='ltr'>senatus.</span> <span class='ocrx_word' id='word_1_89' title='bbox 977 652 1185 704; x_wconf 90' lang='lat' dir='ltr'>Equidem</span> <span class='ocrx_word' id='word_1_90' title='bbox 1214 664 1304 691; x_wconf 90' lang='lat' dir='ltr'>sum</span> <span class='ocrx_word' id='word_1_91' title='bbox 1326 652 1370 691; x_wconf 93' lang='lat' dir='ltr'>in</span> <span class='ocrx_word' id='word_1_92' title='bbox 1389 665 1538 704; x_wconf 84' lang='lat' dir='ltr'>magna</span> 
     </span>
     <span class='ocr_line' id='line_1_13' title="bbox 86 708 1538 762; baseline 0.001 -14"><span class='ocrx_word' id='word_1_93' title='bbox 86 708 210 750; x_wconf 86' lang='lat' dir='ltr'>animi</span> <span class='ocrx_word' id='word_1_94' title='bbox 239 709 568 762; x_wconf 78' lang='lat' dir='ltr'>perturbatione.</span> <span class='ocrx_word' id='word_1_95' title='bbox 628 710 694 757; x_wconf 85' lang='lat' dir='ltr'>Si,</span> <span class='ocrx_word' id='word_1_96' title='bbox 727 711 775 749; x_wconf 89' lang='lat' dir='ltr'>ut</span> <span class='ocrx_word' id='word_1_97' title='bbox 805 710 926 761; x_wconf 86' lang='lat' dir='ltr'>opto,</span> <span class='ocrx_word' id='word_1_98' title='bbox 958 721 1041 749; x_wconf 89' lang='lat' dir='ltr'>non</span> <span class='ocrx_word' id='word_1_99' title='bbox 1070 710 1322 762; x_wconf 85' lang='lat' dir='ltr'>prorogatur</span> <span class='ocrx_word' id='word_1_100' title='bbox 1350 710 1538 749; x_wconf 84' lang='lat' dir='ltr'>nostrum</span> 
     </span>
     <span class='ocr_line' id='line_1_14' title="bbox 83 765 1537 819; baseline 0.001 -14"><span class='ocrx_word' id='word_1_101' title='bbox 83 768 304 819; x_wconf 80' lang='lat' dir='ltr'>negotium,</span> <span class='ocrx_word' id='word_1_102' title='bbox 332 766 469 807; x_wconf 89' lang='lat' dir='ltr'>habeo</span> <span class='ocrx_word' id='word_1_103' title='bbox 498 767 663 807; x_wconf 86' lang='lat' dir='ltr'>lunium</span> <span class='ocrx_word' id='word_1_104' title='bbox 694 768 736 807; x_wconf 87' lang='lat' dir='ltr'>et</span> <span class='ocrx_word' id='word_1_105' title='bbox 767 766 999 814; x_wconf 83' lang='lat' dir='ltr'>Quintilem</span> <span class='ocrx_word' id='word_1_106' title='bbox 1028 766 1073 806; x_wconf 91' lang='lat' dir='ltr'>in</span> <span class='ocrx_word' id='word_1_107' title='bbox 1103 768 1231 806; x_wconf 88' lang='lat' dir='ltr'>metu.</span> <span class='ocrx_word' id='word_1_108' title='bbox 1289 765 1417 814; x_wconf 85' lang='lat' dir='ltr'>Esto;</span> <span class='ocrx_word' id='word_1_109' title='bbox 1453 765 1537 806; x_wconf 88' lang='lat' dir='ltr'>duo</span> 
     </span>
     <span class='ocr_line' id='line_1_15' title="bbox 83 821 1538 874; baseline 0.001 -13"><span class='ocrx_word' id='word_1_110' title='bbox 83 822 248 872; x_wconf 87' lang='lat' dir='ltr'>quidem</span> <span class='ocrx_word' id='word_1_111' title='bbox 276 836 437 864; x_wconf 89' lang='lat' dir='ltr'>menses</span> <span class='ocrx_word' id='word_1_112' title='bbox 466 824 689 864; x_wconf 84' lang='lat' dir='ltr'>sustinebit</span> <span class='ocrx_word' id='word_1_113' title='bbox 716 823 905 864; x_wconf 85' lang='lat' dir='ltr'>Bibulus.</span> <span class='ocrx_word' id='word_1_114' title='bbox 958 823 1068 870; x_wconf 81' lang='lat' dir='ltr'>Quid</span> <span class='ocrx_word' id='word_1_115' title='bbox 1097 823 1173 863; x_wconf 93' lang='lat' dir='ltr'>illo</span> <span class='ocrx_word' id='word_1_116' title='bbox 1201 821 1289 871; x_wconf 83' lang='lat' dir='ltr'>fiet,</span> <span class='ocrx_word' id='word_1_117' title='bbox 1320 834 1445 874; x_wconf 89' lang='lat' dir='ltr'>quem</span> <span class='ocrx_word' id='word_1_118' title='bbox 1472 834 1538 862; x_wconf 92' lang='lat' dir='ltr'>re-</span> 
     </span>
     <span class='ocr_line' id='line_1_16' title="bbox 82 879 1538 933; baseline 0 -15"><span class='ocrx_word' id='word_1_119' title='bbox 82 879 263 931; x_wconf 89' lang='lat' dir='ltr'>liquero,</span> <span class='ocrx_word' id='word_1_120' title='bbox 288 882 537 933; x_wconf 86' lang='lat' dir='ltr'>praesertim</span> <span class='ocrx_word' id='word_1_121' title='bbox 564 883 599 922; x_wconf 90' lang='lat' dir='ltr'>si</span> <span class='ocrx_word' id='word_1_122' title='bbox 629 879 830 921; x_wconf 66' lang='lat' dir='ltr'>fratrem?</span> <span class='ocrx_word' id='word_1_123' title='bbox 866 879 968 933; x_wconf 89' lang='lat' dir='ltr'>quid</span> <span class='ocrx_word' id='word_1_124' title='bbox 997 892 1064 920; x_wconf 88' lang='lat' dir='ltr'>me</span> <span class='ocrx_word' id='word_1_125' title='bbox 1094 881 1248 927; x_wconf 88' lang='lat' dir='ltr'>autem,</span> <span class='ocrx_word' id='word_1_126' title='bbox 1278 879 1313 919; x_wconf 88' lang='lat' dir='ltr'>si</span> <span class='ocrx_word' id='word_1_127' title='bbox 1342 891 1425 918; x_wconf 91' lang='lat' dir='ltr'>non</span> <span class='ocrx_word' id='word_1_128' title='bbox 1451 880 1538 919; x_wconf 87' lang='lat' dir='ltr'>tam</span> 
     </span>
     <span class='ocr_line' id='line_1_17' title="bbox 83 936 1537 990; baseline 0 -15"><span class='ocrx_word' id='word_1_129' title='bbox 83 936 168 976; x_wconf 88' lang='lat' dir='ltr'>cito</span> <span class='ocrx_word' id='word_1_130' title='bbox 198 936 382 978; x_wconf 77' lang='lat' dir='ltr'>decedo?</span> <span class='ocrx_word' id='word_1_131' title='bbox 425 938 579 990; x_wconf 86' lang='lat' dir='ltr'>Magna</span> <span class='ocrx_word' id='word_1_132' title='bbox 616 937 738 978; x_wconf 86' lang='lat' dir='ltr'>turba</span> <span class='ocrx_word' id='word_1_133' title='bbox 770 939 842 977; x_wconf 88' lang='lat' dir='ltr'>est.</span> <span class='ocrx_word' id='word_1_134' title='bbox 899 937 1008 977; x_wconf 86' lang='lat' dir='ltr'>Mihi</span> <span class='ocrx_word' id='word_1_135' title='bbox 1036 938 1175 976; x_wconf 90' lang='lat' dir='ltr'>tamen</span> <span class='ocrx_word' id='word_1_136' title='bbox 1212 948 1308 976; x_wconf 90' lang='lat' dir='ltr'>cum</span> <span class='ocrx_word' id='word_1_137' title='bbox 1335 936 1537 976; x_wconf 90' lang='lat' dir='ltr'>Deiotaro</span> 
     </span>
     <span class='ocr_line' id='line_1_18' title="bbox 82 991 1537 1044; baseline -0.001 -12"><span class='ocrx_word' id='word_1_138' title='bbox 82 993 293 1041; x_wconf 81' lang='lat' dir='ltr'>convenit,</span> <span class='ocrx_word' id='word_1_139' title='bbox 321 997 369 1035; x_wconf 86' lang='lat' dir='ltr'>ut</span> <span class='ocrx_word' id='word_1_140' title='bbox 397 996 471 1035; x_wconf 89' lang='lat' dir='ltr'>ille</span> <span class='ocrx_word' id='word_1_141' title='bbox 500 996 544 1035; x_wconf 92' lang='lat' dir='ltr'>in</span> <span class='ocrx_word' id='word_1_142' title='bbox 574 996 679 1035; x_wconf 89' lang='lat' dir='ltr'>meis</span> <span class='ocrx_word' id='word_1_143' title='bbox 709 995 856 1035; x_wconf 86' lang='lat' dir='ltr'>castris</span> <span class='ocrx_word' id='word_1_144' title='bbox 885 995 994 1033; x_wconf 90' lang='lat' dir='ltr'>esset</span> <span class='ocrx_word' id='word_1_145' title='bbox 1022 1005 1117 1034; x_wconf 90' lang='lat' dir='ltr'>cum</span> <span class='ocrx_word' id='word_1_146' title='bbox 1138 993 1222 1032; x_wconf 91' lang='lat' dir='ltr'>suis</span> <span class='ocrx_word' id='word_1_147' title='bbox 1251 993 1384 1044; x_wconf 90' lang='lat' dir='ltr'>copiis</span> <span class='ocrx_word' id='word_1_148' title='bbox 1407 991 1537 1031; x_wconf 88' lang='lat' dir='ltr'>omni-</span> 
     </span>
     <span class='ocr_line' id='line_1_19' title="bbox 82 1049 1538 1103; baseline -0.001 -14"><span class='ocrx_word' id='word_1_149' title='bbox 82 1049 174 1091; x_wconf 85' lang='lat' dir='ltr'>bus.</span> <span class='ocrx_word' id='word_1_150' title='bbox 230 1050 367 1091; x_wconf 85' lang='lat' dir='ltr'>Habet</span> <span class='ocrx_word' id='word_1_151' title='bbox 397 1054 536 1092; x_wconf 87' lang='lat' dir='ltr'>autem</span> <span class='ocrx_word' id='word_1_152' title='bbox 578 1053 772 1092; x_wconf 87' lang='lat' dir='ltr'>cohortes</span> <span class='ocrx_word' id='word_1_153' title='bbox 813 1050 1189 1103; x_wconf 84' lang='lat' dir='ltr'>quadringenarias</span> <span class='ocrx_word' id='word_1_154' title='bbox 1226 1052 1368 1089; x_wconf 81' lang='lat' dir='ltr'>nostra</span> <span class='ocrx_word' id='word_1_155' title='bbox 1406 1061 1538 1089; x_wconf 82' lang='lat' dir='ltr'>arma·</span> 
     </span>
     <span class='ocr_line' id='line_1_20' title="bbox 82 1104 1538 1159; baseline -0.001 -13"><span class='ocrx_word' id='word_1_156' title='bbox 82 1108 199 1158; x_wconf 85' lang='lat' dir='ltr'>tura,</span> <span class='ocrx_word' id='word_1_157' title='bbox 229 1120 332 1157; x_wconf 78' lang='lat' dir='ltr'>xxx3</span> <span class='ocrx_word' id='word_1_158' title='bbox 371 1109 558 1159; x_wconf 89' lang='lat' dir='ltr'>equitum</span> <span class='ocrx_word' id='word_1_159' title='bbox 591 1120 659 1148; x_wconf 76' lang='lat' dir='ltr'>cio</span> <span class='ocrx_word' id='word_1_160' title='bbox 695 1119 781 1150; x_wconf 81' lang='lat' dir='ltr'>cm.</span> <span class='ocrx_word' id='word_1_161' title='bbox 839 1108 936 1148; x_wconf 87' lang='lat' dir='ltr'>Erit</span> <span class='ocrx_word' id='word_1_162' title='bbox 957 1108 1009 1147; x_wconf 89' lang='lat' dir='ltr'>ad</span> <span class='ocrx_word' id='word_1_163' title='bbox 1039 1106 1368 1158; x_wconf 85' lang='lat' dir='ltr'>sustentandum,</span> <span class='ocrx_word' id='word_1_164' title='bbox 1399 1104 1538 1156; x_wconf 83' lang='lat' dir='ltr'>quoad</span> 
     </span>
     <span class='ocr_line' id='line_1_21' title="bbox 81 1161 1538 1216; baseline -0.001 -13"><span class='ocrx_word' id='word_1_165' title='bbox 81 1163 305 1215; x_wconf 87' lang='lat' dir='ltr'>Pompeius</span> <span class='ocrx_word' id='word_1_166' title='bbox 333 1166 494 1216; x_wconf 80' lang='lat' dir='ltr'>veniat3</span> <span class='ocrx_word' id='word_1_167' title='bbox 531 1166 602 1216; x_wconf 89' lang='lat' dir='ltr'>qui</span> <span class='ocrx_word' id='word_1_168' title='bbox 631 1165 791 1213; x_wconf 90' lang='lat' dir='ltr'>literis,</span> <span class='ocrx_word' id='word_1_169' title='bbox 823 1177 926 1215; x_wconf 91' lang='lat' dir='ltr'>quas</span> <span class='ocrx_word' id='word_1_170' title='bbox 957 1164 1009 1204; x_wconf 87' lang='lat' dir='ltr'>ad</span> <span class='ocrx_word' id='word_1_171' title='bbox 1038 1177 1103 1204; x_wconf 84' lang='lat' dir='ltr'>nle</span> <span class='ocrx_word' id='word_1_172' title='bbox 1132 1162 1285 1215; x_wconf 78' lang='lat' dir='ltr'>mittit,</span> <span class='ocrx_word' id='word_1_173' title='bbox 1315 1161 1538 1216; x_wconf 86' lang='lat' dir='ltr'>significat,</span> 
     </span>
     <span class='ocr_line' id='line_1_22' title="bbox 83 1219 1536 1274; baseline -0.001 -14"><span class='ocrx_word' id='word_1_174' title='bbox 83 1233 203 1261; x_wconf 86' lang='lat' dir='ltr'>suum</span> <span class='ocrx_word' id='word_1_175' title='bbox 241 1222 452 1274; x_wconf 90' lang='lat' dir='ltr'>negotium</span> <span class='ocrx_word' id='word_1_176' title='bbox 489 1222 598 1263; x_wconf 87' lang='lat' dir='ltr'>illud</span> <span class='ocrx_word' id='word_1_177' title='bbox 636 1224 742 1264; x_wconf 84' lang='lat' dir='ltr'>sore.</span> <span class='ocrx_word' id='word_1_178' title='bbox 815 1222 1014 1263; x_wconf 83' lang='lat' dir='ltr'>Hiemant</span> <span class='ocrx_word' id='word_1_179' title='bbox 1053 1222 1097 1261; x_wconf 94' lang='lat' dir='ltr'>in</span> <span class='ocrx_word' id='word_1_180' title='bbox 1133 1222 1276 1260; x_wconf 87' lang='lat' dir='ltr'>nostra</span> <span class='ocrx_word' id='word_1_181' title='bbox 1315 1219 1536 1273; x_wconf 83' lang='lat' dir='ltr'>provincia</span> 
     </span>
    </p>
   </div>
   <div class='ocr_carea' id='block_1_5' title="bbox 85 1305 260 1311">
    <p class='ocr_par' dir='ltr' id='par_1_5' title="bbox 85 1305 260 1311">
     <span class='ocr_line' id='line_1_23' title="bbox 85 1305 260 1311; baseline 0 0"><span class='ocrx_word' id='word_1_182' title='bbox 85 1305 260 1311; x_wconf 95' lang='lat' dir='ltr'> </span> 
     </span>
    </p>
   </div>
   <div class='ocr_carea' id='block_1_6' title="bbox 263 1306 410 1311">
    <p class='ocr_par' dir='ltr' id='par_1_6' title="bbox 263 1306 410 1311">
     <span class='ocr_line' id='line_1_24' title="bbox 263 1306 410 1311; baseline 0 0"><span class='ocrx_word' id='word_1_183' title='bbox 263 1306 410 1311; x_wconf 95' lang='lat' dir='ltr'> </span> 
     </span>
    </p>
   </div>
   <div class='ocr_carea' id='block_1_7' title="bbox 77 1339 1540 2726">
    <p class='ocr_par' dir='ltr' id='par_1_7' title="bbox 77 1339 1540 2074">
     <span class='ocr_line' id='line_1_25' title="bbox 81 1339 1535 1388; baseline -0.003 -11"><span class='ocrx_word' id='word_1_184' title='bbox 81 1354 163 1377; x_wconf 86' lang='lat' dir='ltr'>rare</span> <span class='ocrx_word' id='word_1_185' title='bbox 190 1343 373 1388; x_wconf 83' lang='lat' dir='ltr'>cupiebat.</span> <span class='ocrx_word' id='word_1_186' title='bbox 421 1344 479 1378; x_wconf 92' lang='lat' dir='ltr'>De</span> <span class='ocrx_word' id='word_1_187' title='bbox 504 1345 731 1385; x_wconf 70' lang='lat' dir='ltr'>,Moeragene</span> <span class='ocrx_word' id='word_1_188' title='bbox 763 1343 849 1376; x_wconf 85' lang='lat' dir='ltr'>vide</span> <span class='ocrx_word' id='word_1_189' title='bbox 874 1343 920 1376; x_wconf 84' lang='lat' dir='ltr'>ad</span> <span class='ocrx_word' id='word_1_190' title='bbox 945 1354 1004 1388; x_wconf 88' lang='lat' dir='ltr'>ep.</span> <span class='ocrx_word' id='word_1_191' title='bbox 1025 1343 1187 1386; x_wconf 81' lang='lat' dir='ltr'>CCVII,</span> <span class='ocrx_word' id='word_1_192' title='bbox 1211 1344 1246 1377; x_wconf 87' lang='lat'>3.</span> <span class='ocrx_word' id='word_1_193' title='bbox 1262 1359 1307 1366; x_wconf 90' lang='lat'>·-</span> <span class='ocrx_word' id='word_1_194' title='bbox 1341 1339 1457 1386; x_wconf 75' lang='lat' dir='ltr'>periit</span> <span class='ocrx_word' id='word_1_195' title='bbox 1487 1339 1535 1374; x_wconf 86' lang='lat' dir='ltr'>de</span> 
     </span>
     <span class='ocr_line' id='line_1_26' title="bbox 81 1386 1537 1432; baseline -0.002 -9"><span class='ocrx_word' id='word_1_196' title='bbox 81 1390 160 1424; x_wconf 85' lang='lat' dir='ltr'>eius</span> <span class='ocrx_word' id='word_1_197' title='bbox 186 1396 304 1423; x_wconf 85' lang='lat' dir='ltr'>morte</span> <span class='ocrx_word' id='word_1_198' title='bbox 328 1389 387 1423; x_wconf 75' lang='lat' dir='ltr'>vel</span> <span class='ocrx_word' id='word_1_199' title='bbox 414 1390 523 1424; x_wconf 85' lang='lat' dir='ltr'>caede</span> <span class='ocrx_word' id='word_1_200' title='bbox 549 1389 843 1432; x_wconf 82' lang='lat' dir='ltr'>intelligendum.</span> <span class='ocrx_word' id='word_1_201' title='bbox 861 1408 905 1414; x_wconf 90' lang='lat'><strong>—</strong></span> <span class='ocrx_word' id='word_1_202' title='bbox 941 1390 1109 1422; x_wconf 84' lang='lat' dir='ltr'>Democr.</span> <span class='ocrx_word' id='word_1_203' title='bbox 1136 1393 1197 1422; x_wconf 81' lang='lat' dir='ltr'>tuo</span> <span class='ocrx_word' id='word_1_204' title='bbox 1222 1399 1344 1422; x_wconf 87' lang='lat' dir='ltr'>servo.</span> <span class='ocrx_word' id='word_1_205' title='bbox 1362 1406 1405 1412; x_wconf 90' lang='lat'>—</span> <span class='ocrx_word' id='word_1_206' title='bbox 1436 1386 1537 1420; x_wconf 75' lang='lat' dir='ltr'>Rho-</span> 
     </span>
     <span class='ocr_line' id='line_1_27' title="bbox 80 1432 1536 1479; baseline -0.003 -10"><span class='ocrx_word' id='word_1_207' title='bbox 80 1437 203 1478; x_wconf 75' lang='lat' dir='ltr'>siaca,</span> <span class='ocrx_word' id='word_1_208' title='bbox 232 1437 296 1469; x_wconf 88' lang='lat' dir='ltr'>das</span> <span class='ocrx_word' id='word_1_209' title='bbox 312 1436 588 1479; x_wconf 81' lang='lat' dir='ltr'>Taselgeschirr</span> <span class='ocrx_word' id='word_1_210' title='bbox 614 1436 694 1469; x_wconf 83' lang='lat' dir='ltr'>hab⁷</span> <span class='ocrx_word' id='word_1_211' title='bbox 721 1436 780 1469; x_wconf 89' lang='lat' dir='ltr'>ich</span> <span class='ocrx_word' id='word_1_212' title='bbox 805 1434 974 1469; x_wconf 71' lang='lat' dir='ltr'>furnich</span> <span class='ocrx_word' id='word_1_213' title='bbox 1000 1445 1045 1469; x_wconf 91' lang='lat' dir='ltr'>zu</span> <span class='ocrx_word' id='word_1_214' title='bbox 1063 1435 1212 1468; x_wconf 83' lang='lat' dir='ltr'>Rhosus</span> <span class='ocrx_word' id='word_1_215' title='bbox 1238 1434 1402 1468; x_wconf 87' lang='lat' dir='ltr'>bestellt.</span> <span class='ocrx_word' id='word_1_216' title='bbox 1437 1432 1536 1466; x_wconf 72' lang='lat' dir='ltr'>Rho-</span> 
     </span>
     <span class='ocr_line' id='line_1_28' title="bbox 81 1479 1537 1526; baseline -0.002 -11"><span class='ocrx_word' id='word_1_217' title='bbox 81 1493 142 1515; x_wconf 76' lang='lat' dir='ltr'>sns</span> <span class='ocrx_word' id='word_1_218' title='bbox 168 1481 321 1525; x_wconf 79' lang='grc' dir='ltr'>(Ῥωσός</span> <span class='ocrx_word' id='word_1_219' title='bbox 348 1507 357 1524; x_wconf 84' lang='grc'>,</span> <span class='ocrx_word' id='word_1_220' title='bbox 400 1483 482 1515; x_wconf 85' lang='lat' dir='ltr'>eine</span> <span class='ocrx_word' id='word_1_221' title='bbox 514 1483 630 1516; x_wconf 85' lang='lat' dir='ltr'>durch</span> <span class='ocrx_word' id='word_1_222' title='bbox 665 1481 886 1525; x_wconf 72' lang='lat' dir='ltr'>vorziiglich</span> <span class='ocrx_word' id='word_1_223' title='bbox 917 1488 1006 1524; x_wconf 80' lang='lat' dir='ltr'>gnte</span> <span class='ocrx_word' id='word_1_224' title='bbox 1037 1482 1305 1526; x_wconf 75' lang='lat' dir='ltr'>Topt‘erwaare</span> <span class='ocrx_word' id='word_1_225' title='bbox 1342 1479 1537 1513; x_wconf 85' lang='lat' dir='ltr'>beriihmte</span> 
     </span>
     <span class='ocr_line' id='line_1_29' title="bbox 82 1524 1536 1572; baseline -0.002 -11"><span class='ocrx_word' id='word_1_226' title='bbox 82 1528 190 1562; x_wconf 66' lang='lat' dir='ltr'>stadt</span> <span class='ocrx_word' id='word_1_227' title='bbox 221 1527 375 1572; x_wconf 67' lang='lat' dir='ltr'>Syr-iens</span> <span class='ocrx_word' id='word_1_228' title='bbox 408 1528 444 1561; x_wconf 89' lang='lat' dir='ltr'>in</span> <span class='ocrx_word' id='word_1_229' title='bbox 476 1528 542 1562; x_wconf 86' lang='lat' dir='ltr'>der</span> <span class='ocrx_word' id='word_1_230' title='bbox 571 1528 675 1562; x_wconf 66' lang='lat' dir='ltr'>Nahe</span> <span class='ocrx_word' id='word_1_231' title='bbox 706 1528 774 1560; x_wconf 92' lang='lat' dir='ltr'>der</span> <span class='ocrx_word' id='word_1_232' title='bbox 805 1526 1010 1572; x_wconf 74' lang='lat' dir='ltr'>Syrischen</span> <span class='ocrx_word' id='word_1_233' title='bbox 1036 1527 1152 1561; x_wconf 73' lang='lat' dir='ltr'>Passe</span> <span class='ocrx_word' id='word_1_234' title='bbox 1182 1537 1238 1559; x_wconf 87' lang='lat' dir='ltr'>am</span> <span class='ocrx_word' id='word_1_235' title='bbox 1270 1525 1373 1560; x_wconf 83' lang='lat' dir='ltr'>sinus</span> <span class='ocrx_word' id='word_1_236' title='bbox 1398 1524 1536 1559; x_wconf 82' lang='lat' dir='ltr'>Issicus</span> 
     </span>
     <span class='ocr_line' id='line_1_30' title="bbox 82 1570 1536 1617; baseline -0.001 -10"><span class='ocrx_word' id='word_1_237' title='bbox 82 1574 270 1607; x_wconf 78' lang='lat' dir='ltr'>zwischen</span> <span class='ocrx_word' id='word_1_238' title='bbox 296 1574 395 1607; x_wconf 87' lang='lat' dir='ltr'>Issus</span> <span class='ocrx_word' id='word_1_239' title='bbox 422 1574 493 1607; x_wconf 88' lang='lat' dir='ltr'>und</span> <span class='ocrx_word' id='word_1_240' title='bbox 519 1573 704 1609; x_wconf 83' lang='lat' dir='ltr'>Seleucia.</span> <span class='ocrx_word' id='word_1_241' title='bbox 754 1574 796 1606; x_wconf 90' lang='lat' dir='ltr'>In</span> <span class='ocrx_word' id='word_1_242' title='bbox 822 1574 971 1617; x_wconf 70' lang='lat' dir='ltr'>spatern</span> <span class='ocrx_word' id='word_1_243' title='bbox 998 1572 1127 1606; x_wconf 83' lang='lat' dir='ltr'>Zeiten</span> <span class='ocrx_word' id='word_1_244' title='bbox 1153 1572 1285 1605; x_wconf 84' lang='lat' dir='ltr'>wurde</span> <span class='ocrx_word' id='word_1_245' title='bbox 1316 1571 1370 1605; x_wconf 91' lang='lat' dir='ltr'>sie</span> <span class='ocrx_word' id='word_1_246' title='bbox 1401 1582 1446 1605; x_wconf 88' lang='lat' dir='ltr'>zu</span> <span class='ocrx_word' id='word_1_247' title='bbox 1473 1570 1536 1605; x_wconf 90' lang='lat' dir='ltr'>Ci-</span> 
     </span>
     <span class='ocr_line' id='line_1_31' title="bbox 79 1617 1538 1663; baseline -0.002 -10"><span class='ocrx_word' id='word_1_248' title='bbox 79 1620 192 1653; x_wconf 89' lang='lat' dir='ltr'>licien</span> <span class='ocrx_word' id='word_1_249' title='bbox 218 1620 427 1663; x_wconf 83' lang='lat' dir='ltr'>gerechnet.</span> <span class='ocrx_word' id='word_1_250' title='bbox 472 1620 510 1655; x_wconf 90' lang='lat' dir='ltr'>S.</span> <span class='ocrx_word' id='word_1_251' title='bbox 535 1620 635 1654; x_wconf 90' lang='lat' dir='ltr'>Plin.</span> <span class='ocrx_word' id='word_1_252' title='bbox 663 1620 710 1654; x_wconf 90' lang='lat' dir='ltr'>H.</span> <span class='ocrx_word' id='word_1_253' title='bbox 730 1620 776 1654; x_wconf 89' lang='lat' dir='ltr'><strong>N.</strong></span> <span class='ocrx_word' id='word_1_254' title='bbox 799 1619 850 1662; x_wconf 86' lang='lat' dir='ltr'>V,</span> <span class='ocrx_word' id='word_1_255' title='bbox 871 1619 928 1653; x_wconf 85' lang='lat'><strong>22.</strong></span> <span class='ocrx_word' id='word_1_256' title='bbox 964 1619 1065 1653; x_wconf 83' lang='lat' dir='ltr'>Mela</span> <span class='ocrx_word' id='word_1_257' title='bbox 1088 1620 1121 1657; x_wconf 87' lang='lat' dir='ltr'>l,</span> <span class='ocrx_word' id='word_1_258' title='bbox 1138 1619 1194 1653; x_wconf 86' lang='lat'><strong>12.</strong></span> <span class='ocrx_word' id='word_1_259' title='bbox 1230 1617 1351 1653; x_wconf 87' lang='lat' dir='ltr'>Strab.</span> <span class='ocrx_word' id='word_1_260' title='bbox 1375 1617 1538 1652; x_wconf 81' lang='lat' dir='ltr'>Ptolem.</span> 
     </span>
     <span class='ocr_line' id='line_1_32' title="bbox 80 1664 1538 1708; baseline -0.001 -10"><span class='ocrx_word' id='word_1_261' title='bbox 80 1677 115 1699; x_wconf 89' lang='lat' dir='ltr'>u.</span> <span class='ocrx_word' id='word_1_262' title='bbox 141 1666 278 1699; x_wconf 83' lang='lat' dir='ltr'>Euseb.</span> <span class='ocrx_word' id='word_1_263' title='bbox 306 1666 401 1699; x_wconf 84' lang='lat' dir='ltr'>Hist.</span> <span class='ocrx_word' id='word_1_264' title='bbox 428 1666 574 1700; x_wconf 87' lang='lat' dir='ltr'>Eccles.</span> <span class='ocrx_word' id='word_1_265' title='bbox 596 1666 664 1708; x_wconf 84' lang='lat' dir='ltr'>VI,</span> <span class='ocrx_word' id='word_1_266' title='bbox 680 1666 793 1701; x_wconf 83' lang='lat'><strong>12.-—</strong></span> <span class='ocrx_word' id='word_1_267' title='bbox 825 1666 911 1708; x_wconf 80' lang='lat' dir='ltr'>quid</span> <span class='ocrx_word' id='word_1_268' title='bbox 935 1675 1038 1708; x_wconf 84' lang='lat' dir='ltr'>cog.,</span> <span class='ocrx_word' id='word_1_269' title='bbox 1062 1675 1122 1698; x_wconf 83' lang='lat' dir='ltr'>wo</span> <span class='ocrx_word' id='word_1_270' title='bbox 1149 1664 1285 1698; x_wconf 84' lang='lat' dir='ltr'>denkst</span> <span class='ocrx_word' id='word_1_271' title='bbox 1301 1664 1364 1697; x_wconf 86' lang='lat' dir='ltr'>Du</span> <span class='ocrx_word' id='word_1_272' title='bbox 1389 1664 1538 1697; x_wconf 56' lang='lat' dir='ltr'>hinss—</span> 
     </span>
     <span class='ocr_line' id='line_1_33' title="bbox 79 1710 1537 1754; baseline -0.002 -9"><span class='ocrx_word' id='word_1_273' title='bbox 79 1712 118 1745; x_wconf 76' lang='lat' dir='ltr'>in</span> <span class='ocrx_word' id='word_1_274' title='bbox 142 1712 238 1754; x_wconf 78' lang='lat' dir='ltr'>felic.</span> <span class='ocrx_word' id='word_1_275' title='bbox 266 1712 379 1753; x_wconf 57' lang='lat' dir='ltr'>lanc„</span> <span class='ocrx_word' id='word_1_276' title='bbox 412 1713 477 1746; x_wconf 84' lang='lat' dir='ltr'>aus</span> <span class='ocrx_word' id='word_1_277' title='bbox 496 1712 695 1747; x_wconf 77' lang='lat' dir='ltr'>Schusseln</span> <span class='ocrx_word' id='word_1_278' title='bbox 729 1712 794 1745; x_wconf 92' lang='lat' dir='ltr'>mit</span> <span class='ocrx_word' id='word_1_279' title='bbox 818 1711 1070 1745; x_wconf 76' lang='lat' dir='ltr'>Farrenkraut</span> <span class='ocrx_word' id='word_1_280' title='bbox 1095 1710 1209 1753; x_wconf 83' lang='lat' dir='ltr'>(filix)</span> <span class='ocrx_word' id='word_1_281' title='bbox 1239 1710 1422 1754; x_wconf 77' lang='lat' dir='ltr'>gebliimt,</span> <span class='ocrx_word' id='word_1_282' title='bbox 1457 1720 1537 1743; x_wconf 85' lang='lat' dir='ltr'>von</span> 
     </span>
     <span class='ocr_line' id='line_1_34' title="bbox 80 1755 1537 1802; baseline -0.003 -10"><span class='ocrx_word' id='word_1_283' title='bbox 80 1757 219 1792; x_wconf 83' lang='lat' dir='ltr'>Silber.</span> <span class='ocrx_word' id='word_1_284' title='bbox 261 1757 299 1793; x_wconf 88' lang='lat' dir='ltr'><strong>S.</strong></span> <span class='ocrx_word' id='word_1_285' title='bbox 328 1758 408 1793; x_wconf 85' lang='lat' dir='ltr'>Cic.</span> <span class='ocrx_word' id='word_1_286' title='bbox 432 1759 618 1793; x_wconf 82' lang='lat' dir='ltr'>Paradox.</span> <span class='ocrx_word' id='word_1_287' title='bbox 637 1761 676 1802; x_wconf 88' lang='lat' dir='ltr'>l,</span> <span class='ocrx_word' id='word_1_288' title='bbox 694 1759 727 1792; x_wconf 87' lang='lat'><strong>2.</strong></span> <span class='ocrx_word' id='word_1_289' title='bbox 765 1758 911 1793; x_wconf 84' lang='lat' dir='ltr'>Festus,</span> <span class='ocrx_word' id='word_1_290' title='bbox 945 1758 1067 1802; x_wconf 83' lang='lat' dir='ltr'>Caper</span> <span class='ocrx_word' id='word_1_291' title='bbox 1091 1755 1371 1791; x_wconf 86' lang='lat' dir='ltr'>Grammaticus.</span> <span class='ocrx_word' id='word_1_292' title='bbox 1393 1774 1435 1781; x_wconf 90' lang='lat'>—</span> <span class='ocrx_word' id='word_1_293' title='bbox 1473 1766 1537 1789; x_wconf 85' lang='lat' dir='ltr'>ca-</span> 
     </span>
     <span class='ocr_line' id='line_1_35' title="bbox 79 1801 1537 1851; baseline -0.002 -15"><span class='ocrx_word' id='word_1_294' title='bbox 79 1804 252 1843; x_wconf 81' lang='lat' dir='ltr'>nistrum,</span> <span class='ocrx_word' id='word_1_295' title='bbox 277 1803 479 1851; x_wconf 68' lang='grc' dir='ltr'>κάιιυστροιν</span> <span class='ocrx_word' id='word_1_296' title='bbox 506 1816 535 1838; x_wconf 89' lang='lat' dir='ltr'>s.</span> <span class='ocrx_word' id='word_1_297' title='bbox 561 1807 747 1839; x_wconf 68' lang='lat' dir='ltr'>nczz&#39;t&#39;omov</span> <span class='ocrx_word' id='word_1_298' title='bbox 779 1807 827 1847; x_wconf 90' lang='lat' dir='ltr'><strong>(v.</strong></span> <span class='ocrx_word' id='word_1_299' title='bbox 855 1804 946 1847; x_wconf 64' lang='lat' dir='ltr'>mim]</span> <span class='ocrx_word' id='word_1_300' title='bbox 973 1815 1001 1837; x_wconf 86' lang='lat' dir='ltr'><strong>S.</strong></span> <span class='ocrx_word' id='word_1_301' title='bbox 1029 1802 1161 1842; x_wconf 68' lang='grc' dir='ltr'>κάιννα,</span> <span class='ocrx_word' id='word_1_302' title='bbox 1196 1803 1337 1845; x_wconf 81' lang='lat' dir='ltr'>Rohr),</span> <span class='ocrx_word' id='word_1_303' title='bbox 1377 1801 1438 1835; x_wconf 88' lang='lat' dir='ltr'>ein</span> <span class='ocrx_word' id='word_1_304' title='bbox 1462 1812 1537 1835; x_wconf 82' lang='lat' dir='ltr'>von</span> 
     </span>
     <span class='ocr_line' id='line_1_36' title="bbox 78 1847 1540 1894; baseline -0.003 -10"><span class='ocrx_word' id='word_1_305' title='bbox 78 1851 186 1884; x_wconf 87' lang='lat' dir='ltr'>Rohr</span> <span class='ocrx_word' id='word_1_306' title='bbox 210 1850 462 1893; x_wconf 80' lang='lat' dir='ltr'>geflochtenes</span> <span class='ocrx_word' id='word_1_307' title='bbox 488 1851 870 1894; x_wconf 70' lang='lat' dir='ltr'>Silber-Korbchen,</span> <span class='ocrx_word' id='word_1_308' title='bbox 896 1849 1017 1883; x_wconf 86' lang='lat' dir='ltr'>worin</span> <span class='ocrx_word' id='word_1_309' title='bbox 1043 1849 1103 1882; x_wconf 90' lang='lat' dir='ltr'>die</span> <span class='ocrx_word' id='word_1_310' title='bbox 1123 1848 1299 1883; x_wconf 77' lang='lat' dir='ltr'>schussel</span> <span class='ocrx_word' id='word_1_311' title='bbox 1324 1847 1540 1891; x_wconf 77' lang='lat' dir='ltr'>aufgestellt</span> 
     </span>
     <span class='ocr_line' id='line_1_37' title="bbox 80 1893 1537 1940; baseline -0.002 -11"><span class='ocrx_word' id='word_1_312' title='bbox 80 1907 171 1930; x_wconf 76' lang='lat' dir='ltr'>war.</span> <span class='ocrx_word' id='word_1_313' title='bbox 198 1915 242 1920; x_wconf 95' lang='lat'><strong>—</strong></span> <span class='ocrx_word' id='word_1_314' title='bbox 289 1897 398 1930; x_wconf 76' lang='lat' dir='ltr'>olzcsc.</span> <span class='ocrx_word' id='word_1_315' title='bbox 433 1896 499 1931; x_wconf 86' lang='lat' dir='ltr'>mit</span> <span class='ocrx_word' id='word_1_316' title='bbox 528 1897 858 1940; x_wconf 81' lang='lat' dir='ltr'>Gartengemiisen.</span> <span class='ocrx_word' id='word_1_317' title='bbox 909 1896 1007 1929; x_wconf 86' lang='lat' dir='ltr'>Eine</span> <span class='ocrx_word' id='word_1_318' title='bbox 1039 1894 1268 1929; x_wconf 88' lang='lat' dir='ltr'>scherzende</span> <span class='ocrx_word' id='word_1_319' title='bbox 1300 1893 1537 1939; x_wconf 84' lang='lat' dir='ltr'>Auspielung</span> 
     </span>
     <span class='ocr_line' id='line_1_38' title="bbox 78 1939 1537 1986; baseline -0.003 -10"><span class='ocrx_word' id='word_1_320' title='bbox 78 1943 143 1976; x_wconf 81' lang='lat' dir='ltr'>auf</span> <span class='ocrx_word' id='word_1_321' title='bbox 165 1942 226 1975; x_wconf 89' lang='lat' dir='ltr'>die</span> <span class='ocrx_word' id='word_1_322' title='bbox 250 1943 490 1986; x_wconf 69' lang='lat' dir='ltr'>Massigkeit,</span> <span class='ocrx_word' id='word_1_323' title='bbox 516 1943 636 1977; x_wconf 80' lang='lat' dir='ltr'>wolin</span> <span class='ocrx_word' id='word_1_324' title='bbox 662 1942 813 1976; x_wconf 80' lang='lat' dir='ltr'>Attikus</span> <span class='ocrx_word' id='word_1_325' title='bbox 849 1943 920 1976; x_wconf 89' lang='lat' dir='ltr'>den</span> <span class='ocrx_word' id='word_1_326' title='bbox 945 1941 1094 1986; x_wconf 85' lang='lat' dir='ltr'>Epikur</span> <span class='ocrx_word' id='word_1_327' title='bbox 1118 1941 1349 1974; x_wconf 82' lang='lat' dir='ltr'>nachahmte.</span> <span class='ocrx_word' id='word_1_328' title='bbox 1365 1959 1407 1964; x_wconf 91' lang='lat'><em>-</em></span> <span class='ocrx_word' id='word_1_329' title='bbox 1445 1939 1537 1974; x_wconf 69' lang='lat' dir='ltr'>Plae-</span> 
     </span>
     <span class='ocr_line' id='line_1_39' title="bbox 79 1986 1534 2050; baseline -0.001 -28"><span class='ocrx_word' id='word_1_330' title='bbox 79 1990 164 2022; x_wconf 82' lang='lat' dir='ltr'>mz&#39;0.</span> <span class='ocrx_word' id='word_1_331' title='bbox 201 1987 237 2022; x_wconf 89' lang='lat' dir='ltr'>S.</span> <span class='ocrx_word' id='word_1_332' title='bbox 265 2000 322 2033; x_wconf 82' lang='lat' dir='ltr'>ep.</span> <span class='ocrx_word' id='word_1_333' title='bbox 345 1989 449 2032; x_wconf 91' lang='lat' dir='ltr'>CCL,</span> <span class='ocrx_word' id='word_1_334' title='bbox 470 1993 503 2027; x_wconf 87' lang='grc'>9.</span> <span class='ocrx_word' id='word_1_335' title='bbox 532 1989 784 2033; x_wconf 66' lang='lat' dir='ltr'>OEXXVHI,</span> <span class='ocrx_word' id='word_1_336' title='bbox 801 1989 833 2024; x_wconf 85' lang='lat'><strong>9.</strong></span> <span class='ocrx_word' id='word_1_337' title='bbox 865 1989 988 2022; x_wconf 81' lang='lat' dir='ltr'>mand.</span> <span class='ocrx_word' id='word_1_338' title='bbox 1005 1991 1077 2028; x_wconf 83' lang='lat' dir='ltr'>est,</span> <span class='ocrx_word' id='word_1_339' title='bbox 1103 1986 1151 2021; x_wconf 86' lang='lat' dir='ltr'>ist</span> <span class='ocrx_word' id='word_1_340' title='bbox 1175 1987 1343 2050; x_wconf 54' lang='lat' dir='ltr'>besorgt&#39;,</span> <span class='ocrx_word' id='word_1_341' title='bbox 1369 1986 1534 2020; x_wconf 84' lang='lat' dir='ltr'>bestellt.</span> 
     </span>
     <span class='ocr_line' id='line_1_40' title="bbox 77 2035 463 2074; baseline 0 -6"><span class='ocrx_word' id='word_1_342' title='bbox 77 2054 121 2060; x_wconf 92' lang='lat'>—</span> <span class='ocrx_word' id='word_1_343' title='bbox 149 2045 298 2074; x_wconf 80' lang='lat' dir='ltr'>canere,</span> <span class='ocrx_word' id='word_1_344' title='bbox 323 2035 463 2069; x_wconf 85' lang='lat' dir='ltr'>blasen.</span> 
     </span>
    </p>

    <p class='ocr_par' dir='ltr' id='par_1_8' title="bbox 79 2076 1538 2726">
     <span class='ocr_line' id='line_1_41' title="bbox 167 2076 1538 2125; baseline -0.003 -11"><span class='ocrx_word' id='word_1_345' title='bbox 167 2081 222 2115; x_wconf 77' lang='lat'><strong>14.</strong></span> <span class='ocrx_word' id='word_1_346' title='bbox 249 2082 400 2125; x_wconf 79' lang='lat' dir='ltr'>ineptas.</span> <span class='ocrx_word' id='word_1_347' title='bbox 425 2080 583 2114; x_wconf 88' lang='lat' dir='ltr'>Easdem</span> <span class='ocrx_word' id='word_1_348' title='bbox 602 2079 802 2123; x_wconf 79' lang='lat' dir='ltr'>significat,</span> <span class='ocrx_word' id='word_1_349' title='bbox 827 2079 962 2123; x_wconf 88' lang='lat' dir='ltr'>quibus</span> <span class='ocrx_word' id='word_1_350' title='bbox 980 2078 1158 2124; x_wconf 85' lang='lat' dir='ltr'>ep.CCL,</span> <span class='ocrx_word' id='word_1_351' title='bbox 1175 2078 1211 2122; x_wconf 84' lang='grc'>2,</span> <span class='ocrx_word' id='word_1_352' title='bbox 1232 2088 1313 2112; x_wconf 89' lang='lat' dir='ltr'>eum</span> <span class='ocrx_word' id='word_1_353' title='bbox 1338 2076 1538 2121; x_wconf 81' lang='lat' dir='ltr'>scripsisse</span> 
     </span>
     <span class='ocr_line' id='line_1_42' title="bbox 80 2125 1536 2171; baseline -0.002 -11"><span class='ocrx_word' id='word_1_354' title='bbox 80 2125 242 2170; x_wconf 74' lang='lat' dir='ltr'>dixerat,</span> <span class='ocrx_word' id='word_1_355' title='bbox 267 2139 335 2171; x_wconf 89' lang='lat' dir='ltr'>per</span> <span class='ocrx_word' id='word_1_356' title='bbox 351 2138 390 2161; x_wconf 90' lang='lat' dir='ltr'>se</span> <span class='ocrx_word' id='word_1_357' title='bbox 406 2129 605 2170; x_wconf 78' lang='lat' dir='ltr'>confectum</span> <span class='ocrx_word' id='word_1_358' title='bbox 623 2138 705 2160; x_wconf 88' lang='lat' dir='ltr'>esse</span> <span class='ocrx_word' id='word_1_359' title='bbox 721 2127 936 2160; x_wconf 78' lang='lat' dir='ltr'>Parthicum</span> <span class='ocrx_word' id='word_1_360' title='bbox 954 2127 1160 2160; x_wconf 91' lang='lat' dir='ltr'>bellum.—</span> <span class='ocrx_word' id='word_1_361' title='bbox 1192 2125 1293 2158; x_wconf 77' lang='lat' dir='ltr'>misit</span> <span class='ocrx_word' id='word_1_362' title='bbox 1310 2125 1476 2158; x_wconf 83' lang='lat' dir='ltr'>Romam.</span> <span class='ocrx_word' id='word_1_363' title='bbox 1489 2141 1536 2148; x_wconf 89' lang='lat'>—-</span> 
     </span>
     <span class='ocr_line' id='line_1_43' title="bbox 79 2170 1536 2214; baseline -0.001 -10"><span class='ocrx_word' id='word_1_364' title='bbox 79 2177 118 2205; x_wconf 80' lang='lat' dir='ltr'>ut</span> <span class='ocrx_word' id='word_1_365' title='bbox 135 2199 162 2207; x_wconf 87' lang='lat'>..</span> <span class='ocrx_word' id='word_1_366' title='bbox 182 2184 307 2207; x_wconf 83' lang='lat' dir='ltr'>comm.</span> <span class='ocrx_word' id='word_1_367' title='bbox 327 2178 483 2214; x_wconf 76' lang='lat' dir='ltr'>senatus,</span> <span class='ocrx_word' id='word_1_368' title='bbox 507 2173 603 2207; x_wconf 86' lang='lat' dir='ltr'>wird</span> <span class='ocrx_word' id='word_1_369' title='bbox 625 2173 720 2206; x_wconf 88' lang='lat' dir='ltr'>doch</span> <span class='ocrx_word' id='word_1_370' title='bbox 741 2173 890 2207; x_wconf 88' lang='lat' dir='ltr'>endlich</span> <span class='ocrx_word' id='word_1_371' title='bbox 912 2172 1071 2206; x_wconf 81' lang='lat' dir='ltr'>einmahl</span> <span class='ocrx_word' id='word_1_372' title='bbox 1095 2171 1164 2205; x_wconf 89' lang='lat' dir='ltr'>der</span> <span class='ocrx_word' id='word_1_373' title='bbox 1180 2170 1294 2206; x_wconf 81' lang='lat' dir='ltr'>senat</span> <span class='ocrx_word' id='word_1_374' title='bbox 1318 2181 1383 2204; x_wconf 88' lang='lat' dir='ltr'>aus</span> <span class='ocrx_word' id='word_1_375' title='bbox 1411 2170 1536 2203; x_wconf 87' lang='lat' dir='ltr'>seiner</span> 
     </span>
     <span class='ocr_line' id='line_1_44' title="bbox 81 2215 1533 2264; baseline -0.002 -12"><span class='ocrx_word' id='word_1_376' title='bbox 81 2219 315 2252; x_wconf 68' lang='lat' dir='ltr'>schlassucht</span> <span class='ocrx_word' id='word_1_377' title='bbox 333 2220 574 2263; x_wconf 81' lang='lat' dir='ltr'>autgeruttelt</span> <span class='ocrx_word' id='word_1_378' title='bbox 589 2219 751 2253; x_wconf 86' lang='lat' dir='ltr'>werden.</span> <span class='ocrx_word' id='word_1_379' title='bbox 779 2219 817 2254; x_wconf 87' lang='lat' dir='ltr'><strong>S.</strong></span> <span class='ocrx_word' id='word_1_380' title='bbox 830 2219 1040 2264; x_wconf 82' lang='lat' dir='ltr'>ep.CCL,2</span> <span class='ocrx_word' id='word_1_381' title='bbox 1066 2229 1122 2251; x_wconf 85' lang='lat' dir='ltr'>am</span> <span class='ocrx_word' id='word_1_382' title='bbox 1137 2217 1256 2251; x_wconf 89' lang='lat' dir='ltr'>Ende.</span> <span class='ocrx_word' id='word_1_383' title='bbox 1282 2215 1533 2257; x_wconf 84' lang='lat' dir='ltr'><strong>CCXL1X‚2.</strong></span> 
     </span>
     <span class='ocr_line' id='line_1_45' title="bbox 82 2260 1536 2310; baseline -0.003 -12"><span class='ocrx_word' id='word_1_384' title='bbox 82 2265 271 2307; x_wconf 87' lang='lat' dir='ltr'>CCXLII,</span> <span class='ocrx_word' id='word_1_385' title='bbox 299 2267 332 2300; x_wconf 85' lang='lat'><strong>3.</strong></span> <span class='ocrx_word' id='word_1_386' title='bbox 375 2266 572 2310; x_wconf 89' lang='lat' dir='ltr'>CCXXV,</span> <span class='ocrx_word' id='word_1_387' title='bbox 604 2266 637 2300; x_wconf 93' lang='grc'>2.</span> <span class='ocrx_word' id='word_1_388' title='bbox 660 2285 705 2291; x_wconf 93' lang='grc'>-</span> <span class='ocrx_word' id='word_1_389' title='bbox 749 2266 946 2307; x_wconf 77' lang='lat' dir='ltr'>negotium.</span> <span class='ocrx_word' id='word_1_390' title='bbox 997 2264 1111 2299; x_wconf 89' lang='lat' dir='ltr'>Seine</span> <span class='ocrx_word' id='word_1_391' title='bbox 1141 2262 1323 2297; x_wconf 86' lang='lat' dir='ltr'>Amtszeit</span> <span class='ocrx_word' id='word_1_392' title='bbox 1361 2262 1431 2296; x_wconf 79' lang='lat' dir='ltr'>lies</span> <span class='ocrx_word' id='word_1_393' title='bbox 1468 2260 1536 2294; x_wconf 84' lang='lat' dir='ltr'>mit</span> 
     </span>
     <span class='ocr_line' id='line_1_46' title="bbox 81 2307 1537 2354; baseline -0.001 -11"><span class='ocrx_word' id='word_1_394' title='bbox 81 2310 164 2343; x_wconf 89' lang='lat' dir='ltr'>dem</span> <span class='ocrx_word' id='word_1_395' title='bbox 189 2312 332 2354; x_wconf 83' lang='lat' dir='ltr'>August</span> <span class='ocrx_word' id='word_1_396' title='bbox 355 2321 400 2345; x_wconf 90' lang='lat' dir='ltr'>zu</span> <span class='ocrx_word' id='word_1_397' title='bbox 425 2312 542 2346; x_wconf 87' lang='lat' dir='ltr'>Ende.</span> <span class='ocrx_word' id='word_1_398' title='bbox 561 2330 603 2336; x_wconf 90' lang='lat'>-</span> <span class='ocrx_word' id='word_1_399' title='bbox 642 2312 682 2345; x_wconf 82' lang='lat' dir='ltr'>z&#39;n</span> <span class='ocrx_word' id='word_1_400' title='bbox 706 2316 813 2345; x_wconf 78' lang='lat' dir='ltr'>metu.</span> <span class='ocrx_word' id='word_1_401' title='bbox 846 2311 883 2346; x_wconf 90' lang='lat' dir='ltr'>S.</span> <span class='ocrx_word' id='word_1_402' title='bbox 910 2311 937 2353; x_wconf 87' lang='lat'><strong>§.</strong></span> <span class='ocrx_word' id='word_1_403' title='bbox 955 2312 1010 2344; x_wconf 89' lang='lat'><strong>11.</strong></span> <span class='ocrx_word' id='word_1_404' title='bbox 1037 2321 1072 2344; x_wconf 89' lang='lat' dir='ltr'>u.</span> <span class='ocrx_word' id='word_1_405' title='bbox 1100 2321 1159 2354; x_wconf 88' lang='lat' dir='ltr'>ep.</span> <span class='ocrx_word' id='word_1_406' title='bbox 1186 2309 1293 2353; x_wconf 86' lang='lat' dir='ltr'>CCL,</span> <span class='ocrx_word' id='word_1_407' title='bbox 1313 2309 1348 2343; x_wconf 82' lang='lat'><strong>9.</strong></span> <span class='ocrx_word' id='word_1_408' title='bbox 1368 2328 1408 2334; x_wconf 92' lang='lat'>—</span> <span class='ocrx_word' id='word_1_409' title='bbox 1449 2307 1537 2351; x_wconf 79' lang='lat' dir='ltr'>quid</span> 
     </span>
     <span class='ocr_line' id='line_1_47' title="bbox 80 2354 1537 2402; baseline -0.001 -14"><span class='ocrx_word' id='word_1_410' title='bbox 80 2356 148 2389; x_wconf 81' lang='lat' dir='ltr'>illo</span> <span class='ocrx_word' id='word_1_411' title='bbox 173 2357 243 2398; x_wconf 83' lang='lat' dir='ltr'>fiet.</span> <span class='ocrx_word' id='word_1_412' title='bbox 279 2356 316 2391; x_wconf 87' lang='lat' dir='ltr'>S.</span> <span class='ocrx_word' id='word_1_413' title='bbox 342 2357 489 2391; x_wconf 85' lang='lat' dir='ltr'>Ramsh.</span> <span class='ocrx_word' id='word_1_414' title='bbox 523 2359 553 2401; x_wconf 84' lang='lat'><strong>§.</strong></span> <span class='ocrx_word' id='word_1_415' title='bbox 572 2359 650 2397; x_wconf 75' lang='lat'>143,</span> <span class='ocrx_word' id='word_1_416' title='bbox 665 2359 700 2399; x_wconf 85' lang='lat'>2,</span> <span class='ocrx_word' id='word_1_417' title='bbox 719 2368 750 2391; x_wconf 90' lang='lat' dir='ltr'>a.</span> <span class='ocrx_word' id='word_1_418' title='bbox 773 2377 814 2382; x_wconf 91' lang='lat'>—-</span> <span class='ocrx_word' id='word_1_419' title='bbox 855 2368 957 2402; x_wconf 79' lang='lat' dir='ltr'>quem</span> <span class='ocrx_word' id='word_1_420' title='bbox 980 2357 1180 2400; x_wconf 77' lang='lat' dir='ltr'>reliquero,</span> <span class='ocrx_word' id='word_1_421' title='bbox 1212 2354 1271 2388; x_wconf 89' lang='lat' dir='ltr'>cui</span> <span class='ocrx_word' id='word_1_422' title='bbox 1297 2360 1382 2399; x_wconf 88' lang='lat' dir='ltr'>post</span> <span class='ocrx_word' id='word_1_423' title='bbox 1406 2354 1537 2386; x_wconf 88' lang='lat' dir='ltr'>deces-</span> 
     </span>
     <span class='ocr_line' id='line_1_48' title="bbox 81 2399 1535 2446; baseline -0.001 -11"><span class='ocrx_word' id='word_1_424' title='bbox 81 2414 160 2436; x_wconf 87' lang='lat' dir='ltr'>sum</span> <span class='ocrx_word' id='word_1_425' title='bbox 186 2413 302 2435; x_wconf 90' lang='lat' dir='ltr'>meum</span> <span class='ocrx_word' id='word_1_426' title='bbox 328 2403 541 2446; x_wconf 85' lang='lat' dir='ltr'>provinciae</span> <span class='ocrx_word' id='word_1_427' title='bbox 566 2404 920 2438; x_wconf 79' lang='lat' dir='ltr'>administrationem</span> <span class='ocrx_word' id='word_1_428' title='bbox 950 2403 1182 2436; x_wconf 90' lang='lat' dir='ltr'>commisero.</span> <span class='ocrx_word' id='word_1_429' title='bbox 1209 2401 1316 2436; x_wconf 84' lang='lat' dir='ltr'><strong>SCH.</strong></span> <span class='ocrx_word' id='word_1_430' title='bbox 1332 2419 1370 2424; x_wconf 93' lang='lat'>—</span> <span class='ocrx_word' id='word_1_431' title='bbox 1414 2399 1535 2434; x_wconf 77' lang='lat' dir='ltr'>Deiot.</span> 
     </span>
     <span class='ocr_line' id='line_1_49' title="bbox 82 2444 1536 2493; baseline -0.003 -11"><span class='ocrx_word' id='word_1_432' title='bbox 82 2447 121 2482; x_wconf 90' lang='lat' dir='ltr'>S.</span> <span class='ocrx_word' id='word_1_433' title='bbox 148 2459 206 2492; x_wconf 86' lang='lat' dir='ltr'>ep.</span> <span class='ocrx_word' id='word_1_434' title='bbox 225 2449 515 2489; x_wconf 83' lang='lat' dir='ltr'>CCXXXVIIL</span> <span class='ocrx_word' id='word_1_435' title='bbox 531 2453 564 2484; x_wconf 91' lang='lat'>7.</span> <span class='ocrx_word' id='word_1_436' title='bbox 597 2450 702 2492; x_wconf 88' lang='lat' dir='ltr'>CCL,</span> <span class='ocrx_word' id='word_1_437' title='bbox 721 2450 815 2484; x_wconf 84' lang='grc'>2.-</span> <span class='ocrx_word' id='word_1_438' title='bbox 849 2450 1065 2493; x_wconf 58' lang='lat' dir='ltr'>qundo-ing„</span> <span class='ocrx_word' id='word_1_439' title='bbox 1090 2448 1442 2492; x_wconf 84' lang='lat' dir='ltr'>quadringentorum</span> <span class='ocrx_word' id='word_1_440' title='bbox 1467 2444 1536 2478; x_wconf 89' lang='lat' dir='ltr'>mi-</span> 
     </span>
     <span class='ocr_line' id='line_1_50' title="bbox 82 2490 1534 2540; baseline -0.002 -13"><span class='ocrx_word' id='word_1_441' title='bbox 82 2494 187 2527; x_wconf 80' lang='lat' dir='ltr'>litum</span> <span class='ocrx_word' id='word_1_442' title='bbox 213 2493 388 2537; x_wconf 78' lang='lat' dir='ltr'>singulas.</span> <span class='ocrx_word' id='word_1_443' title='bbox 413 2496 619 2530; x_wconf 80' lang='lat' dir='ltr'><strong>MANUT.</strong></span> <span class='ocrx_word' id='word_1_444' title='bbox 651 2496 765 2540; x_wconf 86' lang='lat' dir='ltr'>„iede</span> <span class='ocrx_word' id='word_1_445' title='bbox 790 2506 835 2530; x_wconf 91' lang='lat' dir='ltr'>zu</span> <span class='ocrx_word' id='word_1_446' title='bbox 850 2498 917 2538; x_wconf 65' lang='lat'>490</span> <span class='ocrx_word' id='word_1_447' title='bbox 932 2496 1131 2530; x_wconf 84' lang='lat' dir='ltr'>Mann.&#39;’-—</span> <span class='ocrx_word' id='word_1_448' title='bbox 1164 2497 1276 2527; x_wconf 80' lang='lat' dir='ltr'>nostr.</span> <span class='ocrx_word' id='word_1_449' title='bbox 1304 2503 1415 2533; x_wconf 56' lang='lat' dir='ltr'>arm„</span> <span class='ocrx_word' id='word_1_450' title='bbox 1440 2490 1534 2524; x_wconf 89' lang='lat' dir='ltr'>nach</span> 
     </span>
     <span class='ocr_line' id='line_1_51' title="bbox 82 2537 1536 2579; baseline -0.001 -7"><span class='ocrx_word' id='word_1_451' title='bbox 82 2550 237 2573; x_wconf 87' lang='lat' dir='ltr'>unserer</span> <span class='ocrx_word' id='word_1_452' title='bbox 251 2542 319 2574; x_wconf 82' lang='lat' dir='ltr'>Art</span> <span class='ocrx_word' id='word_1_453' title='bbox 344 2541 548 2575; x_wconf 84' lang='lat' dir='ltr'>bewaffnet.</span> <span class='ocrx_word' id='word_1_454' title='bbox 568 2561 610 2567; x_wconf 95' lang='lat'>—</span> <span class='ocrx_word' id='word_1_455' title='bbox 651 2544 734 2579; x_wconf 78' lang='lat' dir='ltr'>ClO</span> <span class='ocrx_word' id='word_1_456' title='bbox 760 2543 839 2579; x_wconf 62' lang='lat' dir='ltr'>CIL)</span> <span class='ocrx_word' id='word_1_457' title='bbox 861 2553 907 2575; x_wconf 92' lang='lat'><strong>=:.</strong></span> <span class='ocrx_word' id='word_1_458' title='bbox 930 2542 1004 2576; x_wconf 88' lang='lat' dir='ltr'>duo</span> <span class='ocrx_word' id='word_1_459' title='bbox 1028 2540 1156 2574; x_wconf 85' lang='lat' dir='ltr'>millia.</span> <span class='ocrx_word' id='word_1_460' title='bbox 1171 2559 1215 2565; x_wconf 94' lang='lat'>—</span> <span class='ocrx_word' id='word_1_461' title='bbox 1256 2538 1339 2571; x_wconf 76' lang='lat' dir='ltr'>Erit</span> <span class='ocrx_word' id='word_1_462' title='bbox 1364 2537 1412 2570; x_wconf 85' lang='lat' dir='ltr'>ad</span> <span class='ocrx_word' id='word_1_463' title='bbox 1433 2540 1536 2579; x_wconf 63' lang='lat' dir='ltr'>sust„</span> 
     </span>
     <span class='ocr_line' id='line_1_52' title="bbox 82 2582 1533 2630; baseline -0.003 -11"><span class='ocrx_word' id='word_1_464' title='bbox 82 2586 148 2619; x_wconf 83' lang='lat' dir='ltr'>das</span> <span class='ocrx_word' id='word_1_465' title='bbox 173 2586 268 2619; x_wconf 85' lang='lat' dir='ltr'>wird</span> <span class='ocrx_word' id='word_1_466' title='bbox 295 2586 390 2620; x_wconf 85' lang='lat' dir='ltr'>deun</span> <span class='ocrx_word' id='word_1_467' title='bbox 414 2588 528 2630; x_wconf 82' lang='lat' dir='ltr'>grade</span> <span class='ocrx_word' id='word_1_468' title='bbox 552 2588 750 2623; x_wconf 89' lang='lat' dir='ltr'>zureichen</span> <span class='ocrx_word' id='word_1_469' title='bbox 776 2600 837 2623; x_wconf 88' lang='lat' dir='ltr'>um</span> <span class='ocrx_word' id='word_1_470' title='bbox 863 2599 929 2622; x_wconf 87' lang='lat' dir='ltr'>uns</span> <span class='ocrx_word' id='word_1_471' title='bbox 955 2599 996 2621; x_wconf 89' lang='lat' dir='ltr'>so</span> <span class='ocrx_word' id='word_1_472' title='bbox 1023 2588 1131 2629; x_wconf 78' lang='lat' dir='ltr'>lange</span> <span class='ocrx_word' id='word_1_473' title='bbox 1157 2585 1281 2619; x_wconf 88' lang='lat' dir='ltr'>halten</span> <span class='ocrx_word' id='word_1_474' title='bbox 1308 2593 1354 2616; x_wconf 86' lang='lat' dir='ltr'>zu</span> <span class='ocrx_word' id='word_1_475' title='bbox 1371 2582 1533 2616; x_wconf 76' lang='lat' dir='ltr'>konnen.</span> 
     </span>
     <span class='ocr_line' id='line_1_53' title="bbox 83 2631 1533 2679; baseline -0.003 -13"><span class='ocrx_word' id='word_1_476' title='bbox 83 2650 126 2656; x_wconf 89' lang='lat'>—</span> <span class='ocrx_word' id='word_1_477' title='bbox 159 2632 282 2676; x_wconf 81' lang='lat' dir='ltr'>Pomp.</span> <span class='ocrx_word' id='word_1_478' title='bbox 310 2631 347 2667; x_wconf 85' lang='lat' dir='ltr'><strong>S.</strong></span> <span class='ocrx_word' id='word_1_479' title='bbox 372 2633 399 2676; x_wconf 85' lang='lat'><strong>§.</strong></span> <span class='ocrx_word' id='word_1_480' title='bbox 416 2635 447 2668; x_wconf 86' lang='lat'><strong>3.</strong></span> <span class='ocrx_word' id='word_1_481' title='bbox 474 2644 508 2667; x_wconf 93' lang='lat' dir='ltr'>u.</span> <span class='ocrx_word' id='word_1_482' title='bbox 536 2645 593 2678; x_wconf 86' lang='lat' dir='ltr'>ep.</span> <span class='ocrx_word' id='word_1_483' title='bbox 615 2635 789 2679; x_wconf 88' lang='lat' dir='ltr'>CCXIV,</span> <span class='ocrx_word' id='word_1_484' title='bbox 810 2637 839 2669; x_wconf 93' lang='lat' dir='ltr'>l.</span> <span class='ocrx_word' id='word_1_485' title='bbox 878 2634 1073 2676; x_wconf 89' lang='lat' dir='ltr'>CCXXV,</span> <span class='ocrx_word' id='word_1_486' title='bbox 1089 2633 1122 2666; x_wconf 93' lang='grc'>2.</span> <span class='ocrx_word' id='word_1_487' title='bbox 1140 2650 1180 2656; x_wconf 94' lang='grc'>-</span> <span class='ocrx_word' id='word_1_488' title='bbox 1217 2631 1257 2663; x_wconf 82' lang='lat' dir='ltr'>in</span> <span class='ocrx_word' id='word_1_489' title='bbox 1281 2633 1426 2672; x_wconf 79' lang='lat' dir='ltr'>nostra,</span> <span class='ocrx_word' id='word_1_490' title='bbox 1461 2639 1533 2662; x_wconf 88' lang='lat' dir='ltr'>non</span> 
     </span>
     <span class='ocr_line' id='line_1_54' title="bbox 84 2675 1535 2726; baseline -0.003 -14"><span class='ocrx_word' id='word_1_491' title='bbox 84 2677 297 2722; x_wconf 85' lang='lat' dir='ltr'>Ciceronis,</span> <span class='ocrx_word' id='word_1_492' title='bbox 330 2679 396 2714; x_wconf 84' lang='lat' dir='ltr'>sed</span> <span class='ocrx_word' id='word_1_493' title='bbox 431 2679 562 2726; x_wconf 85' lang='lat' dir='ltr'>populi</span> <span class='ocrx_word' id='word_1_494' title='bbox 595 2680 751 2717; x_wconf 79' lang='lat' dir='ltr'>Romani</span> <span class='ocrx_word' id='word_1_495' title='bbox 786 2680 1001 2726; x_wconf 82' lang='lat' dir='ltr'>provincia,</span> <span class='ocrx_word' id='word_1_496' title='bbox 1046 2688 1177 2722; x_wconf 86' lang='lat' dir='ltr'>nempe</span> <span class='ocrx_word' id='word_1_497' title='bbox 1216 2676 1254 2710; x_wconf 85' lang='lat' dir='ltr'>in</span> <span class='ocrx_word' id='word_1_498' title='bbox 1284 2675 1535 2721; x_wconf 80' lang='lat' dir='ltr'>Cyrrhestica.</span> 
     </span>
    </p>
   </div>
  </div>
 </body>
</html>
