1795 3043
184 18 285 65 550
452 15 517 62 Μ.
554 17 608 62 Τ.
644 16 978 64 CICERONIS
1011 17 1380 67 EPISTOLAE.

321 149 632 212 EPISToLA
667 153 1033 201 CCCLXXXIV.
1078 155 1161 214 (ad
1189 155 1280 202 Λα.
1314 157 1369 202 x.
1406 158 1507 216 18.)

188 236 273 272 Ser.
299 235 335 271 in
361 238 527 274 Cumano
560 239 825 330 (Pompeiano(
844 240 996 322 &gili9
1007 241 1116 330 31111.
1134 242 1219 277 Kal.
1246 242 1326 278 Iun.
1351 244 1398 277 A.
1421 241 1468 276 U.
1495 241 1537 276 C.
1564 241 1642 276 705.

828 297 857 322 a.
918 313 926 322 .
1000 313 1007 322 .

189 348 250 385 De
275 350 425 388 Tulliae
458 360 586 400 partu,
625 353 673 389 de
707 354 845 389 itinere
877 367 966 398 suo,
1002 356 1049 389 de
1072 354 1183 390 Balbi
1208 365 1379 391 sermone
1415 366 1496 390 cum
1522 355 1647 390 Attico
1687 375 1694 382 ›

777 402 916 436 habito.
952 403 1065 437 1—3.

678 470 865 505 CICERO
896 470 1088 506 ATTICO
1120 467 1160 504 S.

303 524 444 566 Tullia
471 539 564 568 mea
592 529 760 581 peperit
788 542 874 570 xlv.
898 530 994 570 Kal.
1020 529 1113 570 Iun.
1144 539 1321 581 puerum
1350 530 1649 577 ἑπταμηνιαῖον.

192 580 312 628 Quod
351 579 594 634 ηὐτόκησεν,
645 586 820 638 gaudeo.
880 585 1000 633 Quod
1041 585 1210 636 quidem
1252 587 1314 625 est
1343 588 1513 634 natum,
1558 597 1650 638 per-

192 637 452 680 imbecillum
473 643 548 682 est.
606 642 677 682 Me
707 642 886 684 mirifice
915 643 1246 693 tranquillitates
1267 643 1404 683 adhuc
1425 642 1649 683 tenuerunt

191 696 320 745 atque
349 698 498 738 maiori
526 699 829 751 impedimento
858 700 1031 739 fuerunt
1060 712 1186 750 quam
1216 699 1453 747 custodiae,
1501 699 1649 751 quibus

192 764 400 795 asservor.
457 754 565 796 Nam
589 757 667 796 illa
695 756 979 797 Hortensiana
1015 757 1157 796 omnia
1186 757 1304 797 fuere
1333 755 1526 797 infantia.
1582 755 1650 795 Ita

193 806 266 849 fit:
303 810 428 851 homo
456 813 734 864 nequissimus
764 813 949 854 aSalvio
978 812 1133 853 liberto
1164 812 1413 865 depravatus
1437 815 1514 854 est.
1569 812 1651 852 Ita-

195 876 279 916 que
316 868 492 919 posthac
529 883 613 910 non
651 870 835 911 scribam
876 870 929 911 ad
959 871 1022 922 te,
1071 870 1173 921 quid
1211 871 1398 910 facturus
1434 870 1537 918 sim,
1578 868 1650 909 sed

197 922 299 973 quid
326 925 516 968 fecerim.
575 927 726 968 Omnes
763 928 876 967 enim
905 931 1136 976 Κωρυκαῖοι
1174 927 1372 968 videntur
1409 927 1651 967 subauscul-

137 982 167 1023 2
196 980 313 1032 tare,
360 994 469 1032 quae
504 985 669 1036 loquor.
726 985 790 1025 Tu
818 987 980 1035 tamen,
1027 984 1062 1024 si
1101 984 1203 1036 quid
1233 984 1283 1024 de
1311 984 1526 1036 Hispaniis
1563 983 1652 1023 sive

196 1037 298 1087 quid
339 1039 477 1088 aliud,
529 1053 658 1094 perge
693 1054 849 1093 quaeso
889 1041 1098 1090 scribere3
1147 1053 1226 1081 nec
1263 1053 1377 1081 meas
1405 1041 1550 1081 literas
1581 1052 1651 1080 ex-

193 1095 421 1148 spectaris,
449 1097 533 1137 nisi
562 1110 713 1150 quum,
743 1110 825 1148 quo
856 1100 977 1150 opto,
1010 1099 1348 1149 pervenerimus,
1385 1100 1458 1137 aut
1485 1097 1519 1137 si
1549 1095 1651 1147 quid

193 1161 246 1189 ex
275 1163 415 1192 cursu.
476 1154 560 1194 Sed
589 1156 672 1194 hoc
702 1167 871 1205 quoque
898 1155 1044 1194 timide
1075 1154 1236 1194 scribo:
1276 1154 1336 1194 ita
1365 1156 1502 1194 omnia
1531 1154 1652 1194 tarda

193 1206 334 1248 adhuc
372 1211 414 1249 et
450 1211 598 1262 spissa.
656 1212 714 1251 Ut
751 1212 861 1251 male
897 1211 1111 1262 posuimus
1140 1211 1282 1259 initia,
1331 1211 1390 1251 sic
1421 1213 1562 1251 cetera
1591 1223 1651 1250 se-

193 1266 388 1314 quentur.
441 1267 636 1308 Formias
666 1280 778 1307 nunc
799 1268 1034 1319 sequimur3
1066 1267 1211 1308 eadem
1227 1280 1302 1307 nos
1318 1268 1494 1308 fortasse
1513 1267 1652 1307 furiae

284 1387 317 1419 1.
351 1387 460 1422 XIV.
488 1389 580 1422 Kal.
605 1390 708 1429 Iun„
741 1400 796 1423 am
824 1390 879 1423 19.
898 1389 988 1423 Mai.
1015 1408 1059 1413 —-
1097 1391 1272 1433 ἑπταμ.,
1300 1389 1582 1434 septimestrem.
1607 1408 1653 1415 —-

192 1431 356 1475 ηὐτόκ,,
381 1433 548 1468 feliciter
571 1435 732 1480 peperit.
767 1436 859 1470 Nam
885 1446 934 1468 ex
959 1436 1030 1468 hoc
1055 1441 1162 1480 partu
1174 1435 1302 1469 Tullia
1328 1436 1524 1470 convaluit.
1548 1436 1654 1470 SOH.

193 1494 239 1501 —
262 1482 399 1523 tranq„
425 1481 660 1515 Windstille.
691 1501 734 1505 —
777 1482 932 1523 maiori3
967 1481 1031 1514 sed
1049 1484 1188 1515 maiore
1213 1492 1339 1515 omnes
1357 1489 1505 1526 praeter
1524 1482 1651 1517 Lamb.

192 1522 231 1556 in
262 1536 309 1559 m.
346 1527 454 1569 1584,
493 1538 603 1570 quem
643 1534 790 1562 secutus
821 1539 912 1562 sum.
962 1528 1035 1561 ΟΒ.
1079 1546 1121 1553 -
1177 1528 1361 1562 custodiae
1390 1541 1436 1561 =
1467 1528 1654 1571 custodes,

193 1570 392 1615 Wfichter,
416 1573 634 1617 Aufpasser.
666 1574 793 1607 Abstr.
822 1585 892 1617 pro
917 1580 1105 1607 concreto.
1129 1593 1173 1599 —-
1203 1574 1272 1607 illa
1292 1575 1536 1608 Hortensiana
1561 1574 1654 1618 (Md.
1684 1574 1690 1575 ⁷

192 1615 296 1652 Vict.
321 1618 580 1662 Horten-sina),
607 1620 680 1653 alle
706 1620 767 1653 die
792 1621 953 1654 schonen
973 1620 1311 1664 Versprechungen
1338 1621 1402 1654 des
1419 1621 1653 1656 Hortensius.

194 1682 239 1689 —-
271 1664 450 1709 infantia,
482 1677 594 1705 vana,
625 1666 752 1709 qualia
777 1673 860 1699 sunt
885 1665 1077 1698 infantium
1104 1666 1295 1709 promissa.
1325 1667 1463 1700 CORR.
1499 1667 1655 1710 „blosse

193 1709 461 1746 Kindereien.''
487 1731 530 1737 —
563 1712 715 1756 Salvio,
742 1712 823 1745 dem
850 1712 915 1745 des
939 1712 1012 1745 alte
1033 1711 1255 1746 Hortensius
1281 1712 1342 1746 die
1366 1712 1538 1746 Aufsicht
1562 1714 1656 1747 iiber

194 1755 324 1801 seinen
360 1757 533 1802 einzigen
566 1758 668 1793 Sohn
711 1765 925 1792 anvertraut
964 1758 1076 1791 hatte.
1112 1776 1157 1782 -—
1204 1763 1467 1805 Κωρυκαῖοι
1505 1761 1655 1793 suerunt

193 1803 327 1846 populi
340 1803 606 1850 Pamphyliae,
632 1804 721 1838 dicti
747 1815 767 1838 a
792 1803 1048 1849 promontorio
1064 1804 1226 1848 Coryc0.
1262 1804 1320 1837 Ad
1340 1804 1376 1837 id
1403 1815 1512 1847 quum
1538 1816 1655 1850 appu-

194 1848 328 1882 lissent
352 1850 516 1894 piratae,
556 1862 603 1884 ne
633 1851 678 1884 ab
704 1850 795 1894 ipsis
820 1851 915 1883 male
942 1856 1206 1892 tractarentur,
1245 1849 1281 1883 in
1307 1857 1449 1884 ceteras
1474 1851 1654 1885 stationes

193 1895 340 1928 navium
366 1903 575 1940 portusque
597 1907 638 1930 se
663 1896 811 1930 mutatis
836 1895 1002 1930 vestibus
1027 1896 1263 1930 contulerunt
1297 1902 1354 1939 et,
1392 1907 1486 1941 quae
1512 1897 1565 1931 ibi
1591 1908 1655 1931 au-

194 1940 359 1985 dierant,
398 1943 443 1976 ad
468 1943 608 1987 piratas
635 1943 861 1985 retulerunt,
904 1948 943 1975 ut
975 1942 1122 1975 nomina
1146 1942 1394 1986 navigantium
1421 1949 1457 1977 et
1481 1955 1655 1987 quorsum

193 1987 370 2031 navigare
395 1989 676 2023 constituissent
706 1989 858 2023 scirent.
906 1987 1003 2022 Hinc
1027 1988 1268 2033 proverbium
1293 1989 1330 2022 in
1355 1999 1419 2022 eos
1445 1989 1656 2033 deductum,

194 2033 259 2075 qui
293 2035 591 2079 subauscultant,
629 2045 723 2078 quae
756 2034 949 2078 dicuntur,
986 2040 1027 2068 ut
1060 2045 1104 2068 ea
1136 2035 1181 2068 ad
1215 2034 1309 2069 alios
1334 2035 1511 2070 deserant.
1562 2035 1653 2072 Vid.

194 2078 301 2115 Suid.
328 2080 364 2114 in
389 2086 616 2129 Κωρυκαΐος.
652 2080 882 2116 ERNESTI.

283 2127 318 2160 2.
350 2128 454 2162 aliud
478 2128 604 2162 habes.
629 2147 675 2152 —
705 2127 740 2160 si
763 2127 850 2170 quid
874 2137 917 2160 ex
942 2137 1050 2160 cursu
1077 2126 1101 2160 i.
1129 2137 1160 2160 e.
1185 2125 1217 2160 si
1243 2125 1332 2169 quid
1357 2125 1394 2159 in
1420 2127 1655 2171 ipsoitinere

193 2172 241 2205 ad
267 2178 302 2206 te
326 2173 527 2218 scripsero.
560 2173 794 2208 ERNESTI.
831 2193 872 2198 —
922 2173 1068 2215 timide,
1099 2172 1165 2206 mit
1188 2172 1412 2215 Besorgniss
1438 2173 1472 2206 d.
1500 2173 1511 2206 i
1553 2173 1654 2208 nicht

191 2219 252 2252 fiir
283 2220 434 2263 gewiss.
476 2239 521 2245 —
568 2223 692 2253 omnia
726 2219 793 2254 Cd.
830 2220 987 2253 Decurt.
1025 2223 1207 2254 TAONIA.
1250 2219 1428 2252 Tornaes.
1460 2223 1656 2257 ΠΑΟΝῙΑ.

193 2265 235 2299 Si
260 2265 351 2299 latet
376 2277 506 2299 revera
531 2266 567 2299 in
594 2265 726 2312 optimi
752 2265 845 2300 Cod.
873 2265 1057 2309 scriptura
1081 2276 1162 2299 voc.
1191 2264 1390 2306 Graecum,
1423 2265 1521 2307 quod
1550 2265 1655 2308 equi-

192 2311 275 2345 dem
302 2313 396 2346 haud
423 2312 632 2355 abnuerim,
665 2312 737 2346 fuit
760 2311 810 2346 τά
836 2313 962 2347 alvea.-
997 2322 1092 2353 „ea,
1127 2321 1221 2353 quae
1245 2310 1291 2343 ad
1313 2322 1440 2343 navem
1465 2318 1654 2355 parantur,

192 2358 298 2392 tarde
317 2369 358 2391 ac
380 2359 584 2392 difficulter
603 2358 909 2401 conquiruntur.’⁷
926 2357 1123 2390 ORELLI.
1141 2376 1185 2381 —
1208 2357 1337 2400 spissa,
1358 2358 1594 2391 unbeholsen.
1611 2376 1654 2382 —

192 2405 286 2437 male
311 2411 519 2448 suspectum
548 2405 636 2438 ΕΠ).
676 2403 925 2446 „Schlechter
939 2403 1105 2446 Anfang‚
1132 2403 1586 2447 schlechterFortgaug!’⁷
1613 2422 1654 2428 —

193 2455 392 2494 sequentur.
443 2450 506 2485 Sic
535 2451 634 2484 Ball.
668 2450 825 2483 Helmst.
857 2451 942 2483 Asc.
969 2451 1000 2483 1.
1036 2449 1135 2482 Crat.
1169 2449 1299 2482 Lamb.
1334 2450 1440 2493 prob.
1469 2450 1652 2489 Goerenz.

195 2497 313 2539 Legg.
341 2509 374 2540 p.
393 2498 457 2539 72,
481 2498 515 2530 2.
563 2500 759 2541 sequnntur
795 2494 899 2530 Vict.
927 2495 1016 2529 Bos.
1044 2495 1179 2528 Graev.
1206 2495 1295 2527 ΕΓΗ.
1324 2507 1403 2529 cum
1431 2496 1506 2530 Md.
1533 2496 1655 2529 Oxon.

197 2545 226 2576 1.
254 2544 286 2576 2.
338 2542 461 2584 Vide,
500 2554 544 2577 ne
576 2544 611 2577 h.
646 2553 680 2576 ν.
714 2541 862 2575 omnino
895 2541 943 2574 sit
978 2552 997 2574 e
1028 2541 1164 2583 glossa.
1211 2540 1303 2574 Nam
1339 2542 1396 2574 vel
1432 2543 1467 2575 in
1495 2541 1656 2585 epistola

196 2588 398 2633 displicent
433 2589 518 2622 ista:
560 2593 765 2633 sequentum
795 2613 803 2620 .
821 2612 828 2620 .
855 2587 1039 2630 sequimur
1064 2609 1097 2620 ..
1118 2613 1125 2620 .
1147 2592 1416 2630 persequentur.
1459 2587 1654 2620 ORELLI.

195 2654 239 2661 —-
265 2636 386 2669 Form.
416 2646 449 2668 η.
476 2646 546 2680 seq.
563 2661 571 2677 ,
599 2635 658 2668 ich
683 2635 762 2668 will
790 2644 829 2667 es
855 2643 927 2666 nun
953 2633 1181 2666 mitFormia
1204 2634 1419 2666 vei-suellen.
1447 2653 1490 2659 —-
1519 2633 1656 2674 eadem,

195 2693 241 2717 Ξ
265 2682 360 2716 eben
385 2681 507 2716 dahin.
555 2681 620 2717 Sic
644 2681 721 2717 Md.
751 2680 875 2715 Oxon.
904 2681 935 2714 1.
961 2679 996 2713 2.
1032 2679 1117 2714 Bos.
1153 2679 1288 2714 Graev.
1322 2680 1409 2714 Ern.
1443 2679 1530 2715 Sch.
1562 2680 1655 2714 Lim.
