1795 3043
489 46 802 95 EPISTOLA
844 45 1223 111 ccnxxxvm.
1500 57 1599 103 293

134 174 204 215 re,
241 159 354 214 quod
392 158 446 203 ad
486 160 771 203 valetudinem
820 172 925 212 opus
969 161 1036 203 sit.
1109 159 1273 213 Scripsi
1312 162 1364 202 ad
1406 162 1594 217 Curium,

134 219 248 271 quod
285 218 483 271 dixisses,
524 218 657 261 daret.
733 218 901 259 Medico
942 217 1023 270 ipsi
1062 220 1164 270 puto
1207 219 1369 270 aliquid
1412 219 1591 261 dandum

135 288 246 328 esse,
277 288 359 327 quo
389 276 444 316 sit
472 275 707 315 studiosior.
765 274 1102 315 Innumerabilia
1131 276 1204 315 tua
1234 279 1330 316 sunt
1357 277 1402 316 in
1433 290 1499 317 me
1530 279 1589 318 of-
1612 276 1639 316 3

25 367 32 382 „
132 331 243 385 ficia,
274 333 504 374 domestica
532 332 730 383 forensia,
760 331 924 372 urbana
946 331 1248 383 provincialia:
1277 332 1322 373 in
1342 346 1389 373 re
1408 334 1589 386 privata,

24 381 31 457 y]
131 389 175 430 in
204 390 399 443 publica,
427 391 471 430 in
501 389 671 440 studiis,
699 390 744 429 in
774 388 909 429 literis
938 389 1102 428 nostris.
1162 389 1312 430 Omnia
1341 390 1508 443 viceris,
1536 393 1587 444 si,

29 455 30 459 ’
129 448 178 486 ut
218 459 362 500 spero,
404 448 447 486 te
484 446 671 487 validum
711 446 868 486 videro.
940 445 1031 497 Ego
1059 446 1161 497 puto
1190 447 1232 485 te
1264 446 1518 500 bellissime,
1549 450 1585 489 si

130 506 249 545 recte
292 505 394 555 erit,
437 515 533 543 cum
571 503 792 554 quaestore
821 502 1030 542 Mescinio
1069 502 1356 545 decursurum.
1376 526 1433 534 —
1490 505 1585 545 Non

129 561 380 601 inhumanus
409 561 472 600 est
500 561 650 610 teque,
687 561 734 599 ut
762 559 868 601 mihi
903 560 1018 600 visus
1060 561 1144 610 est,
1183 559 1339 612 diligit:
1378 563 1420 601 et
1456 575 1584 613 quum

129 618 360 658 valetudini
378 619 477 657 tuae
497 616 814 669 diligentissime
832 616 1108 668 consulueris,
1137 618 1241 668 tum,
1269 618 1327 656 mi
1348 618 1461 670 Tiro,
1485 632 1583 659 con·

127 676 252 715 sulito
282 673 548 726 navigationi.
603 672 733 713 Nulla
762 674 806 715 in
836 686 884 712 re
912 674 996 713 iam
1026 675 1067 714 te
1094 674 1295 713 festinare
1323 675 1437 716 volo:
1468 677 1581 716 nihil

125 730 295 783 laboro,
323 731 405 770 nisi
433 732 479 770 ut
508 731 646 770 salvus
676 730 744 770 sis.
804 730 875 770 Sic
905 729 1083 781 habeto,
1122 730 1182 771 mi
1211 730 1338 783 Tiro,
1368 733 1580 773 neminem
1603 731 1631 769 4

124 800 226 840 esse,
257 788 330 838 qui
359 800 425 827 me
455 788 579 838 amet,
609 787 710 838 quin
739 787 851 827 idem
878 788 920 826 te
949 788 1072 828 amet:
1103 788 1145 826 et
1173 799 1300 838 quum
1332 790 1406 828 tua
1424 791 1465 829 et
1485 802 1580 831 mea

122 845 301 885 maxime
328 844 504 884 interest
532 846 574 883 te
602 845 770 896 valere,
806 848 895 883 tum
926 844 1069 884 multis
1106 845 1169 883 est
1207 857 1345 885 curae.
1412 846 1578 899 Adhuc,

119 902 217 942 dum
255 901 358 941 mihi
399 902 518 941 nullo
556 901 651 941 loco
692 901 837 941 deesse
875 901 960 953 vis,
998 913 1213 952 nunqnam
1254 904 1296 941 te
1327 901 1578 943 confirmare

116 959 306 1011 potuisti.
363 957 486 998 Nunc
526 959 569 997 te
606 957 715 998 nihil
755 958 951 1010 impedit:
997 958 1138 996 omnia
1176 957 1361 1010 depone,
1406 961 1577 1011 corpori

117 1016 239 1056 servi.
301 1015 507 1062 Quantam
543 1014 804 1066 diligentiam
842 1015 888 1054 in
928 1014 1212 1055 valetudinem
1242 1017 1356 1054 tuam
1386 1019 1576 1056 contule-

117 1073 196 1123 ris,
225 1072 331 1112 tanti
361 1084 428 1111 me
457 1070 552 1111 fieri
582 1085 608 1111 a
636 1072 676 1110 te
704 1071 913 1111 iudicabo.
971 1071 1088 1122 Vale,
1117 1070 1175 1111 mi
1197 1071 1313 1121 Tiro,
1342 1073 1450 1124 vale,
1479 1075 1575 1114 vale

115 1130 158 1168 et
195 1130 321 1169 salve.
379 1129 515 1179 Lepta
555 1126 635 1167 tibi
683 1129 863 1169 salutem
904 1127 1007 1170 dicit
1045 1129 1087 1168 et
1131 1140 1287 1171 omnes,
1345 1129 1463 1171 Vale.
1494 1142 1575 1172 vu.

114 1185 211 1225 Idus
239 1184 460 1226 Novembr.
484 1184 689 1226 Leucade.

113 1307 299 1341 insoweit.
332 1319 401 1352 qua
425 1308 543 1352 Neap.
568 1308 655 1342 Asc.
673 1309 704 1342 1.
742 1308 841 1342 Crat.
875 1307 1002 1342 Lamb.
1037 1315 1166 1342 contra
1197 1309 1274 1344 Md.
1311 1310 1384 1344 ΟΒ.
1416 1309 1568 1345 Ramsh.

112 1354 140 1396 ἕ.
156 1355 233 1396 182,
248 1354 386 1388 N.l.—-
412 1354 570 1388 dandum
590 1364 677 1397 esse,
702 1364 799 1388 muss
816 1353 944 1387 Etwas
969 1354 1018 1387 im
1035 1355 1186 1390 Voraus
1211 1356 1381 1399 gegeben
1401 1357 1568 1390 werden.

201 1402 234 1435 3.
261 1401 444 1434 Innumer.
471 1406 563 1443 cet.‚
595 1400 658 1434 Du
683 1399 764 1434 hast
787 1399 859 1433 mir
884 1400 1108 1434 unziihlbare
1132 1401 1292 1435 Dienste
1316 1401 1502 1446 geleistet.
1523 1421 1568 1427 —

110 1446 295 1489 provinc„
329 1457 438 1489 quum
471 1446 569 1490 gessi
595 1445 848 1490 magistratum
881 1445 918 1479 in
943 1446 1088 1481 Cilicia.
1111 1465 1156 1471 —
1198 1448 1236 1481 in
1267 1448 1323 1481 lit.
1358 1452 1470 1483 nostr.
1505 1449 1568 1483 Ci-

111 1503 198 1525 cero
225 1491 302 1525 sein
321 1492 475 1527 Lehrer.
509 1492 548 1526 S.
577 1492 611 1526 d.
637 1492 837 1536 vorig.Br.
862 1492 889 1535 §.
908 1494 938 1526 1.
956 1511 999 1518 —-
1041 1493 1169 1526 Omnia
1194 1493 1331 1534 officia,
1357 1505 1452 1537 quae
1475 1495 1569 1529 mihi

110 1538 354 1582 praestitisti,
391 1538 533 1572 viceris.
573 1537 769 1581 Significat
792 1538 977 1571 anteferre
1001 1538 1249 1573 valetudinem
1275 1540 1445 1574 omnibus
1481 1540 1568 1575 aliis

109 1584 256 1618 officiis.
290 1583 452 1627 „Lieber
477 1585 531 1617 als
556 1584 660 1618 Alles
685 1583 809 1618 dieses
832 1583 928 1618 wird
953 1595 993 1617 es
1017 1584 1088 1618 mir
1111 1584 1204 1629 sein,
1229 1588 1372 1621 wenn'’.
1404 1586 1490 1630 Vgl.
1507 1598 1566 1631 ep.

109 1630 188 1673 290,
208 1632 244 1664 1:
269 1631 332 1664 Ad
356 1634 417 1663 tua
441 1631 666 1664 innumerab.
693 1636 767 1664 cet.
786 1648 831 1655 -
873 1630 909 1664 si
931 1634 1027 1664 recte
1050 1631 1140 1674 erit,
1165 1642 1206 1665 so
1233 1632 1319 1666 bald
1343 1643 1382 1666 es
1406 1633 1473 1666 mit
1492 1633 1568 1667 Dir

108 1676 251 1710 wieder
274 1676 392 1720 vollig
417 1676 521 1710 recht
547 1677 656 1710 steht.
691 1676 841 1711 Ramsh.
875 1677 905 1719 ἕ.
922 1677 977 1711 94.
1004 1677 1092 1711 Not.
1114 1696 1162 1702 —
1201 1683 1389 1722 quaestore
1419 1690 1501 1713 meo
1526 1679 1567 1713 in

107 1721 254 1758 Cilicia.
292 1722 419 1756 Ueber
443 1722 570 1756 diesen
596 1723 637 1757 L.
657 1722 864 1757 Mescinius
888 1733 918 1756 s.
944 1723 989 1756 ad
1014 1723 1145 1757 Famil.
1163 1724 1211 1767 V,
1230 1726 1284 1758 19.
1302 1725 1358 1759 20.
1384 1725 1493 1766 XIII,
1505 1725 1564 1760 26.

105 1768 162 1803 28.
189 1768 297 1811 XVI,
318 1769 352 1803 9.
379 1769 425 1802 ad
449 1769 562 1802 Attic.
582 1769 689 1811 VI,3
724 1787 768 1794 --
810 1769 1066 1813 decursurum,
1098 1769 1379 1814 navigaturum,
1417 1772 1566 1805 auslau-

104 1814 188 1857 fen,
221 1815 398 1858 absegeln
422 1815 598 1848 werdest.
618 1834 660 1840 -—
707 1818 741 1848 et
772 1826 897 1859 quum,
932 1815 1023 1848 Ern.
1056 1826 1156 1860 susp.
1198 1816 1270 1850 Sed
1303 1828 1429 1861 quum,
1463 1818 1564 1861 quod

105 1859 191 1894 Sch.
216 1861 311 1895 Liin.
336 1872 461 1905 repos.
491 1861 565 1895 ΟΕ,
591 1872 697 1904 quum
720 1873 766 1894 =
790 1866 995 1905 postquam.
1015 1879 1060 1886 —
1098 1861 1194 1895 nihil
1216 1863 1356 1906 laboro,
1379 1863 1468 1906 nisi,
1492 1863 1565 1898 mir

106 1905 156 1940 ist
181 1917 220 1940 es
244 1907 346 1941 bloss
372 1907 500 1940 darum
524 1918 569 1941 zu
595 1908 706 1949 thun,
739 1913 876 1941 tantum
902 1908 973 1941 hoc
997 1906 1128 1952 cupi0,
1165 1914 1205 1942 ut
1229 1916 1331 1943 recte
1357 1910 1493 1944 valeas.

195 1953 227 1987 4.
260 1952 323 1987 Sic
354 1952 500 1996 habeto,
537 1952 592 1987 sei
623 1952 848 1996 versichert,
886 1953 941 1987 sic
971 1965 1189 1999 persuasum
1222 1954 1290 1988 tibi
1323 1967 1405 1990 esse
1436 1955 1562 1999 velim,

102 1998 174 2032 hoc
199 1998 267 2032 tibi
291 2000 516 2043 persuadeas
541 1999 664 2033 velim.
684 2017 728 2023 —
769 2000 857 2033 Tiro
890 2010 968 2033 war
999 2011 1070 2033 von
1102 2007 1240 2035 zartem
1266 2001 1562 2047 Korperbau.—

10 2076 11 2079 ,
103 2045 189 2077 dum
213 2069 246 2079 ..
263 2071 270 2078 .
297 2046 416 2078 deesse
439 2046 496 2079 vis
520 2045 544 2079 i.
565 2057 596 2079 e.
623 2045 744 2079 omnia
769 2056 850 2079 mea
874 2045 1025 2089 negotia
1050 2047 1241 2091 suscipere
1266 2047 1342 2090 vis,
1375 2048 1464 2082 weil
1498 2048 1561 2082 Du

8 2081 13 2129 ἶ
102 2101 143 2124 es
168 2101 211 2124 an
236 2090 368 2125 keiner
391 2091 691 2135 Dienstleistung
715 2091 785 2124 mir
808 2091 926 2126 willst
947 2092 1074 2126 fehlen
1098 2093 1231 2127 lassen.
1272 2094 1350 2127 Das
1375 2095 1563 2129 Praesens

9 2142 10 2149 ¹
103 2134 151 2169 ist
174 2137 397 2180 gebraucht‚
433 2149 491 2171 urn
516 2138 768 2180 anzudeuten‚
809 2137 892 2171 dass
923 2149 965 2172 er
994 2138 1123 2172 immer
1157 2150 1198 2173 so
1231 2138 1343 2183 eifrig
1373 2151 1452 2175 war
1487 2140 1563 2173 und

102 2183 198 2215 noch
224 2183 289 2217 sei.
338 2184 393 2217 Er
416 2184 518 2218 hatte
542 2184 621 2218 sich
647 2184 819 2218 desshalb
854 2194 925 2217 von
950 2184 1074 2218 seiner
1098 2184 1310 2219 Krankheit
1340 2185 1377 2220 in
1404 2186 1560 2221 Cilicien

101 2227 204 2261 nicht
237 2228 342 2263 recht
372 2230 527 2264 erholen
556 2230 704 2264 konnen
745 2229 802 2272 (S.
831 2240 876 2263 zu
903 2241 961 2274 ep.
981 2230 1107 2273 285‚3
1140 2241 1197 2264 am
1222 2232 1378 2275 Ende.);
1414 2233 1566 2267 worauf

102 2273 182 2306 sich
208 2285 386 2318 nunquam
409 2276 570 2311 bezieht.
585 2295 629 2302 —-·
653 2276 815 2320 impedit,
840 2286 914 2319 quo
938 2276 1058 2310 minus
1083 2283 1119 2311 te
1144 2277 1352 2313 confirmes.
1370 2297 1413 2303 ·-
1439 2279 1563 2311 omni'a

103 2320 256 2363 depone,
282 2320 344 2364 leg
366 2322 472 2356 Alles
497 2322 634 2356 andere
659 2333 728 2356 zur
751 2322 867 2357 Seite.
885 2341 930 2347 -
973 2323 1091 2364 servi,
1127 2324 1253 2367 pflege
1290 2324 1393 2358 bloss
1416 2324 1562 2358 Deines

105 2365 255 2399 Leibes.
276 2384 318 2390 —
352 2377 375 2399 α
400 2372 432 2401 te
455 2368 535 2403 Md.
561 2368 666 2403 omis.
693 2369 811 2403 Gebh.
838 2369 927 2402 Ern.
955 2367 1040 2402 Sch.
1065 2369 1159 2404 Liin.
1187 2388 1231 2396 —-
1285 2371 1463 2405 Quantam
1488 2376 1560 2405 cet.

105 2411 239 2446 Cicero
266 2411 391 2445 deutet
415 2424 453 2447 es
479 2425 537 2458 ep.
554 2414 638 2448 290:
665 2419 836 2458 quantum
861 2420 930 2448 eet.
948 2433 995 2440 —
1031 2415 1127 2450 Vale
1153 2441 1161 2449 .
1184 2441 1192 2450 .
1216 2416 1308 2449 vale.
1335 2415 1561 2457 Geminam),

103 2468 198 2501 quae
224 2463 279 2491 est
311 2468 442 2501 magna
476 2459 514 2493 in
544 2471 670 2494 amore
701 2460 939 2504 significatio.
967 2479 1012 2485 —
1048 2461 1162 2505 Lepta
1185 2461 1394 2506 praefectus
1419 2462 1562 2495 fabrum

102 2503 201 2548 apud
227 2503 445 2538 Ciceronem
474 2506 747 2550 proconsulem.
787 2507 844 2542 Cf.
876 2518 935 2551 ep.
958 2507 1036 2541 244.
1064 2507 1149 2542 Sch.
1167 2526 1212 2533 -
1257 2512 1290 2541 et
1323 2518 1460 2550 omnes,
1497 2507 1562 2551 qui

103 2560 160 2583 me
186 2549 428 2593 comitantur,
456 2551 520 2595 qui
545 2563 684 2588 mecum
709 2558 814 2597 sunt,
837 2552 994 2589 salutem
1026 2552 1163 2590 dicunt.
1184 2571 1227 2580 ·-
1273 2566 1343 2589 νη.
1368 2554 1425 2589 ld.
1452 2552 1561 2597 Nom,

104 2606 160 2629 am
186 2598 218 2631 7.
237 2596 463 2633 November.
