1795 3043
190 55 291 102 120
449 48 516 96 Μ.
550 47 606 93 Τ.
643 47 985 94 CICERONIS
1019 47 1390 95 EPISTOLAE.

386 161 700 208 EPISTOLA
738 162 980 209 CCXXVI.
1018 162 1099 220 (ad
1133 163 1238 209 Div.
1273 162 1334 209 Π.
1373 163 1479 222 10.)

193 251 275 287 Ser.
287 251 399 288 VIII.
418 249 505 283 Kal.
525 249 619 284 Dec.
634 250 678 285 A.
698 250 745 285 U.
762 250 896 286 C.703.
917 253 964 294 (a.
980 250 1022 285 C.
1037 251 1111 293 51.)
1130 250 1168 284 in
1185 250 1316 285 castris
1331 250 1376 284 ad
1386 247 1658 284 Pindenissum.

193 318 371 355 Queritur
397 318 540 361 aliquot
557 318 676 352 Caelii
702 318 880 364 epistolas
905 319 951 352 ad
976 329 1017 352 se
1040 329 1114 352 non
1138 320 1301 364 perlatas
1319 329 1414 352 esse.
1440 319 1474 352 1.
1500 328 1560 351 165
1576 328 1661 351 51135

190 366 238 400 ad
263 367 440 399 Amanum
465 370 588 408 ,gestas
614 365 782 410 exponit.
810 365 832 399 2
848 367 939 400 -3.
978 365 1139 408 denique
1163 373 1283 409 rogat,
1310 372 1349 399 ut
1374 369 1490 408 curet,
1516 375 1563 397 ne
1588 364 1662 399 sibi

250 410 448 457 provincia
469 417 719 456 prorogetur,
746 419 783 445 et
808 418 859 451 ut,
885 422 980 455 quae
1005 411 1042 444 in
1068 423 1110 446 re
1135 413 1287 457 publica
1309 416 1486 456 agantur,
1517 410 1603 445 dili-

662 458 882 503 gentissime
906 458 1127 503 perscribat.
1154 460 1187 494 4.

329 536 382 572 Μ.
408 535 597 572 CICERO
623 536 662 572 S.
687 538 736 572 D.
762 538 814 573 M.
841 538 1031 574 CAELIO
1059 538 1242 574 AEDILI
1267 538 1381 574 CUR.
1407 538 1522 575 DES.

308 618 374 659 'ru
414 619 535 672 vide,
574 632 699 671 quam
738 619 792 661 ad
829 633 897 661 me
934 620 1086 662 literae
1114 632 1199 660 non
1228 621 1512 673 perferantur.
1567 620 1663 663 Non

195 674 311 715 enim
340 688 509 727 possum
533 676 699 725 adduci,
732 680 780 717 ut
799 677 873 718 abs
895 680 952 726 te,
981 679 1255 730 posteaquam
1274 678 1424 719 aedilis
1448 692 1492 719 es
1511 680 1662 728 factus,

195 734 338 773 nullas
368 734 512 784 putem
540 734 681 774 datas:
713 736 960 787 praesertim
990 747 1120 787 quum
1151 737 1258 776 esset
1287 738 1402 776 tanta
1431 748 1499 776 res
1519 737 1665 777 tantae

195 790 518 842 gratulationis3
558 790 610 830 de
638 792 702 840 te,
736 791 836 844 quia
866 792 978 844 quod
1009 791 1249 844 sperabam:
1281 793 1332 833 de
1354 794 1472 833 Hillo
1490 816 1548 822 —
1576 793 1666 834 bal-

198 847 278 887 bus
309 848 423 886 enim
462 860 553 888 sum
583 869 639 878 —
676 849 790 900 quod
828 863 913 891 non
950 851 1160 903 putaram.
1236 850 1369 901 Atqui
1403 851 1465 891 516
1495 851 1664 900 habeto,

196 905 361 944 nullam
390 916 457 943 me
487 905 708 957 epistolam
739 908 953 960 accepisse
983 909 1097 948 tuam
1128 908 1224 959 post
1247 907 1417 948 comitia
1445 908 1525 948 ista
1545 920 1667 961 prae-

197 962 330 1008 clara,
363 973 470 1012 quae
500 974 568 1002 me
598 964 762 1005 laetitia
792 966 1054 1015 extulerunt3
1087 977 1139 1006 ex
1169 977 1253 1015 quo
1282 977 1447 1015 vereor,
1476 978 1531 1005 ne
1555 965 1668 1006 idem

198 1018 367 1059 eveniat
408 1018 452 1059 in
493 1032 607 1061 meas
645 1021 803 1062 literas.
867 1022 1079 1074 Equidem
1115 1035 1331 1074 nunquam
1370 1022 1540 1062 domum
1570 1022 1667 1063 misi

197 1087 327 1115 unam
356 1076 598 1128 epistolam,
640 1079 742 1130 quin
773 1081 882 1119 esset
913 1080 966 1120 ad
995 1081 1037 1120 te
1078 1080 1235 1120 altera:
1276 1092 1356 1120 1166
1392 1080 1500 1120 1111111
1532 1081 1594 1120 est
1623 1081 1668 1120 te

198 1132 426 1172 iucundius
455 1134 685 1185 quidquam
715 1149 793 1177 1166
816 1136 973 1178 6311115.
1022 1136 1311 1177 Sed—balbi
1340 1148 1425 1176 non
1454 1150 1669 1177 sumus-

147 1196 177 1237 2
203 1189 255 1229 ad
285 1202 376 1230 rem
406 1191 641 1234 redeamus.
683 1193 741 1234 Ut
764 1195 932 1245 optasti,
961 1194 1021 1233 ita
1039 1195 1115 1235 est.
1156 1194 1296 1233 Velles
1316 1195 1443 1241 enim,
1475 1195 1552 1246 ais,
1580 1196 1672 1234 tan-

201 1248 289 1286 tum
319 1247 440 1287 modo
470 1250 516 1287 ut
545 1249 747 1290 haberem
777 1251 960 1302 negotii,
989 1250 1101 1302 quod
1131 1253 1240 1291 esset
1270 1251 1323 1290 ad
1352 1252 1586 1293 laureolam
1607 1265 1669 1291 sa-

199 1304 277 1344 tis:
308 1304 488 1344 Parthos
518 1306 653 1354 times,
686 1308 786 1359 quia
814 1307 972 1348 diffidis
1002 1307 1136 1359 copiis
1166 1309 1335 1348 nostris.
1387 1308 1500 1360 Ergo
1522 1309 1582 1349 ita
1602 1321 1671 1349 ac-

200 1361 316 1402 cidit.
359 1361 466 1403 Nam
484 1362 687 1405 Parthico
718 1363 833 1405 helio
863 1365 1072 1418 nuntiato,
1100 1366 1293 1406 locorum
1323 1365 1572 1417 quibusdam
1598 1378 1671 1406 an-

559 1510 678 1544 AED.
706 1510 819 1545 CUR.
844 1510 954 1547 DES.
981 1522 1008 1545 5.
1038 1522 1096 1556 ep.
1123 1511 1312 1546 CCXXII.

293 1566 368 1599 1-—
382 1566 414 1601 2.
440 1567 535 1609 vide,
561 1578 668 1612 quam
683 1579 727 1601 =
740 1579 869 1611 quare,
891 1568 981 1611 quid
1000 1579 1132 1602 causae
1151 1568 1200 1603 sit
1220 1580 1286 1602 cur
1303 1567 1349 1602 ad
1368 1579 1425 1602 me
1443 1568 1577 1602 literae
1596 1578 1671 1601 non

199 1611 451 1656 perferantur.
486 1614 570 1647 vide
594 1625 702 1657 quam
725 1615 870 1657 timide,
895 1626 1001 1659 quam
1027 1615 1103 1649 (liz,
1131 1615 1172 1649 C.
1200 1627 1305 1659 quam
1332 1615 1375 1648 ob
1401 1625 1477 1648 rem
1503 1626 1551 1648 ex
1576 1613 1671 1648 anti-

200 1669 292 1701 qua,
319 1659 383 1692 sed
410 1659 503 1693 111313
529 1661 765 1694 correctione
791 1660 1013 1705 Mart-Lag.
1041 1661 1125 1696 Sch.
1151 1662 1246 1696 Liin.
1275 1661 1472 1696 ORELLI.
1500 1680 1540 1687 —
1568 1664 1671 1694 tanta

200 1708 324 1738 tantae
347 1706 626 1748 gratulationis,
655 1706 719 1741 Sic
743 1708 857 1751 (Md.)
875 1702 1151 1751 G1·aev.*Seqq.
1185 1709 1254 1742 Est
1279 1707 1467 1751 genitivus
1492 1707 1587 1751 sing.
1610 1712 1669 1740 ut:

201 1754 254 1784 tot
279 1755 377 1784 artes
402 1755 524 1786 tantae
547 1754 722 1787 scientiae
737 1765 795 1799 ap.
813 1754 889 1788 Cic.
911 1755 989 1789 Cat.
1005 1755 1093 1788 mai.
1121 1756 1151 1798 ᾖ.
1169 1756 1222 1789 78.
1251 1754 1503 1789 ORELLI.—
1525 1753 1669 1797 gratul.

199 1823 231 1831 ..
247 1798 310 1831 ‚de
330 1801 363 1831 te
389 1804 479 1841 cet.‚
506 1798 589 1833 eine
605 1799 738 1843 536116,
764 1811 874 1834 wozu
899 1801 972 1835 wir
995 1800 1071 1834 viel
1089 1801 1212 1835 Gliick
1237 1811 1284 1834 zu
1311 1800 1511 1835 wi'mschen
1537 1800 1672 1843 haben,

200 1844 357 1877 erstlich
383 1844 420 1878 in
446 1845 620 1879 Hinsicht
643 1847 809 1889 Deiner‚
835 1847 920 1881 dass
940 1848 1002 1881 Du
1027 1848 1194 1881 erhalten
1221 1848 1316 1889 11351,
1343 1848 1434 1881 VVas
1457 1846 1518 1880 ich
1543 1846 1671 1880 hoffte:

201 1889 278 1923 und
303 1890 399 1924 dann
424 1891 460 1925 in
482 1891 655 1926 Hinsicht
680 1893 744 1927 des
762 1893 898 1937 Hillus,
925 1893 1007 1928 dass
1032 1894 1107 1927 ihm
1131 1894 1383 1927 widersahren
1407 1893 1468 1935 ist,
1494 1894 1586 1927 Was
1612 1892 1674 1926 ich

201 1935 313 1969 kaurn
338 1936 398 1970 fiir
422 1938 585 1981 moglich
610 1939 719 1972 hielt!
746 1940 895 1983 Cicero,
920 1940 988 1974 der
1012 1940 1095 1974 hier
1118 1941 1190 1974 fast
1215 1941 1280 1974 mit
1299 1939 1541 1983 denselbigen
1558 1940 1673 1973 VVor-

201 1988 265 2016 1611
291 1983 356 2016 auf
377 1994 435 2028 ep.
453 1984 597 2028 CCVI,
617 1988 638 2020 3
663 1996 720 2019 am
745 1986 852 2020 Ende
876 1993 1095 2029 antwortet,
1131 1987 1233 2021 stelit
1259 1986 1358 2029 sich,
1390 1986 1444 2019 als
1469 1986 1518 2019 ob
1545 1996 1586 2018 er
1612 1985 1674 2019 ein

202 2028 343 2072 balbus,
370 2030 404 2063 d.
422 2030 444 2064 i.
471 2030 590 2065 Einer
614 2032 682 2072 sei,
710 2032 778 2066 der
803 2033 866 2066 das
883 2033 916 2066 R
941 2033 1043 2067 nicht
1068 2033 1316 2078 aussprechen
1340 2033 1477 2075 kenne,
1502 2043 1574 2074 um,
1599 2031 1675 2065 wie

203 2086 264 2118 ep.
285 2076 495 2119 CCXXIV,
517 2080 537 2111 l
563 2089 620 2111 am
643 2078 751 2112 Ende
777 2079 895 2112 durch
921 2080 1231 2123 Umschreibungss
1258 2079 1328 2112 den
1354 2079 1506 2113 wahren
1533 2078 1675 2111 Namen

203 2121 345 2155 Hirrus
375 2133 439 2156 aus
473 2122 614 2158 Scherz
646 2134 691 2158 zu
725 2126 950 2160 verdecken.
1012 2126 1241 2160 Ueberdiess
1273 2125 1438 2159 erinnert
1468 2124 1592 2158 Hillus
1629 2134 1675 2157 an

204 2167 344 2209 Izilzcm;
384 2169 500 2203 daher
534 2171 577 2204 de
607 2170 723 2204 nihilo
757 2173 834 2206 Md.
867 2173 984 2216 Neap.
1016 2174 1100 2206 Asc.
1124 2175 1156 2207 1.
1188 2172 1273 2207 Ald.
1300 2171 1501 2206 Vict.1.2.
1539 2171 1581 2204 de
1607 2171 1674 2204 illo

202 2213 347 2248 Manut.
372 2215 513 2250 Bened.
537 2216 614 2252 Csr.
631 2217 844 2252 Bentleium
870 2219 915 2251 ad
941 2219 1073 2252 Horat.
1095 2219 1210 2252 Serm.
1231 2220 1262 2259 1,
1279 2220 1313 2261 3,
1327 2218 1385 2252 47.
1414 2217 1486 2251 ΟΕ.
1515 2217 1571 2250 Zu
1597 2217 1676 2250 bal-

204 2260 270 2293 bus
294 2261 370 2304 vgl.
397 2262 474 2295 Cic.
503 2263 607 2297 Orat.
629 2265 738 2306 1‚61.
776 2265 983 2300 Vielleicht
1017 2265 1201 2299 affectirte
1225 2264 1361 2297 Hirrus
1396 2263 1460 2298 das
1485 2263 1519 2297 R
1544 2263 1617 2297 wie
1641 2262 1676 2296 L

202 2308 518 2351 auszusprechen,
544 2320 622 2342 was
648 2310 722 2343 ihm
748 2311 882 2345 Cicero
909 2311 1080 2346 nachafft.
1107 2309 1467 2357 balbuszgssmssmdg.
1495 2309 1674 2345 Quinctil.

203 2355 238 2395 1,
259 2355 314 2396 11,
329 2354 363 2387 5.
387 2374 424 2378 —
447 2359 530 2398 post
551 2357 671 2389 comit.
700 2357 772 2390 ista
798 2357 978 2391 aedilitia.
1014 2358 1052 2392 S.
1078 2369 1135 2402 ep.
1163 2358 1362 2392 CCXXIV
1386 2356 1434 2389 im
1459 2356 1602 2390 Anf.-
1633 2355 1674 2388 in

203 2410 305 2432 meas
329 2400 479 2443 literas,
506 2402 743 2445 Ma1·t.-Lag.
778 2404 874 2438 coni.
902 2403 989 2438 5611.
1015 2404 1110 2437 Liin.
1137 2404 1175 2437 in
1203 2405 1295 2437 meis
1325 2403 1455 2436 literis,
1504 2401 1579 2436 Sed
1605 2401 1672 2435 cfr.

203 2445 364 2480 Daehne
388 2447 502 2481 ,Mixa
531 2448 625 2483 crit.
643 2449 677 2491 2,
702 2460 738 2492 p.
756 2450 834 2483 255.
871 2450 946 2483 ΟΕ.
968 2468 1012 2474 —-
1047 2450 1134 2493 quin
1157 2461 1202 2481 =
1235 2451 1332 2483 ohne
1358 2450 1453 2482 dass.
1475 2467 1517 2473 --
1549 2451 1601 2481 est
1625 2451 1671 2482 te.

204 2492 428 2536 Maru-Lag.
450 2497 483 2527 te
499 2498 551 2527 est
576 2495 683 2538 prob.
704 2496 879 2529 Goerenz
894 2496 1014 2537 Legg.
1042 2506 1077 2540 p.
1093 2496 1158 2530 108
1184 2502 1313 2530 contra
1329 2495 1404 2529 Md.
1419 2494 1615 2528 ORELLI.
1629 2511 1671 2517 —

204 2538 307 2571 balbi
323 2550 392 2572 non
410 2551 546 2584 snmus,
571 2541 631 2574 ich
655 2541 753 2574 kann
778 2542 843 2576 das
864 2543 896 2575 R
914 2542 1016 2575 wohl
1041 2543 1306 2586 30551116611611,
1332 2541 1419 2576 weil
1445 2540 1570 2584 gleich
1597 2550 1673 2572 rem

204 2585 396 2618 redeamus
421 2587 529 2630 folgt.
564 2587 629 2620 Ich
656 2588 719 2621 bin
735 2588 822 2621 kein
834 2588 972 2630 Hillus,
999 2588 1067 2621 der
1092 2588 1153 2621 nie
1178 2587 1492 2632 zurHauptsache
1518 2586 1671 2620 komrnt.

206 2649 249 2655 —
274 2632 328 2664 ita
353 2636 418 2674 est,
443 2643 484 2666 so
511 2633 587 2669 ist⁷s
614 2634 843 2677 gekommen.
861 2654 905 2660 --
932 2635 980 2668 ad
1004 2635 1229 2678 laureolam,
1255 2642 1295 2669 ut
1321 2633 1545 2677 triumphuni
1570 2642 1671 2665 asse·-

204 2677 269 2719 qui
295 2688 498 2720 possemus.
548 2682 593 2713 ln
618 2681 749 2723 Bezug
775 2681 839 2714 aus
861 2692 919 2724 ep.
939 2682 1047 2715 CCX.
1076 2681 1125 2714 im
1144 2682 1230 2719 Ans.
1253 2702 1289 2706 ——
1316 2681 1421 2722 Ergo
1446 2679 1501 2712 ita
1526 2678 1673 2720 accidit,

1755 2469 1771 2549 1.

1767 2564 1772 2709 i

203 2733 246 2758 80
272 2724 364 2759 hore
389 2724 507 2769 denn,
535 2726 610 2761 wie
635 2738 676 2762 es
700 2726 802 2772 ging.
840 2727 937 2761 Nam
963 2740 1008 2762 Ξ
1033 2728 1205 2763 113111Ιί611.
1221 2747 1264 2753 -
1297 2725 1470 2762 Parthico
1496 2725 1528 2759 b.
1561 2723 1599 2759 S.
1615 2735 1673 2769 ep.
1766 2736 1771 2834 3
