1795 3043
221 103 322 151 334
527 99 592 144 M.
627 98 682 143 Τ.
719 97 1062 148 CICERONIS
1086 98 1467 150 EPISTOLAE.

219 211 402 253 tionum:
443 209 679 251 docuerunt
718 210 830 252 enim
866 223 933 253 me
962 212 1090 264 periti
1127 214 1344 256 homiues:
1385 214 1430 256 in
1459 214 1526 255 his
1555 227 1684 267 quum

219 270 407 311 omnium
434 267 733 319 peritissimus,
770 270 860 309 tum
898 270 1003 310 mihi
1040 270 1340 320 amicissimus,
1387 272 1433 313 C.
1465 272 1683 322 Camillus,

221 327 275 368 ad
304 325 522 366 Volusium
549 325 770 366 transferri
797 338 949 367 nomen
975 341 1000 367 a
1017 327 1186 368 Valerio
1215 341 1299 369 non
1331 329 1535 380 potuisse:
1565 342 1685 382 prae-

220 384 294 424 des
321 382 569 423 Valerianos
604 382 753 423 teneri.
809 382 958 436 Neque
984 383 1030 424 id
1069 386 1160 425 erat
1194 386 1266 426 HS
1289 398 1414 433 xxx„
1445 387 1492 426 ut
1518 386 1683 439 scribis,

220 440 293 481 sed
334 440 407 480 HS
439 452 525 480 xix.
608 439 714 481 Erat
760 440 874 481 euim
919 442 1067 483 curata
1120 442 1243 483 nobis
1293 443 1476 495 pecunia
1522 444 1684 485 Valerii

219 496 426 549 mancipis
465 495 658 537 nomine:
707 509 759 538 ex
794 510 880 549 qua
914 499 1125 550 reliquum
1164 499 1274 551 quod
1315 502 1425 547 erat,
1469 501 1514 540 in
1554 501 1683 541 ratio-

217 554 343 595 nibus
372 554 514 596 retuli.
583 553 666 594 Sed
704 554 765 595 sic
804 567 872 595 me
912 557 955 595 et
991 556 1259 597 liberalitatis
1295 557 1439 597 fructu
1468 558 1610 609 privas
1639 559 1682 597 et

217 611 462 664 diligentiae
492 611 534 651 et
561 631 620 641 ·-—
647 610 760 663 quod
802 612 975 653 minime
1013 614 1151 653 tamen
1191 613 1339 654 laboro
1366 635 1425 643 -
1454 613 1680 655 mediocris

217 669 345 709 etiam
372 668 638 721 prudentiaet
680 667 972 717 liberalitatis,
1004 670 1118 721 quod
1145 671 1276 712 mavis
1305 671 1471 711 scribae
1500 671 1583 711 mei
1612 670 1682 711 be-

215 724 393 778 neficio,
423 737 550 776 quam
577 735 670 765 meo
678 753 691 773 ,
733 725 917 777 legatum
947 737 1087 767 meum
1113 728 1458 780 praefectumque
1496 728 1543 775 Q.
1574 727 1681 780 Lep-

215 784 326 831 tam,
358 782 538 823 maxima
567 782 808 822 calamitate
836 783 1018 831 levatos,
1057 796 1185 835 quum
1217 785 1466 837 pracsertim
1495 796 1581 826 non
1611 784 1681 824 de-

215 839 367 880 berent
403 851 492 879 esse
532 838 728 892 obligatix
772 838 1037 892 diligentiae,
1078 841 1191 892 quod
1229 842 1444 883 existimas
1479 841 1532 882 de
1560 841 1680 882 tanto

213 896 359 937 officio
388 908 505 948 meo,
535 897 652 936 tanto
682 896 809 936 etiam
837 897 1054 948 periculo,
1085 910 1167 938 nec
1196 899 1325 939 scisse
1352 911 1421 940 me
1450 898 1680 951 quidquam

211 996 394 1039 ffihrung,
430 996 527 1029 ohne
561 995 645 1029 dass
673 994 878 1029 Mescinius
908 994 1048 1038 Rufus,
1083 993 1152 1028 der
1176 994 1259 1028 dem
1284 994 1466 1031 Valerius
1494 1005 1679 1039 gewogen

213 1054 315 1086 war,
347 1042 475 1076 Etwas
505 1042 589 1075 sriih
623 1051 748 1085 genug
769 1040 890 1075 davon
920 1042 1069 1084 erfuhr,
1107 1040 1175 1075 der
1210 1040 1292 1075 sich
1315 1051 1389 1075 nun
1415 1041 1513 1075 beim
1540 1041 1676 1075 Cicero

213 1090 307 1123 iiber
330 1088 482 1122 Tullius
505 1088 652 1122 Laurea
675 1088 929 1129 beschwerte,
964 1087 1019 1121 als
1044 1097 1155 1121 wenn
1180 1086 1242 1121 die
1266 1097 1351 1120 vom
1375 1087 1587 1122 Proconsul
1611 1098 1678 1131 ge-

211 1136 373 1170 troffene
389 1134 669 1177 Ausmittelung
684 1133 744 1167 ein
761 1132 1076 1177 eigenmachtiges
1091 1133 1212 1167 Werk
1236 1132 1360 1167 seines
1378 1133 1679 1168 Geheimschrei-

209 1182 297 1216 bers
321 1192 494 1225 gewesen
519 1181 633 1214 ware.
681 1180 785 1214 Aber
809 1178 944 1213 Cicero
969 1179 1110 1213 wascht
1142 1178 1218 1212 ihm
1242 1189 1376 1223 wegen
1401 1179 1528 1214 dieser
1550 1179 1679 1223 Unge-

210 1228 308 1262 biihr
333 1227 478 1270 tiichtig
503 1227 573 1260 den
599 1226 712 1270 Kopf.
762 1225 896 1260 Cicero
921 1224 1088 1259 schreibt
1111 1225 1224 1268 Vm,
1250 1226 1305 1260 34.
1332 1225 1414 1258 dem
1443 1225 1607 1260 Attikus:
1635 1236 1678 1260 er

211 1274 308 1307 habe
332 1273 473 1306 seinem
494 1273 655 1310 Quastor
680 1272 869 1312 befohlen,
895 1272 987 1304 nach
1003 1271 1191 1304 Laodicea
1207 1281 1253 1304 zu
1278 1271 1463 1314 kommen,
1490 1283 1548 1305 um
1573 1271 1679 1306 seine

209 1320 467 1362 Rechnungcn
492 1318 803 1352 abzuschliessen.
851 1317 963 1350 Hatte
979 1316 1181 1350 Mescinius
1197 1316 1327 1350 diesen
1351 1317 1487 1351 Befehl
1512 1317 1676 1362 befolgt3

212 1377 254 1401 so
279 1365 408 1399 wurde
434 1364 598 1398 damahls
623 1364 728 1398 Alles
754 1363 821 1397 in⁷s
846 1363 963 1397 Klare
987 1362 1206 1406 gekommen
1231 1362 1324 1396 sein.
1342 1381 1386 1388 —
1421 1363 1462 1397 C.
1483 1363 1675 1407 Camillus,

211 1411 305 1446 iuris
330 1410 561 1456 praedatorii
586 1409 847 1455 peritissimus.
885 1409 975 1444 Vid.
1003 1408 1371 1453 ep.CCLXXX111,
1393 1409 1429 1443 2.
1455 1428 1498 1434 —
1545 1409 1674 1450 teneri,

211 1461 375 1492 miissten
402 1457 509 1490 dafiir
542 1457 678 1491 hasten.
712 1475 757 1481 -
802 1455 865 1490 HS
889 1455 1015 1489 XXX.
1033 1453 1220 1496 3‚00'0‚000
1243 1453 1674 1499 Sestertien=300,ooo

210 1505 314 1540 Flor.
352 1503 486 1537 Rhein.
518 1522 564 1528 —
610 1503 674 1537 HS
697 1502 804 1537 XIX.
832 1502 1004 1544 1900‚000
1026 1512 1073 1536 =
1098 1502 1244 1540 190‚000
1259 1501 1339 1535 Flr.
1365 1520 1411 1527 —-
1456 1501 1550 1535 Erat
1579 1502 1674 1536 enim

210 1553 340 1585 curata
365 1555 457 1592 cet.‚
493 1549 589 1582 deun
622 1549 681 1582 ein
715 1548 827 1582 Theil
861 1548 929 1582 der
951 1558 1095 1591 ganzeu
1120 1546 1269 1581 Summe
1292 1557 1373 1581 war
1398 1547 1467 1581 mir
1493 1558 1564 1581 von
1590 1549 1674 1583 dem

210 1596 421 1633 Schuldner
445 1595 622 1631 Valerius
647 1594 768 1628 bereit
804 1594 1020 1638 ausgezahlt
1044 1593 1219 1627 worden:
1251 1593 1322 1626 den
1355 1594 1449 1627 Rest
1479 1594 1570 1629 aber
1592 1594 1674 1629 hab’

209 1644 270 1678 ich
296 1643 412 1677 sehon
437 1641 473 1675 in
500 1642 571 1675 den
596 1641 851 1684 Rechnungen
868 1640 1061 1674 auffuhren
1081 1640 1215 1673 lassen.
1265 1639 1445 1683 reliquum
1460 1642 1554 1684 quod
1578 1644 1671 1684 erat,

208 1700 341 1734 nempe
373 1687 447 1722 HS.
472 1688 542 1723 XI.
598 1688 690 1722 Nam
725 1698 835 1730 quum
860 1697 882 1720 a
905 1695 1042 1720 summa
1072 1686 1198 1718 XXX.
1226 1685 1302 1720 HS.
1337 1686 1472 1719 Cicero
1506 1686 1584 1721 HS.
1601 1687 1670 1721 XI.

209 1735 431 1777 remisisset,
457 1741 495 1768 ut-
512 1735 674 1778 legatum
694 1745 798 1768 suum
819 1733 1123 1778 praefectumque
1140 1731 1349 1765 calamitate
1364 1731 1474 1765 huius
1490 1733 1673 1777 pecuniae

208 1782 410 1817 solvendae
434 1781 626 1824 liberaret,
653 1781 689 1814 in
715 1780 922 1814 rationibus
944 1784 1082 1812 tantum
1107 1777 1183 1811 HS.
1202 1777 1308 1812 XIX.
1335 1778 1526 1813 retulerat.
1576 1779 1672 1813 For-

208 1835 308 1863 tasse
333 1834 451 1862 tamen
478 1827 611 1861 Cicero
637 1827 856 1871 scripserat:
883 1836 926 1859 ex
949 1835 1020 1868 qua
1040 1824 1227 1867 publicum
1251 1824 1345 1868 quod
1369 1829 1466 1867 erat;
1492 1824 1589 1858 sicut
1614 1825 1671 1859 in-

206 1875 265 1909 fra
288 1873 439 1909 scribitz
473 1884 579 1916 quum
598 1874 755 1918 populus
777 1884 880 1906 suum
912 1874 1085 1904 servaret.
1144 1870 1251 1903 SCH.
1286 1869 1420 1904 Cicero
1458 1871 1560 1904 hatte
1589 1872 1669 1905 also

208 1921 325 1955 durch
350 1917 584 1962 Remission,
607 1920 724 1954 durch
747 1918 971 1958 liberalitas,
998 1926 1107 1950 wozu
1132 1927 1174 1949 er
1198 1916 1253 1950 als
1276 1916 1488 1951 Proconsul
1515 1917 1670 1951 berech-

207 1968 281 2011 tigt
304 1977 399 2009 war,
422 1965 495 1999 den
519 1966 670 2010 Burgen
696 1976 760 2000 aus
785 1966 852 1999 der
875 1963 974 1998 Noth
998 1961 1194 2006 geholsen3
1220 1962 1292 1995 den
1311 1962 1558 2006 gebliebenen
1574 1963 1668 1998 Rest

207 2014 319 2048 sollte
343 2011 521 2048 Valerius
545 2023 589 2046 an
628 2012 690 2047 die
725 2011 956 2047 Staatscasse
990 2008 1182 2043 bezahlen.
1236 2008 1316 2042 Das
1341 2019 1421 2043 war
1445 2009 1513 2044 der
1535 2010 1668 2054 gesun-

206 2060 302 2094 dene
332 2062 511 2102 Ausweg.

295 2117 329 2151 4.
355 2117 418 2150 sed
440 2113 713 2158 sic...privas,
767 2113 851 2147 Hoc
888 2111 1051 2156 pertinet
1082 2111 1129 2145 ad
1164 2110 1416 2156 suspicionem
1452 2111 1559 2155 Rufi,
1600 2113 1666 2156 qui

204 2162 401 2198 consilium
425 2160 520 2195 illud
547 2159 701 2197 Volusii
727 2164 764 2193 et
788 2160 968 2204 praedum
991 2156 1279 2197 liberandorum,
1305 2157 1405 2200 quod
1430 2157 1565 2192 Cicero
1592 2160 1665 2194 sibi

203 2208 391 2252 attribuit,
416 2219 437 2241 a
461 2207 585 2242 scriba
609 2206 737 2240 Tullio
763 2205 972 2250 profectum
996 2214 1078 2239 esse
1103 2203 1274 2248 opinatus
1299 2203 1338 2236 in
1362 2213 1407 2237 ea
1430 2214 1473 2238 re
1498 2204 1665 2239 fraudem

203 2256 289 2290 eius.
310 2254 382 2289 sibi
407 2253 595 2298 reperisse
620 2252 828 2287 videbatur.
877 2251 983 2286 SCH.
1020 2251 1133 2295 quod.
1149 2276 1156 2284 .
1174 2249 1347 2292 ‚laboo-o,
1383 2260 1462 2284 was
1487 2250 1585 2285 mich
1609 2251 1666 2285 ie-

204 2302 301 2336 doch
326 2312 381 2335 am
418 2299 625 2342 wenigsten
657 2299 801 2333 anficht.
839 2317 885 2323 —-
936 2298 1226 2341 praefectumque
1256 2295 1399 2329 fabrum
1431 2297 1474 2332 Q.
1507 2297 1665 2342 Leptam

205 2352 281 2393 (ep.
301 2346 548 2385 CCLXXXI,
575 2346 639 2387 2.).
689 2345 774 2379 Del.
804 2345 844 2379 Q.
862 2344 1013 2388 Leptam
1036 2342 1083 2375 de
1098 2342 1237 2375 Manat.
1256 2341 1353 2375 coni.
1379 2341 1507 2377 Lamb.
1526 2343 1662 2379 Graev.

205 2393 454 2436 Mart.-Lag.
488 2391 574 2427 Sch.
615 2391 707 2425 Liin.
746 2391 864 2425 Abest
901 2390 972 2424 iam
1007 2398 1027 2421 a
1059 2388 1177 2432 Neap.
1254 2387 1451 2422 ORELLI.
1489 2389 1565 2423 Cur
1601 2389 1664 2424 Gi-

204 2452 292 2475 cero
316 2440 543 2484 praefectum
568 2437 710 2471 fabrum
736 2448 840 2471 suum
866 2436 903 2470 in
928 2434 1050 2468 literis
1084 2433 1130 2467 ad
1162 2433 1297 2467 Rufum
1329 2439 1563 2477 quaestorem
1596 2446 1664 2469 no-

204 2477 375 2528 minaret,
402 2485 465 2528 qui
491 2484 571 2518 eius
596 2494 728 2516 nomen
752 2493 871 2525 aeque
896 2482 990 2515 bene
1015 2491 1058 2513 ac
1073 2480 1206 2514 Cicero
1232 2479 1315 2524 ipse
1332 2481 1508 2515 noverat?
1553 2481 1660 2516 SGH.

204 2553 248 2559 —-
272 2532 434 2567 maxima
458 2531 589 2565 calam.
614 2531 703 2572 lev„
735 2539 866 2573 nempe
901 2538 969 2569 ne,
1003 2532 1042 2559 ut
1076 2526 1233 2570 praedes
1268 2525 1484 2569 Valeriani,
1524 2530 1662 2561 tantam

203 2579 385 2625 pecuniae
402 2588 576 2612 summam
591 2577 740 2610 solvere
753 2578 987 2618 cogerentur.
1023 2572 1130 2606 ΒΘΗ.
1147 2591 1190 2597 -
1216 2571 1390 2615 obligati,
1415 2583 1488 2608 von
1502 2572 1661 2607 Rechts-

202 2637 335 2669 wegen
361 2635 428 2659 zur
453 2624 622 2666 Zahlung
643 2620 872 2655 verbunden.
934 2617 1115 2654 Valerius
1147 2628 1226 2652 war
1256 2618 1291 2652 ia
1315 2618 1412 2652 noch
1449 2629 1505 2652 am
1530 2619 1660 2653 Leben

201 2673 276 2706 und
307 2672 448 2706 konnte
480 2669 669 2704 bezahlen.
704 2687 749 2692 —
796 2665 917 2709 officio
941 2676 986 2698 τ-
1011 2663 1208 2698 beneficio.
1234 2683 1279 2689 ——
1327 2668 1428 2698 tanto
1459 2665 1568 2700 etiam
1597 2675 1660 2709 pe-

199 2719 333 2762 riculo,
359 2727 430 2752 von
456 2716 580 2750 dieser
602 2724 715 2758 sogar
737 2712 802 2746 mit
826 2723 868 2746 so
894 2721 1047 2754 grosser
1072 2710 1476 2746 Verantwortlichkeit
1500 2710 1660 2745 verbun-

198 2764 320 2800 denen
344 2758 860 2802 Menschensreundlichkeit,
898 2757 961 2792 die
984 2757 1044 2791 ich
1069 2756 1141 2791 den
1165 2756 1317 2801 Burgen
1342 2756 1526 2792 erwiesen
1550 2757 1659 2793 habe.
