1795 3043
578 30 888 79 EPISTOLA
932 32 1116 80 CCLH.
1480 41 1581 89 197

117 144 222 197 gotii
252 144 346 185 fuit.
404 143 541 185 Multo
572 145 684 184 enim
713 145 825 184 malo
855 145 970 185 hunc
1000 159 1024 186 a
1053 145 1271 194 Pontidia,
1302 159 1429 199 quam
1457 148 1579 190 illum

118 217 143 242 3
164 202 358 242 Servilia.
400 202 538 249 Quare
558 202 759 254 adiunges
774 200 978 252 †Aufium
997 204 1201 251 nostrum,
1231 204 1444 245 hominem
1473 218 1578 246 sem-

113 271 192 310 per
222 261 430 298 amantem
460 259 565 306 mei3
594 271 706 299 nunc
737 257 863 299 credo
893 271 942 298 eo
973 260 1120 312 magis,
1155 261 1265 312 quod
1295 261 1419 301 debet
1448 263 1575 304 etiam

113 316 259 355 fratris
288 316 415 368 Appii
444 328 626 355 amorem
655 329 751 368 erga
780 327 848 354 me
888 328 982 355 cum
1018 317 1185 369 reliqua
1222 318 1454 359 hereditate
1485 314 1579 359 cre-v

113 374 244 422 visse,
276 374 350 424 qui
378 373 633 420 declaravit,
665 372 813 424 quanti
840 384 905 411 me
934 373 1117 425 faceret,
1148 387 1277 425 quum
1306 388 1454 428 saepe,
1482 377 1570 416 tum

114 430 157 469 in
184 431 330 471 Bursa.
389 430 477 470 Nae
506 431 551 469 tu
581 443 646 469 me
677 429 962 470 sollicitudine
991 442 1139 483 magna
1167 431 1373 472 liberaris.
1417 433 1568 473 Furnii
1593 425 1646 464 ll

114 487 305 538 exceptio
336 487 443 526 mihi
473 498 555 525 non
587 488 738 538 placet.
796 486 885 526 Nec
916 487 1027 526 enim
1057 499 1133 539 ego
1163 489 1294 527 ullum
1326 489 1441 528 aliud
1471 491 1572 529 tem-

110 556 190 595 pus
221 544 362 591 timeo,
394 543 476 582 nisi
506 544 616 594 quod
646 545 721 583 ille
750 545 886 583 solum
917 544 1091 596 excipit.
1149 544 1231 583 Sed
1259 546 1487 587 scriberem
1516 546 1568 586 ad

110 603 153 640 te
193 600 245 639 de
280 602 359 641 hoc
398 601 542 652 plura,
585 601 622 640 si
659 601 813 641 Romae
852 613 978 641 esses.
1050 601 1099 641 In
1138 601 1338 653 Pompeio
1374 604 1415 641 te
1453 615 1568 655 spem

111 669 274 697 omnem
304 658 379 697 otii
409 669 566 709 ponere
596 670 679 697 non
709 659 860 698 miror:
887 658 949 697 ita
977 670 1044 698 res
1074 659 1159 707 est,
1187 659 1568 711 removendumque

110 727 260 755 censeo
301 714 407 753 illud
448 717 795 755 dissimulantem.
855 715 938 755 Sed
979 716 1110 763 enim,
1159 716 1370 763 οἰκονομία
1400 715 1435 755 si
1473 728 1567 768 per-

109 772 316 811 turbatior
356 773 444 823 est,
485 772 562 811 tibi
599 773 834 824 assignato:
875 774 917 812 te
956 772 1067 813 enim
1106 784 1257 824 sequor
1291 770 1567 819 σχεδιάζοντα.

106 948 245 982 genero
277 937 479 981 cogitabat.
526 937 614 973 vid.
646 937 691 971 ad
716 937 833 972 Attic.
848 937 922 980 VI,
940 939 972 972 6.
997 939 1055 981 X,
1080 939 1133 973 18.
1150 956 1193 963 —-
1236 937 1332 971 nihil
1363 948 1447 980 neg,
1481 938 1565 981 fuit,

105 995 147 1017 50
181 985 283 1017 113119
317 984 376 1018 1911
410 984 544 1018 weiter
577 984 688 1017 keine
714 983 1007 1028 Schwierigkeit
1030 984 1127 1018 mich
1153 994 1199 1018 zu
1225 984 1502 1018 entschliessen.
1520 1003 1565 1009 —

105 1030 285 1070 Servilia,
319 1042 413 1074 quae
446 1037 523 1064 erat
558 1030 664 1063 Bruti
695 1037 823 1064 mater.
858 1031 946 1065 Vid.
981 1031 1026 1064 ad
1059 1030 1170 1066 Attic.
1186 1031 1373 1069 X111‚11.
1398 1031 1451 1064 15.
1476 1030 1564 1072 XV,

105 1079 161 1110 11.
184 1079 238 1111 13.
259 1095 301 1101 -
337 1077 535 1120 adiunges,
561 1077 624 1110 Du
648 1076 826 1109 konntest
850 1086 932 1110 zum
958 1077 1142 1111 Gehiilfen
1174 1077 1235 1110 bei
1272 1076 1401 1110 diesen
1428 1076 1565 1109 Unter-

106 1123 342 1165 handlungen
377 1124 543 1156 nehrnen.
565 1141 609 1147 -—
644 1123 843 1165 †Aufium.
882 1124 964 1156 Hoc
995 1134 1128 1157 nomen
1160 1129 1386 1168 corruptum.
1433 1121 1564 1164 Offium

104 1170 236 1211 Margo
260 1170 359 1203 1534.
396 1170 534 1211 Alfium
560 1169 606 1202 de
631 1169 793 1203 Conradi
819 1169 912 1204 coni.
944 1170 1088 1205 Placet.
1129 1171 1317 1212 Aufidiam
1341 1169 1432 1202 Ern.
1458 1179 1560 1212 susp.

107 1216 179 1248 OR.
199 1215 241 1249 C.
255 1215 376 1249 Alfius
402 1227 480 1249 war
505 1215 597 1248 nach
623 1226 681 1258 ep.
699 1215 803 1248 CLII
823 1216 1006 1251 Quaestor
1031 1227 1220 1259 gewesen3
1245 1215 1418 1250 Aufidius
1437 1215 1562 1248 Lurco

104 1262 274 1304 dagegen
299 1261 467 1295 tribunus
493 1261 616 1305 plebis
641 1267 749 1294 unter
773 1261 856 1294 dem
882 1262 1033 1295 Consul.
1062 1262 1126 1295 des
1151 1262 1243 1296 Piso
1270 1273 1304 1295 u.
1332 1261 1562 1295 Messala.—

105 1307 238 1348 sratris
269 1307 349 1341 scil.
385 1307 532 1340 uterini.
582 1307 778 1350 Ceterum,
812 1307 895 1349 quis
929 1308 988 1342 hic
1020 1308 1133 1341 1119111
1157 1308 1320 1352 Appius,
1354 1307 1559 1350 ignoratur.

104 1353 213 1387 SCH.
262 1354 382 1387 sollte
413 1364 494 1386 man
527 1352 629 1385 nicht
654 1358 761 1386 unter
790 1354 922 1394 fratris
953 1354 1025 1388 den
1057 1353 1281 1387 wirklichen
1305 1353 1454 1386 Bruder
1478 1364 1564 1387 ver-

105 1399 236 1433 stehen
262 1399 412 1441 dtirl'en,
439 1410 548 1432 wenn
574 1409 655 1432 man
681 1399 817 1432 vorher
841 1400 1002 1443 Appium
1026 1405 1114 1433 statt
1133 1401 1279 1442 Aufium
1305 1398 1563 1433 verbesserte‘!

106 1464 148 1470 —-
192 1446 366 1487 crevisse,
407 1445 496 1478 weil
533 1456 574 1477 er
609 1444 675 1477 mit
709 1445 775 1477 der
800 1445 998 1479 Erbschaft
1030 1446 1152 1479 5911195
1185 1445 1459 1488 Verwandten,
1496 1445 1563 1479 des

106 1491 272 1535 Appius,
297 1491 389 1524 auch
415 1491 547 1524 dessen
563 1490 683 1524 Liebe
708 1502 828 1533 gegen
856 1491 952 1524 mich
977 1493 1104 1525 ererbt
1127 1492 1247 1525 haben
1272 1502 1381 1525 muss.
1418 1501 1564 1524 cernere

105 1537 361 1579 hereditatem,
389 1537 470 1571 eine
496 1536 693 1569 Erbschaft
719 1536 972 1580 besichtigen,
1008 1537 1055 1570 ob
1082 1548 1162 1570 man
1188 1537 1243 1571 sie
1267 1543 1436 1571 antreten
1462 1537 1564 1579 will;

106 1584 203 1616 ‹lann
226 1584 281 1616 sie
307 1584 576 1625 iibernehmen,
601 1589 781 1616 antreten.
832 1582 882 1616 So
908 1585 999 1626 Agr.
1023 1583 1072 1625 11,
1093 1585 1147 1618 15.
1176 1583 1220 1617 ad
1245 1583 1356 1617 Attic.
1374 1583 1431 1617 XI
1442 1608 1459 1625 ,A
1478 1584 1499 1616 2
1524 1593 1560 1616 u.

105 1631 159 1663 12.
188 1629 232 1662 ad
259 1629 408 1662 Divers.
432 1629 502 1671 IX,
521 1629 586 1670 14,-
620 1629 713 1662 auch
738 1628 775 1662 in
800 1629 918 1664 Verb.
945 1629 1011 1663 mit
1043 1630 1158 1664 adire.
1209 1629 1260 1664 So
1292 1629 1393 1665 Plin.
1427 1640 1485 1673 ep.
1510 1629 1561 1671 X,

105 1677 166 1710 75:
198 1675 442 1708 hereditatem
468 1675 607 1708 adirem
633 1685 910 1719 cerneremque.
926 1694 971 1700 —-
1007 1675 1047 1708 in
1065 1677 1202 1719 Bursa,
1227 1675 1290 1710 bei
1315 1676 1397 1710 dem
1416 1674 1561 1709 Handel

105 1721 170 1755 mit
192 1721 323 1755 Bursa.
360 1722 405 1755 T.
433 1720 621 1756 Munatius
648 1721 807 1755 Plancus
823 1721 945 1755 Bursa
964 1721 1049 1765 lege
1066 1721 1247 1766 Pompeia
1272 1727 1309 1755 et
1332 1722 1471 1756 ambitu
1498 1721 1562 1763 (de

103 1768 162 1802 vi}
186 1769 232 1801 ob
259 1768 441 1801 incensam
467 1767 625 1810 curiam)
653 1768 718 1802 702
733 1767 921 1801 damnatus
947 1774 1016 1810 est,
1037 1768 1222 1802 Cicerone
1247 1767 1329 1812 ipso
1351 1773 1560 1802 accusante.

104 1815 158 1849 Ac
183 1814 350 1848 fortassis
377 1825 458 1847 eum
483 1813 629 1859 Appius
660 1813 774 1847 iudex
798 1814 982 1848 sententia
1006 1825 1072 1847 5113
1095 1814 1341 1848 damnaverat.
1390 1815 1562 1848 Ceterum

105 1861 165 1894 1119
181 1861 301 1893 Bursa
326 1860 518 1894 restitutus
543 1866 598 1893 est
621 1871 641 1893 a
657 1860 816 1894 Caesare
841 1866 927 1903 post
950 1861 1113 1905 fugatum
1139 1871 1187 1894 ex
1203 1861 1313 1894 Italia
1328 1859 1560 1904 Pompeium.

105 1907 197 1942 Vid,
225 1907 270 1940 ad
294 1906 422 1941 Famil.
445 1907 536 1949 VII,
555 1907 586 1940 2.
613 1906 684 1950 IX,
703 1908 758 1941 10.
792 1906 983 1941 POPMA.
1022 1907 1078 1941 Cf.
1103 1906 1272 1952 Philipp.
1292 1907 1364 1951 XI,
1385 1908 1419 1941 6.
1452 1905 1564 1948 XIII,

107 1954 160 1988 13.
186 1953 232 1986 ad
257 1953 386 1987 Famil.
412 1953 508 1995 ΧΠ,
535 1954 590 1986 18.

196 2000 250 2032 11.
284 1999 417 2033 Furniz·
441 2000 620 2042 exceptio,
654 1998 716 2031 die
740 1997 914 2040 Clausel,
949 1998 1094 2033 welche
1128 1998 1196 2032 der
1220 1998 1372 2032 Freund
1398 1997 1563 2032 Cicero's

107 2056 142 2079 u.
161 2043 349 2079 Tribunus
373 2045 504 2079 Plebis
529 2045 688 2079 Furnius
715 2044 853 2078 seinem
878 2044 1055 2086 Decrete‚
1088 2045 1201 2088 „dass
1226 2044 1360 2079 Cicero
1387 2055 1422 2077 u.
1446 2044 1564 2077 Bibu-

107 2091 164 2125 lus
188 2092 281 2124 nach
304 2092 475 2126 Verssuss
502 2091 603 2125 ihres
628 2090 867 2124 Dienstiahrs
898 2101 962 2124 aus
994 2091 1061 2124 der
1084 2090 1248 2125 Provinz
1275 2091 1412 2126 sollten
1437 2089 1564 2123 abzie-

107 2137 178 2171 hen
205 2136 381 2180 diirfen,⁷’
414 2138 510 2171 noch
534 2138 743 2181 angeliangt
774 2137 854 2179 hat,
885 2137 1064 2170 namlich:
1103 2137 1277 2180 „wofern
1311 2137 1371 2170 die
1403 2137 1563 2170 Parther

110 2182 165 2217 bis
189 2193 272 2217 zum
297 2184 450 2218 Monath
474 2184 593 2218 Iulius
619 2183 729 2226 ruhig
754 2182 937 2216 blieben.’⁷
975 2183 1013 2218 S.
1042 2194 1099 2227 ep.
1120 2183 1295 2225 CCXIV,
1310 2186 1343 2218 3.
1361 2202 1405 2207 -
1440 2183 1561 2223 timeo,

108 2229 195 2262 weil
220 2229 258 2263 in
282 2230 349 2263 der
379 2230 495 2263 durch
527 2230 588 2264 die
613 2230 760 2264 Clausel
794 2239 1124 2272 ausgenommenen
1153 2229 1237 2263 Zeit
1273 2231 1340 2263 der
1363 2228 1481 2263 Feind
1514 2237 1560 2261 zu

111 2274 267 2318 kriegen
291 2276 441 2320 pssegte.
476 2277 568 2320 Vgl.
602 2277 630 2319 §.
651 2277 727 2309 14.:
766 2275 893 2309 Habeo
919 2275 1063 2309 Iunium
1097 2282 1134 2309 et
1159 2276 1281 2311 Quint.
1316 2276 1354 2309 in
1388 2281 1497 2308 metu.
1519 2292 1562 2298 —

109 2331 206 2364 spem
230 2332 344 2354 meam
369 2333 461 2356 omn.
489 2323 575 2365 otii,
598 2322 720 2356 meine
744 2332 861 2365 ganze
888 2322 1075 2365 Hoffnung
1099 2322 1243 2355 wieder
1275 2322 1314 2356 in
1340 2321 1410 2354 den
1435 2320 1563 2353 Ruhe-

111 2366 216 2401 stand
242 2377 287 2400 zu
312 2367 493 2402 kommen.
513 2388 555 2393 —
595 2369 649 2401 ita
673 2379 732 2402 res
756 2372 825 2409 est,
856 2379 897 2402 so
930 2369 1029 2401 steht
1060 2368 1119 2402 die
1145 2369 1265 2403 Sache
1296 2366 1489 2407 wirklich3
1522 2375 1563 2400 95

113 2413 161 2446 ist
186 2412 247 2446 die
263 2414 471 2448 Wahrheit.
490 2433 534 2439 —
569 2426 703 2448 remov.
728 2414 822 2447 illud
847 2414 1025 2448 dissimul.
1063 2415 1206 2459 Nempe
1232 2414 1377 2448 Atticus
1404 2412 1457 2446 sic,
1483 2413 1562 2444 fere

112 2459 332 2503 scripserat:
373 2460 619 2505 „Pompeium
644 2460 808 2505 quamvis
834 2461 925 2494 alias
949 2461 1236 2494 dissimulantem
1270 2461 1307 2494 in
1342 2460 1411 2492 hoc
1443 2465 1562 2491 tamen

113 2505 211 2539 serio
236 2516 347 2550 agere
371 2505 552 2549 arbitror,
580 2507 680 2550 quod
705 2508 750 2540 ad
775 2518 852 2541 rem
878 2507 1064 2552 publicam
1089 2507 1239 2549 attinet,
1266 2512 1304 2540 ut
1328 2505 1365 2538 in
1392 2515 1436 2537 eo
1461 2514 1563 2548 spem

114 2563 257 2585 omnem
289 2552 356 2585 otii
389 2554 556 2596 ponam.''
603 2554 734 2595 Itaque
760 2554 894 2587 Cicero
929 2554 1022 2587 illud
1054 2554 1246 2598 epitheton
1277 2550 1564 2585 dissimulantem

113 2599 159 2631 ab
192 2609 236 2630 eo
269 2599 453 2632 removeri
484 2599 574 2632 vult.
609 2599 714 2633 SCH.
743 2619 787 2624 —
831 2603 1100 2644 οἰκονομία,
1145 2599 1236 2632 ordo
1271 2608 1394 2630 rerum
1428 2597 1496 2630 hac
1527 2595 1565 2628 in

115 2645 294 2687 epistola,
327 2651 367 2677 ut
392 2656 503 2688 supra
527 2646 556 2688 ς.
576 2646 605 2678 1.
627 2664 671 2670 -
706 2645 923 2689 σχεδιάζ.,
958 2657 1029 2680 11011
1064 2644 1195 2679 ordine
1221 2643 1468 2689 scribentem,
1500 2641 1569 2676 secl

118 2696 155 2723 ut
180 2690 342 2735 quidque
368 2690 405 2725 in
430 2697 587 2727 mentem
614 2690 723 2725 venit.
751 2691 956 2727 MANU'J'.
