1795 3043
223 56 291 104 34
482 49 547 94 M.
585 49 640 93 T.
678 45 1020 94 CICERONIS
1055 46 1432 94 EPISTOLAE.

227 162 413 205 Phaedri
442 159 779 207 obtestationem,
811 159 965 208 sedem,
995 159 1273 208 domicilium,
1305 159 1486 212 vestigia
1514 170 1692 199 summo-

230 233 325 263 rum
361 217 578 259 hominum
616 216 698 257 sibi
738 217 893 258 tuenda
932 214 1020 257 ess'e
1060 218 1178 259 dicit.
1235 218 1383 259 Totam
1421 216 1604 256 hominis
1631 215 1693 256 vi-

231 281 317 318 tam
355 277 669 325 rationemque,
711 286 835 325 quam
874 275 1064 326 sequitur
1094 276 1137 314 in
1168 273 1461 327 philosophia,
1504 272 1693 313 deridea-

232 348 324 375 mus
363 334 489 379 licet,
531 333 567 371 si
598 332 708 371 lianc
748 333 839 371 eius
880 331 1193 371 contentionem
1232 334 1427 373 volumus
1463 331 1693 382 reprelien-

233 392 348 431 dere.
408 389 514 436 Sed,
546 389 824 435 mehercules,
859 390 1057 439 quoniam
1087 389 1155 428 illi
1185 389 1446 440 ceterisque,
1479 400 1585 438 quos
1615 386 1695 426 illa

235 448 474 493 delectant,
518 459 601 486 non
632 446 756 485 valde
797 446 962 486 inimici
1002 458 1167 494 sumus3
1207 447 1353 486 nescio
1393 458 1447 485 au
1477 444 1695 497 ignoscen-

235 506 333 545 dum
362 504 416 544 sit
446 504 569 551 huic,
602 502 639 542 si
668 505 785 542 tanto
809 515 936 554 opere
967 503 1152 543 laborat:
1183 503 1227 543 in
1260 515 1343 554 quo
1374 502 1501 542 etiam
1531 501 1566 541 si
1597 512 1696 552 pec-

186 564 331 611 5cat,
382 561 514 614 magis
561 560 732 612 ineptiis
780 572 903 610 quam
944 559 1216 610 improbitate
1261 561 1427 612 peccat.
1496 558 1602 605 Sed,
1642 568 1696 596 ne
1737 583 1751 588 κ

235 622 362 673 plura
389 641 447 648 --
478 617 702 657 dicendum
741 617 852 656 enim
883 616 1111 667 aliquando
1144 618 1206 656 est
1233 638 1290 645 —-
1320 617 1597 667 Pomponium
1623 612 1697 652 At-

236 677 369 717 ticum
401 676 464 715 sic
495 687 615 720 amo,
656 675 704 713 ut
744 675 925 714 alterum
962 674 1162 714 fratrem:
1213 674 1323 713 nihil
1373 675 1436 713 est
1472 673 1549 712 illo
1591 669 1698 710 mihi

235 747 314 775 nec
345 734 486 773 carius
516 743 594 771 nec
635 731 873 771 iucundius.
932 731 972 770 is
1000 753 1058 758 ——
1087 743 1172 770 non
1202 743 1286 781 quo
1316 731 1371 770 sit
1400 743 1452 770 ex
1480 729 1595 769 istis:
1635 728 1697 767 est

236 792 349 832 enim
380 791 494 830 omni
523 787 693 828 liberali
723 787 916 828 doctrina
953 787 1251 840 politissimus:
1292 787 1365 827 sed
1394 786 1518 827 valde
1558 784 1698 837 diligit

236 849 486 894 Patronem,
529 845 652 885 valde
683 845 924 885 Phaedrum
965 845 1121 885 amavit
1150 867 1206 874 ——
1236 845 1298 884 sic
1328 858 1353 884 a
1382 856 1451 883 me
1486 845 1569 883 hoc
1600 854 1699 882 cou-

237 905 385 954 tendit,
407 905 540 943 'homo
570 902 743 941 minime
775 902 1043 950 ambitiosus,
1075 902 1248 942 minime
1277 902 1322 941 in
1352 900 1538 953 rogando
1568 900 1699 939 mole-

238 964 350 1009 stus,
382 962 430 1000 ut
459 961 569 1000 nihil
606 972 790 1010 unquam
829 960 983 1011 magis:
1028 971 1107 999 nec
1138 958 1328 1005 dubitat,
1361 959 1463 1009 quin
1495 969 1571 1010 ego
1601 971 1626 997 a
1655 957 1699 995 te

237 1021 341 1059 nutu
379 1019 461 1058 hoc
502 1017 705 1066 consequi
743 1028 930 1068 possem,
972 1017 1100 1056 etiam
1138 1017 1174 1055 si
1225 1014 1524 1055 aedificaturus
1572 1025 1698 1054 esses.

236 1076 359 1117 Nunc
397 1086 525 1121 vero,
567 1074 602 1113 si
634 1073 814 1113 audierit
843 1074 884 1113 te
913 1073 1252 1114 aedificationem
1288 1072 1530 1124 deposuisse
1561 1081 1700 1123 neque

235 1136 375 1173 tamen
405 1144 470 1171 me
502 1144 526 1170 a
554 1131 597 1170 te
625 1131 894 1182 impetrasse3
934 1143 1019 1170 non
1058 1132 1100 1170 te
1129 1131 1174 1169 in
1204 1142 1272 1169 me
1307 1129 1582 1176 illiberalem,
1625 1127 1701 1168 sed

236 1190 376 1230 mein
406 1201 450 1228 se
486 1188 766 1240 negligentem
803 1187 984 1238 putabit..
1044 1187 1321 1234 Quamobrem
1361 1187 1460 1238 peto
1492 1200 1516 1226 a
1546 1187 1610 1232 te,
1650 1184 1699 1223 ut

235 1246 398 1287 scribas
428 1245 479 1285 ad
508 1246 605 1284 tuos
632 1256 755 1296 posse
783 1246 857 1283 tua
886 1245 1103 1284 voluntate
1133 1244 1350 1284 decretum
1379 1243 1486 1282 illud
1513 1243 1700 1294 Areopa-

189 1305 441 1359 3gitarum,
480 1313 604 1352 quem
639 1299 1002 1349 ύπομνηματισμόυ
1039 1301 1108 1340 illi
1135 1302 1312 1347 vocant,
1355 1300 1464 1341 tolli.
1523 1298 1606 1339 Sed
1636 1311 1699 1338 re·

239 1425 297 1458 ep.
323 1413 378 1447 21.
404 1431 448 1436 —
472 1411 634 1446 Phaedri
658 1411 728 1444 obt.
757 1412 973 1445 Obtestatus
998 1416 1076 1444 erat
1101 1411 1311 1454 Phaedrus,
1335 1421 1446 1453 quum
1470 1410 1629 1453 viveret,
1654 1421 1702 1444 ne

239 1461 370 1493 hortos
410 1457 567 1502 Epicuri
616 1457 853 1500 negligerent
895 1468 988 1490 neve
1021 1457 1197 1501 occupari
1237 1468 1258 1490 a
1297 1468 1481 1500 quoquam
1522 1456 1698 1491 sinerent.

239 1505 448 1540 MANUT.
462 1504 684 1545 —vestigz'ca,
700 1504 760 1536 die
774 1503 975 1536 denselben
993 1502 1287 1546 eingedriickten
1303 1503 1543 1546 Fussstapfen
1562 1514 1603 1537 so
1620 1503 1699 1537 vie-

240 1553 297 1587 ler
312 1551 519 1585 trefflicher
535 1552 703 1584 Manner.
724 1553 810 1586 rat..
832 1554 977 1581 sectam.
999 1568 1043 1572 —
1066 1549 1184 1582 derid.
1201 1550 1311 1589 licet„
1327 1550 1401 1583 wir
1416 1552 1578 1583 miissten
1594 1550 1699 1584 bela-

240 1598 477 1632 chenswerth
502 1597 638 1630 finden.
653 1614 694 1620 —-
722 1599 874 1628 content.
896 1596 942 1628 de
970 1594 1179 1638 parietinis,
1198 1595 1314 1628 Eit'er.
1336 1614 1380 1619 —
1402 1597 1584 1638 quoniam.
1634 1595 1699 1631 Sic

238 1644 385 1688 scripsi.
412 1654 480 1687 quo
506 1654 587 1676 cuni
605 1642 687 1675 Lin.
703 1642 780 1675 Md.
799 1652 905 1684 quom
921 1641 1020 1675 Υἱοὶ.
1038 1641 1068 1674 2.
1089 1653 1196 1685 quum
1216 1641 1314 1676 Vict.
1331 1643 1362 1675 1.
1392 1642 1525 1676 Graev.
1555 1642 1696 1676 Bened.

240 1692 382 1735 quando
407 1691 503 1724 Crat.
531 1689 657 1722 Lamb.
679 1687 767 1721 Ern.
797 1687 880 1721 Seli.
908 1687 1000 1720 Lun.
1035 1686 1072 1721 S.
1095 1698 1141 1720 zu
1165 1699 1221 1731 ep.
1249 1688 1461 1726 CLXXXI,
1484 1689 1516 1722 2.
1546 1689 1695 1723 Ramsh.

240 1740 266 1780 3}-
287 1739 364 1780 187,
390 1736 420 1778 Ι,
445 1736 475 1769 2.
502 1754 545 1759 —-
572 1735 639 1767 illa
664 1733 836 1777 dogmata
852 1732 1020 1777 Epicuri,
1039 1733 1143 1767 diese
1158 1733 1409 1777 Epikurische
1436 1735 1696 1779 Philosophie.

239 1783 366 1818 Selbst
391 1781 586 1815 Memmius
611 1791 691 1813 war
715 1779 840 1813 dieser
863 1779 1112 1823 philosophie
1136 1780 1239 1812 nicht
1263 1781 1413 1825 abhold,
1436 1781 1512 1814 wie
1537 1781 1598 1814 die
1625 1782 1699 1815 Zu-

240 1829 405 1874 eignung
443 1828 508 1861 des
549 1828 705 1860 Lucrez.
742 1825 921 1859 Gedichts
953 1825 1000 1858 de
1029 1827 1111 1860 Nat.
1146 1837 1219 1859 rer.
1255 1826 1368 1870 zeigt.
1401 1846 1444 1851 —
1483 1828 1604 1861 nescio
1638 1839 1695 1862 αη.

239 1876 387 1910 Ramsh.
415 1874 442 1917 §.
459 1874 535 1908 174.
561 1874 605 1917 2.,
621 1872 665 1906 Ν.
692 1873 724 1906 3.
752 1872 894 1906 Grotef.
921 1872 1041 1914 §.cu-35.
1060 1892 1103 1896 --
1128 1873 1204 1906 si...
1224 1872 1532 1908 laboratzdass
1547 1873 1619 1907 ihm
1635 1874 1696 1907 die

239 1922 359 1956 Sache
390 1931 431 1954 so
464 1920 551 1954 sehr
582 1930 637 1952 am
670 1919 819 1951 Herzen
853 1918 957 1962 liegt.
990 1938 1034 1943 —
1072 1919 1107 1951 si
1134 1923 1277 1962 peccat,
1312 1931 1421 1953 wenn
1456 1930 1497 1953 er
1529 1930 1574 1953 zu
1606 1921 1698 1954 weit

237 1969 337 2012 geht.
364 1986 407 1991 ——-
433 1977 532 2008 mag.
558 1966 669 2008 inept.
696 1976 728 2008 q.
755 1964 864 2007 impr.
897 1964 1020 2007 mehr,
1052 1964 1140 1998 weil
1173 1976 1214 1998 er
1246 1965 1310 1998 auf
1332 1965 1617 2010 Kleinigkeiien
1642 1967 1697 2002 ei-

237 2025 308 2048 nen
334 2023 488 2057 grossen
513 2012 649 2046 VVerth
673 2010 763 2053 legt,
786 2011 841 2043 als·
865 2021 930 2044 ans
955 2011 1079 2044 bosen]
1105 2011 1259 2046 Willen.

330 2062 362 2095 5.
410 2070 453 2092 ne
477 2060 597 2103 plura.
623 2057 750 2091 Ueber
775 2057 877 2090 diese
901 2057 1050 2101 Eilipse
1075 2068 1103 2090 s.
1130 2058 1277 2091 Rainsh.
1304 2057 1332 2100 §.
1359 2058 1437 2100 174,
1464 2059 1496 2101 1,
1521 2058 1566 2092 Ν.
1592 2059 1624 2093 5.
1651 2078 1699 2084 —-

237 2117 309 2141 non
333 2117 400 2151 qno
426 2106 474 2138 sz't
497 2116 540 2138 ex
564 2104 647 2138 istis
669 2102 879 2147 Epicureis.
928 2104 1108 2137 Consulto
1135 2103 1318 2147 ambiguis
1343 2103 1470 2137 verbis
1497 2115 1584 2138 usus
1620 2112 1695 2148 est3

236 2153 452 2197 significare
475 2151 572 2185 enim
596 2150 759 2192 volebat,
788 2150 966 2190 Atticum,
991 2150 1135 2183 etiamsi
1161 2150 1318 2194 Epicuri
1343 2150 1494 2184 decreta
1518 2162 1699 2194 sequere-

236 2205 298 2234 tur
330 2198 420 2242 (vid.
451 2198 497 2232 ad
521 2197 633 2233 Attio.
668 2196 717 2238 V,
743 2198 795 2233 19.
829 2196 876 2229 de
899 2197 1014 2240 Legg.
1042 2197 1073 2238 I,
1099 2198 1159 2239 7.)‚
1191 2197 1307 2229 multo
1340 2203 1461 2230 tamen
1494 2197 1695 2241 Epicureis

236 2245 480 2280 eruditiorem
513 2254 605 2278 esse.
638 2242 744 2277 SCH.
792 2242 872 2275 Der
897 2243 950 2275 oft
990 2243 1210 2276 absichtlich
1241 2243 1577 2277 missverstandene
1622 2245 1694 2278 und
1747 2273 1750 2285 ;
1789 2252 1791 2257 ·

235 2292 389 2327 alsdann
421 2291 488 2325 der
519 2291 642 2323 faulen
674 2289 861 2324 Veruunft
901 2300 941 2322 so
972 2289 1193 2332 behagliche
1228 2288 1375 2333 Spruch
1407 2290 1472 2323 des
1505 2290 1694 2334 Epikurs:

219 2339 436 2383 ·,,Παίδειαυ
457 2339 580 2372 πᾶσαν
606 2336 742 2382 φεῦγέ(
766 2345 838 2380 zog
857 2335 956 2369 viele
980 2335 1207 2379 Ignoranten
1241 2346 1297 2369 zu.
1340 2335 1376 2371 S.
1412 2336 1460 2369 de
1483 2336 1632 2371 Finibb.
1660 2339 1693 2381 1,
1746 2344 1749 2370 Γ

236 2388 270 2427 7,
294 2385 349 2419 25.
388 2384 464 2428 vgl.
490 2383 555 2416 mit
580 2384 612 2425 1,
636 2382 692 2423 21,
719 2383 759 2415 71
786 2393 819 2416 u.
849 2382 902 2416 72.
933 2382 1107 2417 Quinctil.
1134 2382 1324 2415 Plutarch.
1363 2383 1547 2416 Deunoch
1579 2391 1694 2417 neunt
1740 2390 1741 2393 ’
1787 2402 1795 2424 ς,

235 2431 370 2466 Cicero
396 2441 452 2464 am
473 2429 649 2464 Schlusse
674 2427 739 2462 des
764 2428 812 2462 Π.
843 2428 1003 2472 Dialogs
1029 2428 1074 2461 de
1099 2428 1246 2462 Finibb.
1278 2428 1350 2461 den
1375 2428 1475 2467 Svro
1501 2429 1575 2463 und
1600 2429 1693 2464 Phi-
1739 2460 1740 2466 ,

233 2477 417 2519 lodemus,
454 2475 553 2510 zwei
576 2473 810 2519 Epikureer,
842 2474 946 2508 viros
978 2473 1213 2508 doctissimos
1244 2474 1319 2509 und
1351 2469 1503 2508 ert'heilt
1534 2476 1581 2509 de
1606 2476 1690 2510 Nat.
1738 2485 1753 2511 ἢ.
1788 2487 1795 2517 5

232 2523 351 2559 Deor.
391 2523 474 2556 dem
505 2523 607 2556 Zeno
639 2531 712 2554 von
739 2520 855 2555 Sidon
889 2521 954 2554 das
985 2523 1132 2564 gressu}
1164 2521 1258 2554 Lob.
1284 2539 1330 2546 —-
1360 2521 1504 2564 ambit„
1542 2521 1603 2555 ein
1627 2533 1691 2556 an·
1789 2531 1795 2563 g

232 2570 456 2603 massender.
491 2585 537 2593 -
566 2568 621 2602 sic
651 2578 674 2600 α
697 2578 807 2602 me...
833 2578 988 2610 unquam
1020 2567 1159 2609 magis,
1196 2567 1287 2610 liegt
1318 2568 1390 2601 mir
1423 2578 1464 2600 so
1499 2568 1691 2612 ernstlich,
1736 2564 1738 2579 ³

232 2616 307 2649 wie
332 2626 373 2648 er
397 2616 493 2648 noch
516 2614 578 2649 nie
602 2613 737 2657 gethan
761 2613 836 2656 hat,
860 2624 917 2656 an,
942 2613 1039 2647 mich
1063 2613 1187 2647 dieser
1213 2613 1331 2648 sache
1355 2614 1620 2649 anzunebmen.
1647 2633 1691 2639 —
1742 2624 1746 2654 j
1794 2642 1795 2645 ,

230 2662 266 2695 si
290 2662 402 2703 aedis.
436 2672 547 2701 esses,
579 2669 690 2694 wenn
714 2660 777 2693 Du
809 2669 855 2692 zu
882 2661 1000 2694 bauen
1026 2670 1215 2703 gesonnen
1240 2661 1389 2694 warest.
1415 2678 1459 2686 —-
1483 2661 1690 2704 deposuisse

230 2719 277 2742 z:
300 2707 481 2743 abiecisse
506 2708 536 2751 §.
561 2709 595 2743 3.
627 2726 671 2734 --
711 2705 952 2750 illiberalem,
993 2705 1211 2751 ungefallig.
1245 2725 1290 2731 —
1322 2710 1423 2747 tuos,
1464 2717 1559 2751 quos
1592 2707 1689 2742 habe
1738 2726 1740 2733 ι
