1795 3043
209 79 277 127 62
481 72 546 120 Μ.
582 72 638 117 Τ.
674 67 1013 118 CICERONIS
1046 69 1418 121 EPISTOLAE.

209 185 294 228 Sed
321 186 529 226 feremus:
560 180 696 231 mod0,
729 184 764 223 si
792 195 859 224 me
888 196 1015 232 amas,
1048 184 1127 225 sim
1156 197 1332 225 annuus.
1389 183 1515 226 Adsis
1542 187 1590 228 tu
1618 186 1674 229 ad

208 247 387 296 tempus,
418 245 465 282 ut
495 243 685 282 senatum
717 242 851 281 totum
880 241 1053 283 excites,
1102 241 1286 283 Mirifice
1314 242 1525 284 sollicitus
1566 257 1671 296 sum,

207 302 321 353 quod
365 302 449 341 iam
483 299 556 339 diu
585 298 728 351 ignota
757 300 854 338 sunt
889 299 995 339 mihi
1027 298 1108 339 ista
1136 300 1287 340 omnia.
1348 299 1509 353 Quare,
1538 303 1586 341 ut
1616 301 1671 342 ad

208 361 250 398 te
293 361 389 398 ante
427 356 601 408 scripsi,
637 367 765 408 quum
795 356 960 408 cetera,
1001 358 1090 396 tum
1119 369 1186 396 res
1215 356 1412 409 publica,
1454 369 1580 411 cura,
1618 360 1667 398 ut

205 416 311 456 mihi
352 416 451 454 nota
492 414 556 453 sit.
614 414 782 463 †Plura
812 412 997 453 scribam
1035 413 1155 453 tarde
1185 414 1263 454 tibi
1293 413 1524 457 reddituro.
1584 415 1669 456 Sed

205 471 358 513 dabam
392 470 593 512 familiari
633 470 798 510 homini
842 482 892 510 ae
933 469 1185 519 domestico,
1231 472 1275 511 C.
1312 470 1557 513 Andronico
1586 472 1669 513 Pu·

203 530 386 570 teolano.
464 529 529 568 Tu
565 528 703 568 autem
750 539 875 578 saepe
917 526 1018 567 dare
1063 527 1300 568 tabellariis
1341 528 1666 580 publicanorum

204 587 368 639 poteris
397 598 475 638 per
506 585 725 638 magistros
760 583 999 637 scripturae
1029 586 1072 624 et
1100 586 1248 638 portus
1282 587 1523 628 nostrarum
1552 587 1666 628 dioe-

203 644 379 686 cesium.

199 769 327 803 dieser
356 767 447 802 Last
471 772 573 811 passt
604 765 701 799 mein
727 765 884 800 Riicken
917 764 1062 800 nicht.“
1108 765 1205 799 Eine
1230 765 1559 810 sp1·ichw6rtliche
1585 766 1663 801 Re-

197 816 362 858 densart‚
388 824 498 848 wenn
523 824 604 846 man
630 812 839 846 Iemandem
866 811 926 845 ein
942 814 1029 846 Amt
1054 812 1226 855 austffigt,
1252 822 1361 846 wozu
1388 823 1429 846 er
1454 812 1534 847 sich
1558 812 1661 847 nicht

197 862 362 904 schickt;
396 860 470 894 wie
495 860 626 894 Horat.
654 870 713 903 ep.
741 861 774 901 1,
801 859 856 898 14,
881 860 944 893 43:
973 863 1076 903 optat
1101 858 1280 903 ephippia
1304 859 1371 892 bos
1396 858 1528 903 piger,
1556 865 1660 904 optat

197 919 306 942 arare
341 908 506 941 caballus
536 916 584 940 ..·-:.
615 905 796 940 Niemand
836 905 884 938 ist
918 904 984 938 mit
1016 904 1155 938 seinem
1189 904 1407 939 Schicksale
1452 905 1658 940 zufrieden.

199 956 276 989 Zur
302 954 421 989 Sache
446 952 565 996 vergl.
594 963 652 996 ep.
681 951 852 994 CXCVI,
876 954 923 986 3:
952 953 995 985 0!
1033 962 1109 984 rem
1134 951 1284 984 minime
1315 958 1438 995 aptam
1463 952 1554 986 meis
1579 963 1659 985 mo-

195 1001 315 1036 ribus.
341 1001 492 1042 calane,
518 998 710 1032 vielleicht
736 998 868 1031 ce'llone
893 997 955 1033 od.
980 996 1117 1031 cillove
1140 1009 1187 1030 Ξ
1210 997 1314 1030 asino
1340 998 1429 1041 (wie
1454 998 1595 1033 Phaed.
1624 1000 1657 1039 1,

195 1049 268 1091 15.)
302 1047 341 1082 S.
368 1046 571 1082 Petronius
596 1045 690 1088 frag.
725 1044 891 1084 XXXV,
924 1045 956 1078 2.
981 1045 1100 1087 vergl.
1132 1043 1198 1076 mit
1223 1044 1341 1078 Tacit.
1379 1044 1522 1079 Hister.
1549 1045 1597 1085 V,
1623 1047 1655 1080 3.

199 1106 236 1129 u.
262 1095 295 1129 4.
322 1096 464 1136 κίλλος,
498 1093 618 1126 davon
648 1093 804 1132 κίλλιος,
832 1105 867 1131 α,
895 1105 948 1129 ον,
974 1089 1139 1124 Dorisch
1165 1090 1232 1123 der
1256 1090 1360 1125 Esel.
1388 1090 1450 1124 bei
1475 1091 1655 1136 Hesych„

193 1141 263 1176 der
288 1141 382 1174 auch
405 1141 527 1174 κίλλαι
550 1148 624 1171 von
658 1139 784 1179 κίλλης
809 1137 882 1171 hat.
930 1135 1070 1170 Dieser
1094 1137 1193 1172 Vers
1223 1136 1272 1170 ist
1307 1137 1367 1170 ein
1394 1136 1502 1171 iamb.
1530 1148 1653 1173 senar.

193 1187 292 1231 „Sic
327 1186 420 1221 Cod.
456 1186 599 1219 decurt.
631 1183 721 1218 Bos.
753 1183 937 1228 probante
974 1182 1140 1227 Spengel
1173 1182 1210 1216 in
1248 1182 1405 1217 Caecilii
1430 1182 1541 1217 Statii
1576 1183 1654 1227 (cni

192 1235 285 1268 haec
319 1232 467 1275 tribuit)
506 1233 659 1272 Fragm.
695 1241 731 1274 p.
766 1231 800 1264 9.
835 1230 951 1262 illane
984 1229 1077 1264 Cdd.
1110 1230 1290 1264 Tornaes.
1333 1230 1493 1264 Crusell.
1526 1231 1649 1274 Marg.
1693 1228 1697 1232 ”

193 1281 296 1315 Crat.
322 1278 400 1314 Md.
428 1288 448 1310 a
473 1289 547 1312 sec.
573 1289 620 1310 m.
648 1276 746 1311 Vict.
775 1278 807 1310 1.
833 1275 867 1310 2.
900 1275 970 1309 illa
994 1275 1072 1310 Md.
1100 1286 1120 1309 a
1144 1275 1251 1320 prim.
1279 1287 1325 1309 m.
1346 1276 1457 1319 plane
1482 1287 1530 1310 ex
1555 1277 1653 1310 anti-

193 1338 268 1370 qua
299 1324 592 1368 interpolatione
625 1322 814 1356 Ammicm.
852 1322 1028 1356 Marcell.
1066 1323 1132 1364 16,
1158 1323 1200 1362 5,
1233 1323 1287 1355 10.
1332 1322 1474 1357 Manut.
1518 1322 1648 1357 Lamb.

192 1374 328 1407 Graev.
353 1372 444 1405 Ern.
471 1370 559 1405 Sch.
584 1369 708 1403 Limf‘
736 1368 932 1402 ORELLI.
957 1387 1003 1393 —
1027 1378 1180 1401 annuus.
1227 1367 1292 1403 Sic
1314 1368 1414 1402 Man.
1442 1374 1482 1401 ut
1506 1369 1573 1412 Ep.
1602 1370 1652 1403 ad

190 1420 307 1454 Attio.
336 1421 390 1452 17.
417 1418 447 1460 ᾗ.
474 1419 506 1452 5.
537 1416 710 1460 (CCIX):
745 1419 784 1448 ut
808 1414 922 1448 annui
944 1424 1099 1448 essemus
1135 1413 1225 1458 (vgl.
1252 1426 1310 1459 ep.
1337 1415 1588 1459 CLXXXIV,
1613 1417 1647 1450 1.

190 1477 227 1502 u.
254 1466 348 1507 CCI,
373 1467 406 1500 3.
433 1468 472 1496 ut
494 1464 607 1496 simus
632 1461 771 1503 annui).
799 1461 886 1496 Sed.
913 1461 949 1496 h.
976 1462 1000 1495 l.
1028 1460 1150 1494 facilis
1174 1460 1246 1494 fuit
1271 1461 1476 1505 corruptio,
1507 1462 1557 1495 sit
1581 1473 1647 1495 an·-

189 1524 257 1546 wts
281 1512 359 1547 Md.
388 1511 511 1545 oxon.
541 1511 572 1543 1.
599 1509 632 1543 2.
668 1508 769 1542 Crat.
795 1508 897 1543 vict.
925 1509 957 1540 l.
982 1508 1016 1541 2.
1041 1507 1091 1540 sit
1116 1517 1257 1540 annuus
1288 1508 1374 1541 Asc.
1403 1514 1571 1552 utraque,
1597 1509 1647 1542 sit

188 1570 349 1592 annuum
374 1557 467 1592 Cdd.
493 1556 650 1598 Malasp.
676 1553 804 1588 Lamb.
831 1554 918 1587 Bos.
948 1552 1040 1596 Sqq.
1068 1559 1107 1586 ut
1130 1553 1160 1595 §.
1188 1555 1218 1587 1.
1247 1553 1444 1588 ORELLI.
1462 1573 1507 1579 —
1531 1555 1648 1589 Adsis

186 1605 329 1639 Romae
354 1604 402 1637 ad
426 1607 575 1646 tempus,
601 1611 645 1634 zu
670 1600 820 1633 rechter
845 1599 940 1633 Zeit.
966 1618 1011 1624 -
1035 1604 1114 1633 ut...
1140 1600 1292 1638 excites,
1322 1611 1379 1633 um
1406 1601 1477 1634 den
1501 1611 1646 1645 ganzen

188 1651 303 1686 Senat
333 1651 393 1684 fiir
427 1649 523 1682 mich
560 1648 596 1681 in
629 1647 851 1690 Bewegung
875 1656 920 1679 zu
947 1654 1086 1679 setzen.
1135 1645 1235 1679 Vict.
1264 1647 1296 1678 1.
1322 1646 1355 1679 2.
1382 1647 1459 1681 Md.
1488 1658 1508 1681 a
1532 1648 1642 1692 prim.

188 1709 235 1732 m.
263 1697 369 1731 omis.
396 1700 528 1738 totum,
560 1705 580 1727 a
605 1705 676 1727 sec.
704 1703 891 1737 superscr.
925 1696 1025 1725 tuum
1047 1703 1093 1725 =
1119 1691 1185 1724 tibi
1213 1691 1396 1732 deditum,
1423 1693 1641 1737 propitium.

185 1763 230 1770 —
253 1744 327 1777 ista
362 1743 504 1784 omnia,
539 1741 645 1775 Alles
679 1740 778 1779 Das,
816 1749 893 1772 was
927 1738 989 1771 bei
1022 1738 1127 1771 Euch
1159 1739 1331 1781 vorgeht.
1363 1757 1406 1762 —
1437 1741 1640 1774 reddituro.

184 1791 336 1824 Certum
362 1790 432 1822 hoc
458 1799 568 1821 unum
593 1793 645 1820 est
673 1785 860 1819 reddituro
886 1791 1100 1829 corruptum
1126 1795 1207 1818 esse
1232 1796 1280 1818 ex
1305 1785 1486 1819 redditum
1510 1787 1574 1827 iri,
1602 1792 1641 1822 ut

183 1836 404 1881 saepissime
429 1835 500 1867 hoc
534 1833 669 1866 accidit
696 1832 732 1865 in
760 1831 893 1864 infinit.
921 1831 987 1864 sut.
1015 1841 1111 1875 pass.
1163 1831 1243 1866 Ouo
1279 1830 1378 1864 circa
1403 1831 1456 1865 sic
1481 1832 1560 1867 fere
1585 1833 1641 1866 le-

182 1883 362 1926 gendum:
388 1881 505 1915 Plura
528 1880 688 1913 scribam
713 1878 822 1911 alias.
871 1878 951 1910 Has
972 1878 1129 1910 sciebam
1154 1878 1258 1910 tarde
1283 1877 1352 1910 tibi
1367 1878 1549 1912 redditum
1572 1879 1639 1923 iri,

181 1931 245 1963 sed
275 1929 407 1963 dabam
439 1928 528 1969 fam.
576 1925 705 1961 Verba
729 1925 810 1969 ipsa
834 1924 1046 1967 neutiquam
1070 1930 1234 1968 praesto.
1275 1924 1472 1959 ORELLI.
1521 1925 1638 1960 Plura

182 1976 345 2009 scribam
370 1973 474 2016 alias,
501 1984 612 2015 quum
639 1971 687 2011 is,
714 1971 773 2004 cui
800 1971 892 2004 hauc
917 1970 1113 2014 epistolam
1139 1969 1247 2008 dedi,
1277 1970 1381 2003 tarde
1406 1982 1484 2004 eam
1510 1972 1637 2006 reddi-

182 2027 287 2056 turus
307 2022 365 2055 sit.
392 2040 437 2045 —
461 2020 525 2053 sed
548 2019 679 2052 dabam
701 2028 750 2052 =
773 2017 924 2051 daturus
951 2027 1061 2059 eram,
1087 2016 1147 2049 ich
1172 2016 1301 2050 wollte
1321 2027 1412 2059 geru
1435 2018 1635 2062 mitgeben.

181 2068 221 2104 S.
248 2068 399 2102 Ramsh.
427 2068 455 2109 δ.
484 2067 562 2107 163,
587 2068 620 2103 3,
649 2065 682 2097 b.
710 2083 754 2088 —
777 2075 843 2107 per
866 2064 1068 2106 magistros
1093 2069 1177 2104 cen,
1210 2062 1356 2101 Briese,
1389 2062 1451 2096 die
1482 2065 1635 2099 alsdann

180 2115 298 2149 durch
330 2114 391 2148 die
416 2113 644 2147 Einnehmer
669 2111 736 2144 der
760 2110 949 2143 Weiden-
979 2109 1054 2143 und
1078 2109 1299 2142 Hafenzblle
1331 2108 1369 2142 in
1401 2108 1472 2142 den
1495 2111 1636 2145 Asiati-

178 2162 292 2196 Schen
318 2160 525 2194 Districten
550 2158 691 2191 mciner
716 2156 881 2190 Provinz
906 2156 1044 2199 richtig
1069 2166 1113 2189 an
1138 2155 1235 2188 mich
1260 2155 1441 2199 gelangen
1466 2157 1634 2193 werden.

179 2209 377 2252 scriptura.
402 2206 493 2250 Vgl.
520 2206 643 2240 Plaut.
670 2204 783 2237 Truc.
811 2205 842 2243 l,
868 2203 902 2241 2,
929 2204 986 2237 44.
1022 2202 1100 2236 Cic.
1126 2201 1256 2235 Manil.
1284 2212 1315 2235 c.
1341 2203 1374 2236 6.
1403 2202 1554 2237 verrin.
1582 2204 1633 2246 ΙΙ,

180 2257 236 2289 10.
269 2256 324 2289 70.
359 2254 437 2296 ΙΙΙ,
473 2254 528 2286 71.
555 2252 604 2294 V,
631 2253 663 2285 7.
694 2250 740 2283 ad
764 2249 854 2284 Div.
880 2250 998 2291 XIII,
1024 2250 1081 2283 65.
1108 2247 1153 2281 ad
1178 2247 1292 2282 Attic.
1328 2247 1399 2291 XI,
1426 2250 1481 2285 10.
1507 2250 1632 2285 Varro

177 2302 225 2336 R.
251 2302 296 2336 R.
324 2300 375 2343 ΙΙ,
403 2302 435 2342 l,
462 2300 520 2334 16.
546 2298 596 2336 11,
624 2299 734 2333 10.-
760 2301 920 2329 ποεῖν-αν.
944 2296 1110 2333 dioeces„
1137 2293 1358 2338 διοικήσεων,
1384 2294 1632 2330 Asiaticarum

176 2347 324 2382 illarum
349 2346 472 2385 trium,
498 2356 593 2388 quae
620 2343 776 2378 Ciliciae
800 2342 1016 2387 provinciae
1042 2340 1206 2374 adiectae
1232 2346 1348 2381 erant,
1374 2348 1415 2377 ut
1437 2342 1475 2378 in
1500 2352 1560 2389 ep.
1586 2342 1633 2378 ad

174 2395 264 2430 Div.
291 2393 400 2435 XIII,
426 2394 482 2429 53.
509 2393 566 2428 67.
594 2390 800 2434 (CCXX-X.
828 2401 863 2424 u.
889 2389 1016 2431 DIX.)
1041 2386 1167 2423 tradit.
1193 2386 1311 2423 ERN.

985 2530 1055 2537 „—
