1795 3043
191 33 294 79 230
448 26 513 73 Μ.
551 29 606 74 Τ.
644 27 987 75 CICERONIS
1021 26 1394 75 EPISTOLAE.

193 140 428 192 summique
457 140 641 189 consilii,
671 141 751 182 tibi
770 142 1015 195 diligentius
1044 144 1087 183 et
1115 143 1371 190 accuratius,
1395 146 1523 193 quam
1542 143 1663 196 haec,

195 211 304 251 quae
334 210 409 239 nos
439 197 492 238 de
520 199 562 238 te
593 199 776 253 agimus,
817 199 1043 252 cogitanda
1072 212 1161 240 esse
1191 211 1356 241 censeo.

401 392 719 441 EPISTOLA
753 396 980 443 CCLXII.
1018 396 1100 456 (ad
1133 397 1239 442 Div.
1278 394 1342 441 II.
1363 395 1464 454 19.)

371 480 455 517 Ser.
482 481 523 516 in
548 482 706 528 Cilicia,
741 484 779 519 in
804 485 957 529 castris,
993 489 1081 529 post
1106 485 1157 520 X.
1183 483 1266 519 Kal.
1293 482 1451 519 Quintil.
1480 484 1528 517 A.
1553 483 1598 518 U.
1626 483 1668 519 C.

764 533 846 566 704.
882 534 928 576 (a.
958 531 998 566 ο.
1025 532 1099 573 50.)

201 595 380 631 Laetatur
404 596 572 633 Caelium
604 597 758 633 Caldum
784 599 856 634 sibi
882 606 1116 644 quaestorem
1150 599 1358 643 obtigisse,
1393 608 1549 643 eumque
1583 598 1671 632 hor-

436 650 553 687 tatur,
578 650 618 678 ut
643 645 680 678 in
705 646 937 691 provinciam
962 647 1090 681 venire
1115 652 1284 680 maturet.
1310 647 1328 679 1
1347 645 1438 680 -2.

204 693 257 745 M.
282 710 499 748 TULLIUS
530 713 583 748 M.
609 714 652 747 F.
685 715 735 749 M.
761 715 808 749 N.
845 715 1031 749 CICERO
1065 716 1170 750 IMP.
1199 715 1237 750 S.
1265 715 1314 750 D.
1339 715 1378 749 C.
1406 714 1596 749 CAELIO
1627 713 1672 748 L.

626 760 666 795 F.
694 761 735 796 C.
761 762 807 796 N.
835 761 1008 797 CALDO
1039 761 1254 798 QUAEST.

319 829 456 876 Quum
486 831 795 882 optatissimum
825 833 1019 873 nuntium
1049 832 1329 884 accepissem:
1360 833 1403 872 te
1426 831 1531 871 mihi
1549 843 1675 882 quae-

206 885 361 925 storem
381 884 594 940 obtigisse,
617 901 666 928 eo
686 889 979 929 iucundiorem
1007 890 1113 930 mihi
1143 902 1236 929 eam
1266 890 1422 929 sortem
1451 888 1674 940 sperabam

204 941 311 989 sore,
345 954 427 992 quo
458 944 618 985 diutius
646 946 691 985 in
719 947 943 998 provincia
970 960 1136 987 mecum
1165 947 1330 987 fuisses.
1389 945 1533 998 Magni
1563 946 1677 985 enim

207 998 430 1039 videbatur
458 1001 664 1042 interesse
693 1004 746 1044 ad
777 1017 868 1044 eam
886 1004 1254 1051 necessitudinem,
1279 1015 1401 1055 quam
1432 1001 1555 1041 nobis
1585 1015 1677 1043 sors

207 1056 452 1109 tribuisset,
493 1061 836 1101 consuetudinem
867 1074 1034 1113 quoque
1064 1061 1278 1101 accedere.
1340 1061 1513 1107 Postea,
1548 1072 1678 1111 quum

208 1112 315 1152 mihi
345 1114 454 1154 nihil
484 1128 621 1168 neque
659 1131 683 1158 a
712 1120 754 1158 te
794 1119 886 1171 ipso
926 1131 1066 1170 neque
1096 1117 1148 1158 ab
1180 1118 1270 1156 ullo
1300 1117 1383 1157 alio
1413 1117 1464 1156 de
1495 1117 1677 1158 adventu

208 1172 282 1209 tuo
314 1171 592 1214 scriberetur:
632 1174 831 1223 verebar,
863 1187 917 1215 ne
946 1176 990 1214 id
1020 1176 1081 1215 ita
1111 1175 1306 1222 caderet,
1340 1197 1396 1203 ——-
1414 1174 1525 1225 quod
1547 1175 1678 1214 etiam

209 1239 324 1267 nunc
356 1240 519 1281 vereor,
553 1253 603 1259 —
643 1244 697 1271 ne
728 1234 840 1279 ante,
873 1245 998 1283 quam
1029 1234 1074 1271 tu
1105 1233 1150 1272 iu
1182 1231 1447 1283 provinciam
1476 1232 1676 1279 venisses,
1768 1262 1773 1286 5

210 1296 288 1335 ego
317 1283 369 1323 de
398 1287 621 1336 provincia
650 1288 914 1330 decederem.
968 1289 1130 1339 Accepi
1160 1290 1299 1327 autem
1331 1301 1355 1327 a
1385 1290 1427 1326 te
1455 1287 1602 1328 missas
1629 1288 1681 1328 li·
1768 1289 1785 1369 ς,

210 1342 323 1380 teras
353 1342 398 1381 in
429 1342 604 1396 Cilicia,
635 1357 763 1396 quum
794 1358 928 1385 essem
958 1346 1003 1385 in
1034 1345 1204 1396 castris,
1235 1358 1273 1386 a.
1305 1343 1342 1383 d.
1372 1357 1412 1384 x.
1435 1345 1531 1386 Kal.
1554 1345 1682 1393 Quin-
1785 1345 1786 1348 ’

209 1397 324 1446 tiles,
357 1400 536 1452 scriptas
556 1402 882 1443 humanissime:
914 1402 1069 1455 quibus
1088 1402 1216 1442 facile
1236 1402 1278 1441 et
1301 1400 1488 1441 officium
1509 1403 1550 1441 et
1568 1402 1682 1455 iuge·
1768 1422 1770 1429 =
1791 1430 1793 1433 .

209 1455 331 1495 nium
359 1457 479 1496 tuum
507 1460 694 1511 perspici
733 1461 895 1512 posset:
935 1459 1007 1499 sed
1044 1471 1181 1510 neque
1220 1458 1332 1498 uude
1370 1471 1450 1499 nec
1488 1471 1571 1510 quo
1611 1460 1682 1500 die
1767 1470 1791 1497 1!

211 1511 335 1552 datae
364 1516 502 1554 essent
533 1518 604 1555 aut
633 1528 716 1568 quo
746 1518 939 1568 tempore
969 1518 1011 1556 te
1034 1516 1338 1568 exspectarem,
1363 1515 1681 1568 significabant:

213 1646 321 1679 quam
344 1636 452 1682 haec,
485 1649 575 1682 quae
686 1640 855 1682 agimus,
888 1638 943 1671 als
976 1648 1021 1671 an
1052 1636 1114 1670 die
1145 1636 1298 1671 kleinen
1323 1637 1503 1683 Dienste,
1537 1640 1684 1675 welche

213 1683 276 1717 ich
300 1683 374 1718 Dir
398 1684 435 1718 in
462 1685 588 1719 dieser
611 1686 776 1719 Provinz
803 1685 987 1719 erweisen
1013 1684 1122 1717 kann.

308 1730 506 1766 CAELIO.
563 1731 696 1766 Cicero
737 1733 839 1766 hatte
877 1730 973 1765 zwei
1008 1731 1211 1765 Quastores
1243 1729 1279 1763 in
1312 1729 1494 1775 Cilicien,
1535 1731 1607 1766 den
1637 1732 1682 1767 L.

213 1775 420 1811 Mescinius
439 1778 573 1821 Rufus,
600 1789 644 1812 an
667 1779 836 1813 welchen
861 1777 928 1811 der
942 1777 1022 1812 302.
1035 1778 1115 1812 373.
1134 1787 1167 1810 u.
1182 1776 1260 1811 458.
1275 1776 1341 1811 ΒΓ.
1358 1778 1604 1819 geschrieben
1623 1777 1685 1823 ist,
1766 1808 1768 1812 ,

213 1832 253 1857 u.
279 1823 350 1857 den
378 1824 444 1859 Cn.
471 1825 652 1860 Volusius
679 1827 723 1868 (s.
750 1836 809 1870 ep.
829 1826 920 1866 198).
968 1824 1036 1857 Als
1062 1823 1186 1856 dieser
1210 1834 1331 1867 gegen
1356 1824 1463 1858 Ende
1489 1825 1554 1859 des
1578 1826 1686 1859 Iahrs
1766 1825 1771 1861 ί

214 1869 378 1913 abging,
418 1870 501 1904 kam
538 1877 769 1904 unerwartet
800 1871 891 1904 aber
925 1872 1008 1914 spat
1042 1869 1084 1903 C.
1111 1869 1260 1903 Caelius
1294 1870 1431 1904 Caldus
1466 1871 1521 1905 als
1553 1871 1688 1905 dessen

213 1914 445 1959 Nachfolger
470 1927 514 1951 an
542 1918 585 1960 (s.
614 1928 671 1961 ep.
692 1918 781 1957 256,
808 1918 902 1961 10.)‚
936 1916 995 1950 ein
1028 1915 1124 1949 noch
1158 1927 1199 1949 so
1231 1916 1364 1960 iunger
1389 1917 1565 1961 Mensch‚
1602 1917 1687 1952 dass

216 1960 352 1995 Cicero
377 1962 451 1996 ihm
476 1963 575 1997 viele
600 1964 702 1998 Ehre
727 1965 874 2006 anthat,
899 1973 1008 1997 wenn
1035 1973 1076 1996 er
1101 1961 1180 1996 sein
1209 1962 1450 2005 „ingenium”
1482 1964 1685 1999 hemerkte.

214 2007 424 2042 Vielleicht
456 2009 583 2043 schien
615 2021 675 2052 es,
709 2010 763 2044 als
794 2021 903 2044 wenn
939 2009 1013 2043 ihm
1038 2008 1319 2052 hauptsachlich
1353 2010 1458 2043 seine
1482 2011 1689 2055 Aufpasser

216 2053 345 2088 diesen
371 2055 616 2090 Edelknaben
641 2056 885 2101 zugeschickt
918 2057 1054 2089 hatten.
1116 2055 1222 2088 Auch
1254 2055 1361 2088 stand
1393 2056 1474 2089 sein
1501 2057 1687 2092 Quaestor

215 2100 255 2134 in
280 2101 407 2135 besem
432 2102 542 2136 Rufe.
576 2102 616 2137 S.
643 2114 703 2148 ep.
725 2104 804 2146 261,
824 2105 855 2137 1.
914 2103 968 2136 Er
1001 2099 1137 2145 ergriff
1163 2101 1336 2134 desslialb
1369 2101 1473 2136 diese
1500 2103 1688 2147 Gelegen-

216 2146 314 2189 heit,
349 2147 430 2181 sich
453 2160 526 2182 von
552 2149 620 2183 der
644 2150 811 2184 Provinz
838 2149 1119 2192 loszumachen,
1146 2147 1221 2180 und
1246 2148 1428 2192 iibertrug
1454 2148 1535 2183 dem
1562 2149 1689 2183 Ciilius

217 2193 338 2227 sosoi-t
370 2194 435 2228 das
461 2194 851 2230 Interimscommando
883 2195 1095 2229 desselben.
1137 2193 1279 2227 Hiemit
1304 2195 1436 2238 schlug
1453 2207 1494 2229 er
1514 2195 1689 2239 zugleich

217 2240 292 2319 all?
315 2240 464 2284 Arglist
495 2251 542 2276 zu
571 2242 716 2277 Boden.
756 2242 796 2278 S.
829 2241 874 2276 ad
898 2241 1010 2276 Attic.
1031 2240 1111 2283 VI,
1131 2241 1164 2275 5.
1187 2242 1208 2275 6
1234 2241 1506 2286 (CCLXXV);
1548 2242 1596 2276 ad
1617 2242 1689 2277 Fa·
1764 2256 1771 2307 ᾗ

218 2285 296 2320 mi.
324 2287 363 2320 II
409 2288 466 2321 15.

315 2335 346 2367 1.
372 2312 461 2367 'eam
483 2337 636 2374 sortem,
672 2334 803 2369 diesen
838 2333 1069 2375 Gliickssall,
1104 2332 1202 2367 diess
1227 2332 1402 2367 Loos.—-
1437 2345 1589 2377 necess„
1623 2334 1690 2367 das
1760 2310 1787 2381 f

220 2390 360 2423 engere
385 2381 625 2416 Verhaltniss
651 2381 839 2415 zwischen
867 2380 984 2414 einem
1011 2380 1172 2414 Quastor
1208 2380 1281 2412 und
1307 2379 1440 2414 dessen
1465 2381 1690 2422 Proconsul,

220 2426 286 2460 das
311 2426 429 2460 selbst
453 2427 571 2460 durch
607 2427 669 2461 die
699 2427 895 2461 feierliche
919 2426 1073 2470 Losung
1106 2425 1189 2458 eine
1215 2426 1286 2459 Art
1311 2426 1516 2470 Heiligung
1544 2425 1688 2461 bekam.
1764 2458 1770 2470 ᾗ

220 2491 265 2497 -—
300 2476 479 2516 consuet„
504 2474 678 2517 langerer
703 2474 892 2517 Umgang,
917 2471 1031 2505 damit
1065 2482 1105 2505 er
1135 2472 1199 2505 ihu
1231 2483 1303 2505 von
1329 2473 1452 2506 Allem
1486 2472 1688 2506 instruiren
1764 2484 1771 2510 ς

221 2518 295 2551 und
321 2519 392 2553 den
418 2520 629 2563 etwanigeu
656 2521 769 2553 bosen
784 2518 977 2554 Leumund
998 2518 1272 2561 iiberwffltigen
1291 2519 1502 2554 konnte.—
1526 2519 1691 2561 verebar,
1764 2522 1771 2550 :²

220 2575 263 2596 ne
289 2571 358 2599 cet.
395 2565 434 2600 S.
470 2566 615 2600 Grotef.
650 2567 678 2609 §.
696 2567 774 2600 441.
798 2585 841 2591 ——
885 2576 928 2598 ue
961 2568 1064 2607 ante,
1105 2565 1230 2598 Lamb.
1265 2569 1303 2598 ut
1330 2569 1485 2598 ante.—
1525 2575 1559 2598 α.
1587 2565 1622 2598 d.
1652 2578 1687 2598 v.
1764 2555 1771 2587 l

220 2610 311 2644 Kal.
341 2612 481 2656 Quint„
513 2624 569 2646 am
594 2613 649 2646 27.
669 2612 812 2646 Iunius.
831 2629 874 2637 —
908 2611 1025 2655 offic,
1051 2611 1175 2644 Deine
1191 2611 1410 2655 Gesiunung
1435 2622 1553 2655 gegen
1579 2611 1689 2645 mich.

220 2675 264 2681 —-
298 2662 361 2691 aut
387 2670 468 2702 quo.
505 2658 569 2693 Sic
594 2659 711 2704 Neap.
738 2661 824 2693 Asc.
848 2660 877 2691 l.
905 2657 989 2693 Ald.
1025 2657 1124 2691 Crat.
1150 2657 1251 2694 Vict.
1273 2660 1304 2691 1.
1325 2659 1358 2692 2.
1395 2658 1522 2692 Lamb.
1548 2657 1689 2691 Bened.

222 2705 328 2747 prob.
357 2705 542 2739 Goerenz.
568 2706 711 2740 Acadd.
733 2706 766 2740 2.
790 2717 825 2750 p.
848 2705 903 2739 45.
929 2708 967 2738 at
992 2715 1024 2748 q.
1052 2708 1210 2749 tempore
1238 2704 1321 2748 (sic)
1340 2702 1418 2740 Md.
1445 2707 1550 2749 atque
1574 2714 1642 2748 quo
1668 2708 1691 2738 t.
