1795 3043
222 88 326 137 432
481 83 547 131 M.
583 81 639 130 T.
675 81 1017 132 CICERONIS
1050 83 1424 135 EPISTOLAE.

223 209 319 239 rum
355 195 669 248 imbecillitate,
693 224 695 226 -
717 196 770 237 de
808 197 1067 246 delentibus,
1114 197 1168 239 de
1196 211 1328 253 pace,
1369 199 1422 240 de
1450 199 1584 252 urbe,
1633 199 1686 243 de

222 254 425 308 pecunia,
474 252 526 293 de
554 252 713 294 Piceno
743 255 987 308 occupando
1016 256 1112 307 plus
1141 255 1296 296 vidisse
1324 269 1450 309 quam
1478 271 1535 299 se.
1593 258 1685 310 Sin,

224 324 353 363 quum
381 310 584 362 potuero,
626 322 712 351 non
741 324 918 364 venero,
965 314 1057 352 tum
1084 313 1167 352 erit
1195 312 1416 355 inimicust
1465 314 1578 367 quod
1607 326 1684 369 ego

224 381 309 409 non
339 378 390 407 eo
418 379 590 420 vereor,
629 379 683 408 ne
710 368 817 408 mihi
845 372 1019 410 noceat:
1056 369 1160 421 quid
1188 370 1300 411 enim
1329 369 1486 415 faciet?

341 425 406 466 Τίς
433 424 468 464 δ’
485 425 569 463 ἔστι
598 424 740 466 δοῦλος
767 426 841 464 τοῦ
868 429 1016 465 θανεῖν
1044 426 1241 475 ἄφροντις
1268 425 1353 475 sav,-

223 480 297 522 sed
336 481 438 533 quia
473 480 630 535 ingrati
665 483 797 523 animi
835 483 993 524 crimen
1025 484 1194 526 horreo.
1254 483 1428 526 Confido
1456 484 1587 539 igitur
1615 484 1686 526 ad-

223 540 394 580 ventum
432 541 622 579 nostrum
660 539 750 587 illi,
797 552 964 592 quoquo
1005 542 1195 593 tempore
1233 542 1391 594 fuerit,
1443 545 1490 582 ut
1518 542 1686 594 scribis,

222 593 463 644 ἀσμένιστον
491 596 596 637 fore.
652 595 759 636 Nam
787 598 898 648 quod
926 598 1011 649 ais,
1040 598 1077 638 si
1105 598 1177 638 hic
1207 599 1512 650 temperantius
1536 599 1686 652 egerit,

225 652 533 694 consideratius
562 651 788 692 consilium
815 655 858 693 te
877 653 1096 704 daturum,
1133 655 1207 706 qui
1223 655 1296 696 hic
1314 658 1453 707 potest
1472 669 1516 696 se
1535 668 1684 710 gerere

223 722 309 750 non
345 707 540 762 perdite?
603 709 722 757 Vita,
760 721 919 758 mores,
958 712 1057 751 ante
1084 712 1219 760 facta,
1261 712 1370 753 ratio
1399 713 1585 765 suscepti
1613 725 1686 752 ne-

177 778 205 818 3
223 768 352 820 gotti,
393 767 522 815 socii,
565 765 678 807 vires
708 766 913 807 bonorum
942 769 1014 807 aut
1043 769 1172 808 etiam
1200 769 1448 810 constantia.
1503 769 1687 811 Vixdum

223 825 448 877 epistolam
475 826 592 864 tuam
621 824 828 876 legeram,
876 836 1007 875 quum
1035 824 1087 865 ad
1117 837 1203 878 me,
1251 838 1429 867 currens
1468 826 1521 867 ad
1548 827 1686 878 illum,

221 882 446 922 Postumus
477 880 646 921 Curtius
676 880 813 932 venit,
857 881 967 921 nihil
995 881 1078 921 nisi
1107 883 1261 923 classes
1289 884 1468 934 loquens
1497 885 1541 924 et
1569 895 1687 923 exer-

223 939 355 980 citus:
394 937 604 990 eripiebat
632 937 885 989 Hispanias:
922 938 1095 979 tenebat
1122 938 1289 989 Asiam,
1329 939 1542 989 Siciliam,
1572 939 1688 981 Afri-

222 1008 339 1043 cam,
388 995 649 1036 Sardiniamz
709 995 930 1035 confestim
976 996 1021 1035 in
1071 996 1292 1036 Graeciam
1339 996 1686 1049 persequebatur.

221 1053 419 1094 Eundum
454 1051 585 1105 igitur
624 1052 706 1103 est,
753 1063 833 1092 nec
869 1055 954 1092 tam
982 1054 1031 1092 ut
1059 1052 1164 1093 belli
1193 1065 1320 1104 quam
1349 1055 1397 1093 ut
1424 1054 1549 1107 fugae
1578 1053 1686 1095 socii

220 1110 367 1152 simus.
424 1109 514 1150 Nec
545 1108 655 1149 enim
687 1110 800 1148 ferre
816 1111 964 1161 potero
993 1121 1206 1149 sermones
1220 1111 1411 1157 istorum,
1442 1111 1686 1162 quicunque

220 1169 340 1208 sunt:
390 1178 476 1207 non
516 1167 613 1205 sunt
648 1166 762 1204 enim
804 1167 940 1213 certe,
992 1167 1040 1205 ut
1075 1167 1369 1218 appellantur,
1416 1166 1532 1209 boni.
1601 1167 1686 1208 Sed

220 1226 362 1265 tamen
391 1223 435 1263 id
464 1222 602 1273 ipsum
633 1222 746 1261 scire
776 1222 925 1273 cupio,
963 1222 1065 1273 quid
1092 1224 1344 1274 loquantum
1381 1223 1510 1275 idque
1539 1225 1586 1264 ut
1616 1236 1686 1264 ex-

220 1282 367 1334 quiras
405 1291 556 1330 meque
592 1278 817 1318 certiorem
851 1278 1007 1326 facias,
1056 1279 1098 1318 te
1127 1280 1400 1320 vehementer
1428 1293 1541 1332 rogo.
1598 1280 1685 1321 Nos

219 1339 386 1385 adhuc,
437 1335 539 1388 quid
582 1334 800 1375 Brundisii
843 1336 985 1375 actum
1025 1337 1157 1383 esset,
1209 1337 1336 1388 plane
1380 1336 1683 1378 nesciebamus.

220 1397 361 1444 Quum
389 1393 590 1442 sciemuS,
638 1393 727 1432 tum
756 1404 809 1434 ex
838 1404 885 1433 re
913 1394 955 1433 et
985 1403 1037 1433 ex
1067 1394 1258 1445 tempore
1287 1393 1512 1435 consilium
1546 1394 1685 1447 capie-

220 1466 336 1502 mus,
377 1450 449 1492 sed
478 1451 646 1491 utemur
676 1451 764 1492 tuo.

220 1594 266 1601 —
293 1575 337 1609 de
357 1585 465 1619 pace,
491 1574 584 1608 iiber
608 1574 670 1608 die
683 1574 1018 1618 Nothwendigkeit
1042 1575 1122 1610 sich
1147 1576 1406 1610 auszusfihnen
1431 1574 1506 1609 und
1521 1575 1683 1610 Frieden

221 1632 267 1656 zu
302 1622 467 1655 machen.
503 1639 548 1645 —
603 1621 646 1654 de
679 1620 766 1654 urbe
799 1621 1019 1663 retinenda,
1066 1622 1109 1654 de
1137 1622 1295 1665 pecunia
1332 1621 1443 1655 etiam
1486 1621 1684 1656 sanctioris

218 1667 357 1702 aerarii
381 1666 608 1712 accipienda.
637 1667 852 1701 CORRAD.
886 1665 927 1701 S.
947 1678 1006 1711 ep.
1018 1666 1265 1710 CCCXVIII,
1289 1667 1324 1701 2.
1352 1686 1394 1692 —
1427 1668 1513 1711 plus
1536 1668 1684 1707 vidisse,

219 1715 306 1748 dass
331 1714 392 1748 ich
419 1714 539 1747 heller
563 1714 727 1756 gesehen
753 1713 860 1746 habe.
887 1731 930 1737 -
977 1713 1089 1755 faciet
1111 1713 1202 1748 mihi
1227 1713 1296 1747 od.
1323 1714 1404 1747 me?
1429 1732 1471 1737 -—
1525 1717 1600 1754 Τίς
1624 1740 1654 1748 ..
1672 1740 1680 1749 .

221 1761 301 1802 ὢνς
344 1759 540 1804 „quisnam
566 1766 623 1794 est
646 1769 795 1802 servus,
830 1758 895 1803 qui
919 1765 1075 1792 mortem
1100 1769 1174 1793 non
1200 1759 1349 1793 timeat?
1397 1759 1444 1793 de
1468 1766 1590 1793 morte
1626 1770 1685 1794 se-

220 1817 332 1840 curus
358 1806 422 1849 qui
447 1806 541 1840 siw’
584 1805 782 1850 Euripidis
807 1804 974 1839 senarius
999 1816 1020 1839 a
1044 1805 1249 1839 Plutarcho
1276 1816 1425 1848 quoque
1450 1805 1618 1839 laudatus
1645 1805 1683 1839 in

219 1852 318 1886 libro
344 1852 391 1886 de
415 1851 611 1886 audiendis
635 1851 772 1897 poetis.
805 1851 911 1886 SCH.
948 1870 993 1876 -
1041 1852 1328 1896 ἀσμέπιιστον,
1362 1851 1682 1886 iucundissimum.

218 1899 302 1933 Hoc
325 1898 408 1943 ipso
435 1898 618 1932 vocabulo
643 1898 791 1931 Atticus
816 1908 905 1931 usus
929 1897 1063 1933 suerat.
1106 1898 1172 1932 cfr.
1206 1897 1278 1942 Ep.
1304 1898 1384 1932 351.
1419 1897 1526 1931 SCH.
1559 1916 1604 1922 —
1648 1897 1684 1931 si

218 1944 298 1986 hic,
342 1944 465 1979 Casas.
502 1964 548 1970 —
601 1944 870 1978 consideratius
901 1954 1020 1987 cons„
1066 1942 1176 1977 einen
1209 1943 1306 1977 noch
1340 1943 1445 1977 mehr
1477 1943 1682 1977 bedachlen

217 1991 327 2025 Rath.
355 2009 398 2015 —-
442 1991 606 2035 perdite,
642 1990 809 2025 ruchlos.
836 2008 878 2015 -—
927 1994 1009 2023 ante
1032 1991 1151 2032 facta,
1182 1989 1285 2023 seine
1309 1988 1540 2033 vormaligen
1555 1989 1684 2023 Hand-

217 2036 368 2080 lungen.
393 2056 439 2063 —
485 2038 584 2071 vires
608 2037 783 2070 bonorum
809 2060 818 2069 .
835 2062 843 2071 .
865 2062 873 2071 .
897 2036 1104 2069 constantia
1128 2035 1271 2069 ironice
1296 2035 1446 2070 dictum.
1487 2036 1683 2069 Caesarem

217 2088 326 2117 acuet.
349 2094 477 2117 eorum
494 2109 504 2127 ‚
531 2082 594 2127 qui
620 2094 660 2118 se
685 2084 802 2117 bonos
829 2089 866 2116 et
889 2082 1085 2128 optimates
1110 2081 1240 2115 haberi
1253 2081 1404 2123 volunt,
1430 2081 1682 2125 imbecillitaS,

216 2129 351 2163 levitas
382 2136 419 2163 et
450 2128 707 2164 inconstantia.
758 2128 822 2163 Sic
847 2139 905 2173 ep.
926 2129 1014 2164 354:
1050 2128 1336 2161 imbecillitatem
1368 2127 1542 2160 bonorum
1580 2138 1682 2161 com-

216 2180 408 2209 memorat.
446 2175 553 2209 SCH.
607 2175 735 2218 Kurz,
778 2174 886 2209 Alles
911 2175 990 2209 Das
1013 2174 1111 2209 wird
1136 2174 1209 2208 den
1233 2173 1348 2208 casar
1372 2182 1455 2206 zum
1480 2172 1681 2208 ruchlosen

215 2221 404 2264 Betragen
430 2222 525 2255 noch
550 2222 656 2256 mehr
680 2221 890 2256 antreiben.

303 2269 341 2303 3.
374 2267 424 2301 M.
459 2267 652 2301 Postumus
685 2267 858 2311 Curtius,
907 2266 968 2301 ein
1005 2265 1234 2309 ehem-aliger
1265 2265 1395 2299 Klient
1426 2264 1493 2299 des
1529 2264 1680 2309 Cicero,

214 2313 285 2347 der
308 2324 378 2347 vor
402 2313 555 2347 mehren
581 2314 715 2347 Iahren
741 2313 805 2347 auf
834 2313 938 2347 seine
962 2312 1214 2357 Empfehlung
1240 2311 1325 2345 eine
1351 2310 1618 2345 Officierstelle
1642 2311 1682 2345 in

215 2361 351 2394 casars
374 2359 570 2402 Legionen
596 2361 763 2393 erhalten
790 2360 904 2394 hatte.
955 2358 992 2394 S.
1020 2369 1077 2402 ep.
1094 2358 1217 2401 CXL,
1250 2359 1284 2393 3.
1326 2357 1513 2401 CXLVI,
1546 2359 1602 2392 10.
1635 2376 1680 2382 -

214 2416 368 2440 currens
400 2406 448 2440 ad
479 2406 606 2448 illam,
649 2406 857 2447 Caesarem,
893 2424 936 2430 -
994 2403 1203 2447 eripiebat.
1226 2429 1235 2438 .
1256 2430 1264 2438 .
1287 2414 1428 2447 per-seq.
1465 2403 1502 2437 h.
1535 2414 1567 2438 e.
1608 2413 1680 2447 pro

214 2457 320 2486 certo
345 2451 585 2497 praedicebat
610 2451 808 2485 Caesarem
832 2450 1034 2495 Hispanias
1058 2456 1295 2494 erepturum,
1322 2449 1447 2484 Asiam
1471 2454 1542 2483 etc.
1569 2459 1681 2482 occu-

215 2504 408 2543 paturum,
432 2497 653 2543 Pompeium
679 2497 716 2531 in
741 2497 935 2532 Graeciam
960 2502 1254 2540 persecuturum.
1277 2495 1384 2530 SCH.
1412 2514 1455 2520 —-
1491 2498 1531 2528 ut
1553 2495 1677 2537 fugae.

215 2544 334 2579 Omis.
362 2549 400 2578 ut
424 2545 501 2580 Md.
532 2555 554 2578 a
577 2554 632 2589 pr.
659 2555 706 2578 m.
733 2562 776 2570 —
823 2554 868 2577 esc
891 2553 931 2577 re
955 2546 988 2576 et
1013 2553 1056 2575 ex
1081 2545 1261 2588 tempore,
1286 2541 1354 2577 der
1379 2541 1464 2576 Zeit
1488 2541 1561 2575 und
1576 2541 1680 2584 Lage

215 2590 284 2626 der
309 2589 431 2627 Sache
455 2592 611 2636 gemaSS.
