1795 3043
598 92 912 142 EPISTOLA
949 94 1163 143 CCXIII.
1549 102 1616 153 75

152 207 246 248 erat
285 206 619 248 consentaneum
659 220 754 248 cum
783 207 836 248 iis
865 207 1026 257 literis,
1069 222 1173 260 quas
1204 220 1281 263 ego
1312 209 1468 251 Romae
1497 223 1618 252 acce-

151 277 312 317 peram,
345 278 396 306 011
425 264 579 316 quibus
600 266 868 317 perspexisse
887 266 994 307 mihi
1019 266 1207 319 videbar,
1238 280 1363 319 quam
1392 268 1618 309 festinares

153 322 370 362 decedere.
431 322 643 374 Respondi
664 323 812 362 Clodio
843 336 910 363 me
940 325 1002 364 ita
1033 336 1123 364 esse
1154 326 1368 366 facturum
1401 339 1452 366 ac
1481 328 1616 366 multo

153 379 323 431 quidem
353 379 567 428 libentius,
601 392 726 431 quam
757 380 793 420 si
822 380 929 421 illud
952 383 1062 420 esset
1082 382 1337 430 faciendum,
1370 383 1482 434 quod
1519 396 1619 435 pro-

153 437 351 478 miseram
385 437 586 477 Phaniae.
663 438 811 489 ltaque
860 440 902 477 et
942 439 1168 479 consilium
1206 440 1366 480 mutavi
1405 442 1448 480 et
1489 441 1542 480 ad
1571 442 1617 480 te

151 494 297 534 statim
325 507 416 534 mea
445 507 570 534 manu
600 495 779 546 scriptas
809 495 956 535 literas
985 496 1102 536 misi:
1136 508 1241 546 quas
1271 497 1441 547 quidem
1463 510 1514 539 ex
1532 498 1618 538 tuis

153 552 290 592 literis
319 551 513 592 intellexi
544 552 645 592 satis
674 555 840 592 mature
880 553 933 593 ad
962 555 1005 593 te
1036 565 1125 593 esse
1154 554 1354 605 perlatas.
1412 555 1507 595 Hoc
1540 568 1616 608 ego
1640 552 1668 593 3

153 621 247 648 meo
278 609 390 648 sacto
419 609 542 649 valde
573 608 781 649 delector:
819 610 927 664 nihil
958 611 1071 650 enim
1101 611 1241 663 potuit
1269 611 1363 652 fieri
1394 613 1618 655 amantius,

157 666 382 705 Considera
403 663 533 706 Α1111110
570 667 761 707 vicissim
800 668 934 709 tuum.
991 667 1086 708 Nou
1116 668 1239 707 modo
1276 668 1339 708 1111
1368 681 1453 708 11011
1482 670 1619 723 fuisti,

153 721 229 762 11111
258 735 324 762 1110
354 735 479 774 quam
508 724 689 775 primum
710 724 854 765 videre
883 737 1040 777 posses,
1073 725 1145 765 sed
1176 738 1225 765 eo
1256 726 1500 774 discessisti,
1533 738 1619 778 quo

155 792 232 832 ego
263 782 304 819 te
332 792 385 819 ne
415 782 613 833 persequi
645 782 814 833 quidem
842 795 1008 834 possem
1040 783 1214 835 triginta
1243 783 1406 831 diebus,
1435 784 1509 835 qui
1539 784 1620 825 tibi

154 837 209 876 ad
238 837 525 877 decedendum
556 840 673 892 lege,
705 841 752 879 ut
782 840 947 891 opinor,
984 840 1180 880 Cornelia
1210 841 1430 880 constituti
1460 844 1618 882 essent:

154 896 202 933 ut
232 896 351 933 tuum
384 896 544 935 factum
574 897 638 944 iis,
671 897 757 948 qui,
792 909 876 948 quo
906 897 1046 937 animo
1077 898 1190 937 inter
1218 910 1295 937 1105
1326 899 1466 946 51111115,
1499 899 1619 952 igno-

153 953 263 1000 rent,
295 953 426 992 alieni
456 954 665 1000 hominis,
696 956 744 994 ut
774 954 989 995 lenissime
1019 955 1182 1002 (licam,
1217 957 1257 994 et
1286 956 1487 1007 fugientis
1519 968 1620 996 con·

152 1020 367 1060 gressum,
409 1022 548 1050 meum
578 1023 678 1051 vero
710 1012 1043 1052 coniunctissimi
1084 1017 1126 1052 et
1155 1012 1399 1052 amicissimi
1440 1026 1530 1053 esse
1558 1013 1619 1054 vi-

155 1065 317 1106 deatur.
378 1067 440 1107 Ac
480 1068 585 1108 mihi
623 1072 760 1108 tamen
800 1071 920 1115 ante,
966 1082 1091 1120 quam
1129 1070 1172 1108 in
1214 1070 1476 1121 provinciam
1506 1070 1620 1123 veni,
1643 1064 1672 1103 4

154 1123 344 1163 redditae
375 1127 471 1164 sunt
501 1139 525 1166 a
554 1127 596 1165 te
626 1127 799 1168 literaet
831 1125 983 1178 quibus
1014 1127 1094 1166 etsi
1124 1128 1165 1166 te
1194 1127 1371 1167 Tarsum
1401 1126 1620 1179 proficisci

156 1179 493 1234 demonstrabas,
532 1183 672 1224 tamen
711 1184 816 1223 mihi
854 1197 937 1223 non
979 1184 1151 1224 dubiam
1190 1197 1307 1236 spem
1347 1185 1431 1224 mei
1468 1197 1620 1225 conve-

156 1238 302 1277 niendi
342 1237 568 1279 afferebas:
608 1253 738 1292 quum
777 1242 960 1289 interea,
1003 1241 1129 1281 credo
1170 1242 1389 1294 equidem,
1420 1242 1621 1282 malevoli

157 1294 372 1342 homines,
409 1318 468 1324 ——
505 1298 590 1336 lat-e
630 1299 743 1336 enim
773 1300 889 1350 patet
927 1299 1009 1338 hoc
1050 1299 1204 1339 vitium
1235 1302 1276 1338 et
1306 1302 1369 1338 est
1399 1299 1443 1340 in
1473 1299 1621 1339 multis

157 1373 216 1380 -—
245 1352 316 1391 sed
355 1354 493 1392 tamen
525 1353 789 1404 probabilem
818 1355 1035 1395 materiem
1071 1356 1186 1395 nacti
1218 1357 1444 1404 sermonis,
1482 1356 1621 1408 ignari

158 1420 276 1448 meae
297 1411 573 1461 constantiae,
595 1411 856 1451 conabantur
878 1413 1064 1453 alienare
1089 1426 1113 1452 a
1135 1415 1175 1452 te
1188 1414 1450 1452 voluntatem
1471 1426 1620 1453 meam:

159 1466 233 1515 qui
264 1467 305 1504 te
334 1467 471 1506 forum
500 1468 622 1508 Tarsi
652 1481 798 1521 agere,
831 1470 1015 1509 statuere
1046 1471 1203 1517 multa,
1235 1470 1482 1517 decernere,
1514 1471 1623 1511 iudi·

158 1565 464 1609 beschlennigen.
489 1585 534 1591 —-
560 1577 640 1599 cnm
663 1567 724 1600 iis.
750 1567 827 1601 Md.
854 1568 954 1602 Vict.
981 1568 1014 1602 2.
1042 1579 1122 1601 cum
1146 1568 1204 1602 his
1230 1570 1360 1604 literis
1389 1589 1431 1595 ——
1457 1582 1567 1615 quam
1591 1573 1619 1614 Γ.

160 1623 206 1644 ·::
230 1612 303 1645 wie
327 1612 414 1645 sehr
439 1613 501 1646 Du
527 1613 745 1657 abzngehen
772 1614 909 1648 eiltest.
935 1633 980 1640 ——
1011 1624 1056 1648 ea:
1081 1615 1152 1648 tuis
1178 1616 1312 1650 literis.
1340 1616 1445 1651 omis.
1481 1617 1619 1652 literis.

155 1657 274 1702 Neap.
298 1659 426 1692 Lamb.

248 1706 282 1739 3.
331 1705 398 1739 ibi.
426 1704 666 1748 Mart.-Lag.
703 1704 792 1739 sch.
819 1705 915 1740 Liin.
940 1709 979 1738 tu
1003 1706 1058 1740 ibi
1081 1712 1211 1740 contra
1235 1707 1314 1742 Md.
1346 1709 1510 1743 niimlich
1534 1719 1621 1754 „zu

157 1749 372 1785 Laodicea‘<
396 1771 440 1776 —
466 1752 680 1795 discessisti,
705 1752 768 1786 Du
794 1752 874 1786 hast
891 1753 992 1786 Dich
1013 1754 1339 1797 zuriickgezogen.
1367 1774 1410 1778 —
1435 1767 1497 1799 eo,
1536 1767 1619 1800 quo.

159 1795 199 1831 S.
226 1797 416 1841 Ramsh.§.
433 1799 512 1832 203.
540 1798 610 1841 IV,
635 1799 671 1840 4,
697 1800 728 1832 l.
755 1810 788 1832 a.
815 1818 858 1823 —-
880 1799 1050 1843 persequi
1073 1812 1119 1833 Ξ
1144 1800 1331 1834 einholen.
1358 1820 1401 1825 —
1429 1802 1618 1836 Cornelia.

160 1844 264 1881 Quae
289 1844 353 1877 lex
385 1845 430 1878 L.
458 1844 586 1879 Sullae
613 1844 807 1878 dictatoris
833 1846 1063 1879 concedebat
1087 1847 1299 1880 rectoribus
1326 1848 1620 1893 provinciarum,

159 1896 202 1923 ut
226 1901 293 1934 per
319 1891 473 1933 triginta
498 1891 578 1924 dies
604 1898 688 1935 post
714 1892 940 1926 successoris
975 1893 1170 1926 adventum
1197 1893 1235 1926 111
1260 1894 1456 1938 provincia
1480 1896 1620 1929 morari

158 1942 325 1981 possent.
351 1937 558 1971 MANUT.
584 1957 628 1962 -
665 1943 798 1971 essent.-
832 1943 870 1972 ἀἱ
904 1938 928 1973 1.
956 1950 988 1973 e.
1016 1939 1068 1972 ita
1093 1946 1152 1981 ut,
1185 1951 1225 1973 so
1252 1941 1347 1974 dass.
1373 1960 1418 1966 —
1443 1942 1505 1975 z'z’S.
1556 1942 1621 1976 Sic

160 1983 347 2027 supplevi.
382 1984 463 2017 illis
503 1984 590 2018 Ald.
626 1985 726 2018 Crat.
764 1985 869 2021 Vict.
895 1985 930 2019 2.
966 1986 1215 2020 Lamb.E1·n.
1255 1988 1495 2032 Mart.-Lag.
1531 1987 1620 2023 Sch.

159 2029 256 2063 Liin.
284 2030 389 2064 omis.
417 2031 466 2063 iis
491 2031 569 2065 Md.
598 2031 702 2066 Vict.
731 2033 761 2064 1.
791 2032 926 2065 Graev.
953 2032 1095 2066 Bened.
1122 2033 1272 2066 Rostz‘zts
1297 2034 1398 2077 Spec.
1427 2037 1458 2078 l,
1486 2036 1543 2069 10.
1570 2035 1622 2068 iis

159 2076 371 2121 ponendum
389 2078 563 2111 censebat
585 2085 668 2110 ante
687 2089 720 2111 v.
741 2078 867 2111 alieni.
882 2078 957 2112 OR.
984 2098 1028 2103 --
1049 2080 1234 2121 ignorent.
1264 2078 1328 2114 Sic
1353 2081 1429 2114 Md.
1460 2081 1563 2116 Vict.
1585 2082 1619 2115 1.

159 2123 339 2164 ‘ignorant
375 2124 514 2158 Ceteri.
548 2143 592 2148 --
617 2125 750 2167 alieni,
783 2125 1044 2169 abgeneigten.
1073 2144 1117 2149 —
1154 2126 1350 2171 lenissime.
1394 2126 1458 2161 Sic
1489 2128 1621 2161 Mart.-

159 2168 253 2212 Lag.
282 2169 377 2203 coni.
405 2169 602 2204 SenLnn.
630 2171 812 2203 levissime
848 2172 973 2205 Ceteri
1002 2183 1082 2205 cum
1100 2172 1176 2205 Md.
1203 2191 1246 2196 —
1271 2173 1452 2215 fugientis
1477 2184 1622 2217 congr„

161 2215 226 2249 das
249 2215 462 2248 Benelnnen
489 2217 590 2250 eines
617 2218 791 2258 Manuos,
825 2217 892 2250 der
918 2218 1023 2252 einer
1047 2219 1374 2253 Zusammenkunft
1399 2221 1620 2254 ausweicht.

161 2279 206 2286 -—-
230 2262 336 2295 amic.
369 2263 500 2306 Margo
521 2264 618 2297 Crat.
646 2264 903 2298 amantissimi.

252 2308 287 2340 4.
336 2309 428 2342 veni.
477 2309 543 2344 Sic
582 2310 659 2344 Md.
700 2310 803 2345 Vict.
839 2312 870 2344 l.
906 2310 940 2344 2.
983 2311 1144 2343 venirem
1185 2311 1283 2345 Cett.
1323 2312 1501 2345 venissem
1540 2312 1620 2346 Md.

162 2352 402 2395 Maru—Lag.
440 2374 485 2381 -
527 2357 599 2390 mei
638 2357 896 2399 conveniendi,
943 2366 989 2390 zu
1032 2358 1136 2390 einer
1178 2358 1505 2391 Zusammenkunst
1555 2358 1623 2391 mit

162 2399 246 2433 mir.
296 2399 334 2433 S.
378 2401 523 2436 Ramsh.
564 2403 593 2445 §.
631 2405 721 2439 159.
759 2404 796 2437 2.
850 2404 993 2437 Grotef.
1033 2405 1062 2447 §.
1102 2405 1181 2438 318.
1232 2404 1359 2437 Ueber
1397 2406 1553 2438 'saw-mm
1589 2415 1619 2438 s.

162 2455 209 2478 zu
242 2456 299 2488 ep.
329 2446 508 2490 CCVIII,
539 2449 573 2482 4.
611 2468 656 2475 -
691 2453 723 2482 el
760 2453 811 2482 est
847 2450 886 2483 in
910 2450 1047 2493 multis,
1080 2450 1157 2484 Md.
1185 2450 1288 2485 Vict.
1316 2452 1347 2484 1.
1381 2455 1414 2484 et
1447 2455 1498 2483 est
1524 2451 1623 2484 enim

162 2493 203 2524 in
234 2492 373 2525 multis.
410 2493 602 2528 fortasse:
639 2499 671 2528 el
704 2496 797 2529 inest
835 2497 875 2530 in
908 2497 1044 2530 multis.
1095 2496 1290 2530 ORELLI.
1324 2516 1370 2521 -—
1403 2498 1466 2530 sed
1502 2500 1622 2529 tamen

162 2549 209 2570 :z
239 2539 405 2570 verstvln.
439 2540 517 2572 sich
550 2540 703 2584 iedoch,
746 2543 951 2585 allerdings
986 2543 1096 2581 aber,
1140 2543 1229 2576 weil
1270 2542 1325 2576 sie
1369 2543 1476 2576 einen
1517 2543 1622 2576 nicht

162 2585 575 2619 unwahrscheinlichen
618 2588 747 2621 Grund
786 2599 832 2623 zu
879 2589 1045 2623 solchem
1086 2588 1235 2622 Gerede
1268 2588 1445 2622 erwischt
1478 2589 1620 2625 hatten.

161 2629 201 2663 S.
242 2631 391 2664 Rainsh.
436 2633 463 2675 §.
499 2633 587 2675 206,
628 2634 678 2674 B,
718 2636 772 2669 ss*.
807 2636 840 2669 2.
888 2645 922 2669 u.
967 2637 1051 2675 181,
1094 2635 1148 2677 B,
1192 2636 1222 2668 l.
1278 2635 1421 2668 Grotof.
1466 2636 1495 2678 §.
1536 2637 1619 2670 361.

163 2676 297 2720 Zumpt
331 2678 359 2720 §.
396 2680 473 2712 736.
505 2698 549 2704 --
580 2684 716 2723 const„
750 2681 1035 2725 Besffindigkeit
1076 2681 1112 2715 in
1149 2680 1217 2714 der
1241 2681 1540 2718 {Fi-oundscnaft.
1574 2699 1621 2708 —-·

162 2723 295 2756 colunt.
328 2735 375 2756 m.
410 2731 498 2757 stalt
532 2737 600 2759 1110.
651 2728 688 2760 S.
728 2728 878 2761 Ranish.
912 2729 938 2771 §.
973 2729 1052 2768 203,
1086 2729 1119 2768 7,
1153 2728 1189 2767 b,
1215 2729 1250 2762 3.
1277 2746 1321 2752 —
1353 2730 1474 2770 forum
1508 2739 1621 2769 agere

162 2775 255 2812 cet„
288 2770 372 2803 dass·
407 2771 468 2804 Du
496 2773 589 2804 noch
615 2773 831 2808 sornam-est
857 2774 894 2808 in
921 2774 1060 2808 Tarsus
1094 2773 1251 2808 (im-ient
1276 2784 1321 2808 zu
1348 2775 1491 2817 halten,
1519 2776 1620 2809 *Ver-
