1795 3043
207 25 309 72 200
489 21 554 67 Μ.
576 21 630 66 Τ.
654 20 996 68 CICERONIS
1030 22 1404 71 EPISTOLAE.
1744 0 1785 131 sl

212 133 374 173 Parthi.
430 133 713 185 Exspectatur
739 134 829 186 ipse
860 135 1029 175 Orodes.
1087 136 1195 184 Quid
1224 135 1423 187 quaeris?
1474 136 1676 188 Aliquan·
1780 138 1784 154 ¹

135 193 191 235 15
213 191 303 230 tum
334 192 396 230 est
425 192 595 242 negotii.
652 191 717 230 De
736 192 879 232 Bibuli
909 193 1046 232 edicto
1078 193 1187 233 nihil
1216 193 1330 240 novi,
1362 195 1529 244 praeter
1555 194 1676 234 illam

214 247 520 299 exceptionem,
551 248 602 287 de
630 260 715 299 qua
744 250 789 288 tu
819 249 869 288 ad
898 262 964 289 me
985 251 1228 302 scripseras,
1258 253 1383 290 nimis
1400 255 1530 304 gravi
1547 266 1674 302 prae-

214 307 369 345 iudicio
399 308 442 343 in
474 306 662 345 ordinem
692 314 899 346 nostrum.
960 307 1049 357 Ego
1075 311 1211 357 tamen
1242 306 1378 346 habeo
1409 308 1674 355 ἰσοδυναμοῦ-

215 374 314 411 σαν,
353 361 423 400 sed
461 362 706 414 tectiorem,
744 376 794 403 ex
834 365 880 411 Q.
912 363 1069 411 Mucii,
1112 364 1158 404 P.
1182 364 1253 411 F„
1297 363 1434 403 edicto
1474 363 1667 415 Asiatico,

216 419 423 458 EA'TRA
462 420 632 467 QUAM
664 422 727 460 SI
758 421 862 460 ITA
903 422 1229 463 NEC-OTIUM
1268 422 1518 461 GESTUM
1542 423 1665 467 EST,

225 477 302 514 ΕΤ
334 476 419 514 ΕΟ
459 475 643 515 STARI
678 478 800 516 NON
842 478 1165 517 OPORTEAT
1190 479 1282 516 EX
1306 478 1454 516 FIDE
1485 477 1666 518 BONA.-

215 532 428 582 multaque
457 544 548 570 sum
579 536 746 572 secutus
778 533 1007 573 Scaevolae
1018 549 1030 583 3
1070 534 1113 573 in
1149 534 1202 573 iis
1239 533 1369 585 illud,
1408 533 1453 573 in
1482 546 1565 585 quo
1595 532 1672 573 sibi

215 588 455 628 libertatem
487 592 658 629 censent
679 590 833 629 Graeci
863 590 1013 637 datam,
1045 592 1090 630 ut
1114 591 1268 631 Graeci
1297 591 1411 630 inter
1440 603 1484 631 se
1515 591 1673 641 discep-

217 647 307 685 tent
337 645 422 685 suis
452 645 629 697 legibus.
688 646 823 686 Breve
862 650 1003 687 autem
1041 648 1225 687 edictum
1268 650 1330 687 est
1360 650 1536 700 propter
1564 649 1671 687 hanc

216 715 349 743 meam
388 702 601 752 διαίρεσιν,
640 703 752 753 quod
781 703 941 743 duobus
970 705 1193 756 generibus
1233 705 1481 745 edicendum
1511 703 1672 756 putavi:

217 771 395 810 quorum
423 772 553 798 unum
583 762 644 799 est
672 760 953 812 provinciale,
994 761 1038 800 in
1069 774 1152 813 quo
1182 764 1245 801 est
1273 762 1324 801 de
1353 761 1584 802 rationibus
1613 760 1672 800 ci-

217 816 407 862 vitatum,
439 815 490 854 de
521 828 618 855 aere
648 817 802 865 alieno,
834 817 886 857 de
907 829 1056 866 usura,
1089 819 1139 858 de
1170 819 1438 871 syngraphis3
1468 819 1511 858 in
1529 817 1673 857 eodem

218 874 361 913 omnia
392 872 443 912 de
473 873 736 924 publicanis:
778 876 974 922 alterum,
1005 876 1116 926 quod
1146 877 1235 915 sine
1266 876 1404 916 edicto
1435 876 1533 916 satis
1563 885 1674 914 com-

216 930 339 970 mode
368 931 546 982 transigi
575 943 658 970 non
686 932 838 983 potest,
869 932 920 971 de
950 932 1224 973 hereditatum
1253 930 1592 984 possessionibus,
1622 930 1674 970 de

217 987 337 1026 bonis
367 988 651 1039 possidendis,
689 989 898 1041 magistris
927 989 1153 1036 faciendis,
1192 990 1418 1030 vendendis
1430 1003 1443 1038 3
1484 1000 1592 1039 quae
1622 999 1674 1027 ex

218 1044 357 1083 edicto
384 1046 425 1084 et
454 1045 659 1095 postulari
688 1047 729 1084 et
758 1045 852 1085 fieri
872 1047 1020 1085 solent.
1076 1047 1280 1094 Tertium,
1313 1047 1364 1086 de
1393 1045 1553 1096 reliquo
1582 1045 1676 1084 iure

218 1101 424 1148 dicunda,
455 1100 645 1151 ἄγραφον
673 1103 842 1154 reliqui.
900 1103 999 1143 Dixi
1037 1115 1104 1143 me
1144 1104 1194 1143 de
1225 1116 1276 1143 eo
1306 1115 1456 1156 genere
1486 1114 1578 1142 mea
1607 1101 1678 1141 de-

218 1212 308 1247 Vid.
335 1223 394 1256 ep.
415 1213 520 1253 CCL,
535 1212 570 1245 2.
589 1230 633 1236 —
683 1211 777 1247 Quid
802 1213 955 1254 quam-..²
989 1212 1088 1256 Aliq.
1116 1223 1143 1246 e.
1172 1223 1276 1255 neg„
1304 1224 1342 1246 es
1367 1212 1415 1245 ist
1440 1212 1537 1244 ohne
1555 1211 1677 1256 Frage

218 1258 279 1292 ein
305 1258 519 1291 ziemlichvs
545 1257 662 1291 Stuck
686 1258 836 1300 Arbeit,
864 1258 948 1291 eine
973 1258 1144 1291 ziemlich
1170 1259 1336 1291 scllwere
1360 1258 1539 1301 Aufgabe.

311 1305 365 1337 15.
405 1303 499 1336 nihil
528 1304 613 1336 ‘novi
645 1303 681 1336 in
716 1315 759 1337 eo
792 1310 849 1337 est
881 1312 1031 1348 praeter
1066 1304 1167 1337 illam
1202 1304 1474 1348 exceptionem.
1525 1302 1677 1336 Dictum

217 1355 273 1382 est
305 1351 349 1383 ad
384 1349 634 1384 excusandum
667 1349 856 1383 Bibulum.
882 1369 922 1374 —
967 1350 1208 1393 exceptionem
1233 1350 1434 1393 (Clausen,
1470 1360 1564 1392 quae
1599 1355 1678 1383 erat

218 1407 267 1429 ex
292 1396 580 1440 provincialium
607 1396 799 1429 commodo
832 1402 962 1429 contra
986 1396 1206 1440 publicanos
1232 1397 1257 1430 i.
1283 1407 1314 1430 e.
1349 1402 1478 1429 contra
1509 1395 1680 1429 ordinem

218 1449 439 1484 equestrem.
475 1443 566 1476 Nam
586 1442 776 1486 publicani
800 1453 926 1475 omnes
948 1442 1107 1486 equites.
1134 1442 1339 1476 MANUT.
1356 1461 1398 1466 —
1432 1442 1543 1475 nimis
1569 1452 1678 1483 grav.

218 1495 312 1526 cet.‚
345 1489 400 1522 sie
427 1499 559 1532 errege
585 1489 644 1522 ein
670 1499 735 1532 gar
762 1499 807 1521 zu
833 1500 984 1531 grosses
1011 1489 1232 1523 Vorurtheil
1257 1499 1376 1532 gegen
1404 1499 1540 1522 unsern
1565 1487 1682 1522 Stand

221 1535 500 1578 (Ritterstand).
528 1553 570 1559 —
619 1535 793 1570 ῖσοδυυ.
829 1534 1146 1579 aequipollentem
1180 1535 1261 1568 scil.
1304 1534 1579 1579 exceptionem,
1618 1534 1680 1567 die

219 1580 580 1624 gleichbedeutende
617 1580 779 1615 Clausel.
804 1599 847 1604 -—
897 1581 936 1615 Q.
962 1581 1114 1614 Mucius
1152 1580 1334 1615 Scaevola
1366 1580 1406 1614 P.
1435 1581 1476 1615 F.
1508 1579 1682 1625 pontifex

219 1626 401 1661 maximus
427 1638 463 1660 u.
488 1627 536 1660 im
563 1627 765 1660 consulate
790 1627 857 1660 659
883 1627 1039 1669 College
1066 1627 1130 1660 des
1156 1627 1199 1661 L.
1222 1627 1389 1669 Crassus,
1415 1637 1493 1661 war
1518 1627 1682 1659 nachher

220 1673 435 1708 Proconsul
465 1672 501 1705 in
527 1673 655 1707 Asien.
695 1672 734 1706 S.
762 1673 807 1706 ad
833 1673 943 1706 Attic.
971 1674 1021 1714 V,
1040 1675 1091 1707 17.
1126 1673 1228 1707 Orat.
1255 1673 1290 1706 in
1315 1673 1426 1708 Verr.
1454 1684 1524 1717 pro
1550 1673 1680 1708 Plane.

220 1725 307 1753 cett.
344 1720 398 1753 Er
421 1719 524 1752 ward
555 1720 614 1752 aut
639 1719 774 1752 Befehl
806 1718 871 1753 des
897 1719 1057 1753 consuls
1090 1719 1129 1753 C.
1154 1719 1295 1753 Marius
1327 1719 1506 1762 getodtet.
1550 1719 1681 1754 Publii

220 1766 321 1799 filius
345 1764 441 1798 wird
467 1776 509 1798 er
533 1765 615 1799 hier
639 1770 817 1809 genannt,
850 1776 908 1798 um
934 1765 997 1798 11111
1022 1776 1092 1798 von
1121 1765 1162 1800 Q.
1183 1765 1329 1800 Mucius
1355 1764 1536 1799 Scaevola
1563 1765 1605 1800 Q.
1624 1765 1681 1808 F„

222 1812 305 1844 dem
336 1811 516 1853 Iuristen‚
553 1813 684 1855 Augur
716 1811 790 1844 und
816 1811 955 1845 Consul
990 1811 1055 1845 des
1082 1812 1185 1845 Iahrs
1204 1813 1269 1846 637
1301 1821 1346 1844 zu
1380 1811 1678 1845 unterscheiden.

221 1858 356 1891 Cicero
383 1858 429 1891 de
445 1858 567 1900 Orat„
585 1859 615 1900 Ι,
632 1860 673 1892 17
698 1858 801 1891 fiihrt
825 1857 887 1890 11111
915 1857 1053 1891 redend
1075 1858 1203 1892 ein.—
1233 1857 1409 1891 EXTRA
1436 1884 1444 1891 .
1462 1883 1495 1891 ..
1524 1857 1682 1900 BONA,

221 1904 365 1937 wofern
391 1903 452 1937 ein
474 1904 651 1937 Geschiist
675 1914 716 1937 so
742 1910 939 1947 vertragen
963 1904 1120 1937 worden
1146 1906 1259 1946 ware,
1286 1904 1369 1936 dass
1394 1915 1433 1937 es
1459 1904 1684 1947 gesetzmas-

221 1950 279 1992 sig
314 1949 417 1983 nicht
452 1950 632 1983 bestehen
666 1949 826 1991 1111111110,
869 1962 909 1984 so
945 1951 1056 1983 sollte
1088 1961 1127 1984 es
1162 1951 1253 1983 nach
1279 1950 1381 1983 Treu
1413 1950 1487 1983 und
1513 1950 1684 1983 Glauben

220 1996 486 2041 ausgeglichen
513 1997 677 2030 werden.
727 2001 830 2030 extra
855 2008 959 2040 quam
985 1996 1150 2029 solennis
1186 1996 1343 2030 formula
1377 1995 1414 2028 in
1450 1995 1686 2040 exceptioni-

220 2043 303 2075 bus.
344 2036 561 2076 SCHUTZ.
589 2061 634 2066 —
674 2043 804 2076 tectior
844 2043 936 2077 haec
966 2042 1160 2078 Ciceronis
1199 2041 1394 2086 exeeptiO,
1437 2042 1525 2084 quia
1560 2052 1683 2084 neque

221 2087 413 2133 pactiones
439 2100 559 2131 neque
586 2089 687 2122 aliud
713 2088 913 2133 quidquam
941 2088 1168 2132 nominatim,
1195 2089 1259 2122 sed
1274 2089 1421 2132 γενικῶς
1442 2087 1565 2121 01111113
1583 2099 1683 2120 00111-

221 2134 358 2179 plexus
384 2140 451 2168 est.
499 2136 660 2169 Bibulus
686 2142 805 2168 autem
832 2136 877 2169 de
903 2135 1136 2180 pactionibus
1162 2139 1420 2179 expresserat,
1446 2133 1550 2177 gravi
1575 2145 1685 2178 prae-

221 2179 363 2214 iudicio
389 2180 426 2214 in
453 2181 621 2214 ordinem
647 2188 869 2225 equestrem.
919 2183 1009 2215 Nam
1042 2182 1073 2215 si
1105 2181 1296 2225 pactiones
1329 2190 1401 2212 non
1434 2187 1684 2223 servarentur,

221 2237 393 2270 magnum
419 2226 455 2260 111
482 2239 526 2260 00
555 2227 723 2261 damnum
748 2228 938 2273 publicani
964 2230 1137 2262 facerent.
1163 2225 1370 2261 MANUT.
1391 2245 1434 2250 ——
1468 2227 1682 2270 disceptare,

223 2273 328 2306 scine
353 2272 639 2316 Streitigkeiten
664 2275 896 2309 ausmachen.
914 2293 958 2299 —
1006 2275 1251 2320 διαίρεσιν,
1279 2271 1598 2311 distributionem,
1626 2272 1683 2306 di-

224 2319 418 2353 visionem.
437 2338 479 2343 —
517 2320 620 2353 duob.
647 2330 770 2361 gener.
787 2347 797 2363 ,
833 2321 869 2353 in
902 2319 996 2354 zwei
1024 2319 1314 2363 Hauptstiicken.
1333 2337 1377 2342 —
1409 2319 1596 2362 provinc„
1624 2318 1685 2351 die

223 2364 570 2409 Angelegenheiten
597 2365 664 2398 der
679 2366 845 2400 Provinz
870 2366 1090 2400 beu-effend.
1106 2384 1150 2390 -—
1187 2367 1229 2398 de
1257 2369 1347 2406 rat.‚
1375 2366 1465 2398 iiber
1490 2365 1551 2399 die
1563 2365 1685 2399 Rech-

225 2422 387 2455 nungen.
407 2430 449 2436 —-
485 2412 667 2455 transigi,
700 2412 920 2445 ver‘handelt
952 2412 1126 2454 werden,
1160 2422 1201 2445 so
1237 2411 1321 2444 dass
1354 2410 1415 2444 die
1447 2410 1684 2445 Streitenden

225 2457 472 2491 auseinander
497 2457 680 2490 kommen.
701 2477 743 2482 -—
772 2470 892 2502 poss,
919 2458 1350 2500 Besitznehmungen.—-
1383 2457 1577 2499 magistris
1602 2467 1687 2490 auc-

228 2503 369 2537 tionum
395 2503 595 2546 faciendiS,
623 2505 716 2537 iiber
740 2504 802 2538 die
826 2505 1047 2546 Bestellung
1073 2514 1144 2536 von
1162 2505 1367 2538 Curatoren
1393 2504 1461 2537 der
1475 2505 1600 2537 Masse
1625 2502 1685 2536 bei

227 2549 465 2592 Verkaufen,
492 2550 849 2595 Versteigerungen.
883 2551 1086 2583 vendendis,
1104 2551 1230 2583 Lamb.
1255 2549 1340 2584 Sch.
1361 2551 1455 2584 Liin.
1481 2549 1687 2587 vendendis,

226 2596 422 2638 magistris
452 2597 639 2638 faciendis.
689 2596 781 2630 Nam
807 2596 962 2639 primum
990 2597 1191 2640 proconsul
1218 2596 1398 2638 decernit,
1424 2601 1464 2629 ut
1489 2606 1537 2628 ex
1563 2595 1687 2628 edicto

227 2653 248 2674 a
265 2642 519 2676 creditoribus
539 2643 798 2687 possideantur
815 2644 911 2676 bona
928 2642 1158 2684 debitorum,
1191 2642 1324 2676 deinde
1349 2648 1388 2675 ut
1413 2652 1539 2675 eorum
1564 2641 1685 2674 auctio

228 2688 308 2730 fiat,-
336 2688 497 2732 denique
524 2689 691 2733 magistri
716 2688 926 2723 auctionum
954 2688 1237 2722 constituuntur.
1265 2688 1429 2723 SCH.-
1453 2687 1680 2735 ἄγραφον,
