1795 3043
529 34 842 85 EPISTOLA
876 34 1118 85 cchrv.
1456 45 1555 94 169

0 152 2 203 ζ
99 147 208 193 veni.
267 148 418 192 Cetera
444 149 529 191 iam
555 149 637 191 tibi
665 151 770 191 nota
797 150 905 190 sunt.
962 151 1028 192 An
1059 163 1136 204 ego
1164 148 1246 192 tibi
1274 150 1442 192 obviam
1468 165 1553 193 non

0 214 1 222 ¹
95 207 340 260 prodirem?
389 209 595 260 primum,
631 208 770 260 Appio
810 206 1017 248 Claudio?
1067 209 1239 262 deinde,
1279 209 1554 263 imperatori?

96 264 271 314 deinde,
303 278 419 307 more
447 265 683 306 maiorum?
730 264 902 311 deinde,
942 265 1053 315 quod
1091 267 1220 317 caput
1260 269 1343 315 est,
1385 267 1553 307 amico?

96 337 223 376 quum
252 323 295 362 in
325 323 405 363 isto
434 334 587 375 genere
617 323 748 362 multo
779 321 906 361 etiam
935 322 1195 363 ambitiosius
1217 324 1357 364 facere
1379 326 1551 374 soleam,

95 391 222 429 quam
251 380 382 421 honos
409 392 526 419 meus
556 380 598 418 et
627 378 805 431 dignitas
833 380 1034 430 postulat.
1085 380 1167 419 Sed
1197 381 1303 421 haec
1333 382 1550 422 hactenus.

95 435 210 476 Illud
238 436 350 477 idem
378 436 585 477 Pausania
616 436 805 482 dicebat,
838 437 879 475 te
910 435 1082 476 dixisse:
1125 437 1343 484 „Quidnit’
1382 437 1549 491 Appius
1572 449 1602 493 5

95 493 302 542 Lentulo,
344 495 546 533 Lentulus
575 492 716 545 Appio
752 493 959 544 processit
997 493 1183 534 obviam:
1226 495 1373 535 Cicero
1409 497 1549 548 Appio

94 550 286 592 n0111it3”
323 551 498 599 Quaeso,
515 551 698 590 etiamne
728 551 774 589 tu
803 550 880 589 has
908 550 1101 602 ineptias,
1132 551 1257 590 homo
1275 565 1438 592 —mea
1460 566 1551 593 sen·

93 608 227 649 tentia
255 630 312 637 -
340 621 498 648 summa
527 606 774 659 prudentia,
806 608 937 646 multa
967 607 1091 647 etiam
1120 608 1336 661 doctrina,
1366 610 1550 661 plurimo

93 677 236 706 rerum
267 678 364 714 usu,
405 665 510 705 addo
541 664 843 716 urbanitatem,
887 676 995 715 quae
1033 667 1095 704 est
1132 666 1289 713 virtus,
1329 668 1377 706 ut
1415 667 1550 707 Stoici

94 722 328 763 rectissime
363 724 538 775 putant,
579 723 711 761 ullam
744 722 1012 774 Appietatem
1052 723 1125 762 aut
1155 723 1451 763 Lentulitatem
1480 738 1550 764 va-

92 778 183 819 lere
222 778 332 832 apud
375 792 442 819 me
483 780 600 831 plus,
643 791 767 829 quam
807 780 1054 819 ornamenta
1089 780 1259 820 virtutis
1301 781 1549 821 existimas?

93 835 229 884 Quum
260 849 307 877 ea
337 838 586 877 consecutus
614 836 800 876 nondum
823 848 951 886 eram,
981 848 1089 887 quae
1110 839 1205 877 sunt
1228 838 1442 877 hominum
1461 838 1551 890 opi-

92 892 290 934 nionibus
331 894 612 946 amplissima,
654 896 794 933 tamen
830 893 911 933 ista
947 895 1086 934 vestra
1130 894 1298 935 nomina
1335 908 1549 946 nunquam

91 962 184 989 sum
213 951 461 992 admiratus:
490 951 603 992 viros
633 963 717 999 eos,
750 951 823 1001 qui
854 962 903 990 ea
931 948 1049 990 vobis
1066 951 1347 1002 reliquissent,
1378 965 1550 1005 magnos

90 1006 343 1050 arbitrabar.
401 1009 552 1049 Postea
581 1020 695 1058 vero,
724 1020 849 1058 quam
876 1008 936 1047 ita
966 1009 1008 1046 et
1037 1008 1134 1058 cepi
1164 1010 1205 1047 et
1235 1009 1344 1060 gessi
1366 1011 1550 1049 maxima

90 1063 289 1116 imperia,
321 1066 367 1104 ut
394 1066 499 1105 mihi
527 1066 635 1105 nihil
664 1077 801 1116 neque
831 1064 883 1104 ad
913 1065 1116 1104 honorem
1142 1077 1280 1116 neque
1299 1066 1351 1105 ad
1371 1067 1549 1119 gloriam

90 1122 391 1172 acquirendum
427 1124 643 1175 putarem,
691 1121 951 1174 superiorem
993 1122 1164 1172 quidem
1199 1135 1436 1175 nunquam,
1477 1123 1549 1164 sed

89 1270 124 1302 1.
142 1270 174 1303 6.
192 1270 245 1303 10.
272 1269 567 1309 CCXXXVIIL
588 1270 621 1304 2.
669 1270 730 1305 Da
754 1279 827 1302 nun
851 1268 985 1302 Cicero
1011 1279 1057 1302 zu
1081 1269 1249 1303 Iconium
1275 1269 1354 1304 sich
1379 1271 1437 1304 bis
1464 1282 1548 1305 zum

86 1316 133 1350 30
151 1317 298 1357 August
323 1315 494 1359 aushielt3
530 1327 572 1349 so
605 1326 702 1349 muss
728 1314 876 1358 Appius
911 1315 948 1348 in
980 1315 1103 1348 dieser
1136 1316 1220 1349 Zeit
1253 1316 1355 1350 seine
1387 1317 1548 1351 Abreise

89 1361 183 1394 nach
208 1361 302 1394 Rom
329 1369 545 1404 angetreten
570 1362 688 1395 haben
721 1361 795 1393 und
825 1371 894 1394 vor
919 1360 1082 1394 Cicero’s
1107 1361 1231 1405 Lagei·
1256 1362 1317 1396 bei
1343 1370 1549 1405 genannter

90 1406 198 1441 Stadt
222 1407 384 1440 101111)οῑ
409 1408 525 1451 geeilt
549 1408 647 1450 sein,
683 1407 779 1439 ohne
814 1407 954 1440 diesem
981 1407 1089 1440 einen
1120 1408 1268 1442 Besuch
1305 1409 1548 1444 abzustatten.

89 1452 270 1495 Kluglich
295 1453 383 1486 aber
408 1454 523 1486 schob
550 1464 590 1486 er
610 1453 699 1486 ietzt
723 1452 784 1486 die
798 1452 952 1495 Schuld,
979 1453 1064 1487 dass
1090 1464 1131 1486 er
1155 1454 1222 1486 mit
1240 1455 1315 1487 ihm
1335 1456 1428 1489 auch
1445 1456 1550 1490 nieht

89 1499 250 1532 einmahl
276 1499 373 1532 beim
397 1500 577 1542 Abgange
609 1509 673 1532 aus
704 1498 772 1531 der
797 1498 960 1532 Provinz
996 1509 1206 1532 zusammen
1230 1500 1452 1544 gekommen
1477 1502 1548 1547 sei,

89 1545 157 1578 auf
177 1545 247 1578 den
273 1545 539 1588 unschuldigen
564 1545 810 1588 Nachsolger,
843 1544 911 1577 der
935 1555 991 1577 am
1017 1547 1037 1579 7
1055 1546 1220 1579 October
1252 1547 1291 1580 in
1317 1547 1456 1582 Tarsus
1483 1560 1549 1582 an-

88 1591 183 1625 kam.
231 1591 333 1624 Nach
358 1602 416 1636 ep.
437 1591 622 1633 CCXLII,
642 1593 661 1624 l
687 1601 765 1624 war
779 1590 926 1634 Appius
952 1590 1000 1623 im
1015 1591 1150 1625 Ianuar
1167 1593 1232 1627 704
1256 1593 1372 1626 sehon
1398 1594 1436 1628 in
1451 1595 1549 1629 Rom

89 1637 385 1681 eingezogen.—
409 1648 479 1671 non
499 1638 688 1681 prodirem
711 1637 735 1671 i.
756 1647 786 1670 e.
812 1637 966 1682 prodire
992 1638 1252 1672 noluerimtl—
1293 1640 1432 1675 deinde.
1457 1641 1545 1676 Sch.

88 1682 179 1719 [1111.
214 1683 260 1716 de
292 1684 380 1717 Ern.
419 1695 519 1728 susp.
557 1684 718 1728 denique.
755 1683 821 1717 csr.
854 1682 1034 1718 Matthiae
1065 1685 1158 1729 Epp.
1191 1685 1254 1719 sel.
1286 1697 1324 1730 p.
1351 1688 1431 1721 157.
1470 1688 1544 1722 ΟΒ.

89 1728 233 1763 Ramsh.
260 1731 289 1773 §.
312 1732 389 1764 177.
406 1748 452 1754 -
486 1734 612 1773 caput,
645 1730 706 1763 die
730 1729 988 1774 Hauptsache3
1020 1731 1112 1764 Was
1137 1731 1230 1764 iiber
1253 1732 1359 1766 Alles
1384 1733 1484 1776 geht.
1501 1753 1547 1760 -

88 1786 193 1820 quum
220 1783 276 1809 est
301 1787 320 1809 e
345 1776 466 1821 suppl.
493 1776 649 1810 Excidit
674 1776 788 1811 eMd.
815 1775 880 1811 Sic
904 1775 1006 1811 Vict.
1025 1779 1055 1811 1.
1075 1777 1108 1810 2.
1133 1777 1249 1821 Beng.
1269 1778 1412 1813 Bened,
1433 1791 1546 1824 prae-

85 1822 213 1855 sertim
243 1833 349 1865 quam
379 1834 428 1856 ex
460 1822 534 1856 alio
568 1823 689 1867 suppl.
722 1823 819 1857 Cett.
855 1823 928 1856 OR.
952 1841 997 1847 -
1027 1823 1154 1858 multo,
1180 1823 1266 1858 Sch.
1294 1824 1389 1859 Liin.
1415 1827 1543 1862 multa.

86 1867 177 1911 „Da
201 1867 261 1900 ich
286 1868 323 1901 in
350 1868 490 1902 diesem
517 1868 633 1903 Stiick
657 1869 788 1902 immer
812 1869 916 1903 mehr
941 1878 986 1902 zu
1012 1870 1103 1903 thun
1127 1871 1306 1913 gewohnt
1331 1871 1431 1906 bin.⁷’

177 1913 210 1947 5.
244 1913 442 1948 Pausania.
476 1913 539 1949 Sic
564 1915 642 1948 Md.
669 1915 767 1949 Vict.
787 1916 866 1950 1.2.
897 1915 1025 1950 Lamb.
1052 1916 1186 1950 Graev.
1209 1917 1434 1962 Mart.-Lag.
1457 1918 1546 1954 Sch.

84 1967 133 1994 =
153 1959 358 1994 Pausanias
380 1961 471 1995 Ern.
497 1961 639 1995 Bened.
673 1961 767 1995 [1111.
784 1979 830 1986 --
868 1962 1032 1997 Quidni?
1065 1963 1258 1996 Ciceronis
1283 1965 1414 1998 verba:
1450 1977 1548 2009 „cur

86 2016 160 2039 non
186 2007 332 2040 credam
365 2019 385 2041 a
416 2013 453 2040 te
479 2007 640 2049 dictum,
675 2007 775 2051 quod
808 2014 843 2041 10
875 2007 1019 2042 dixisse
1043 2009 1247 2043 Pausanias
1281 2009 1401 2044 dixit?
1433 2023 1546 2054 quum

85 2057 123 2085 te
150 2058 233 2086 tuae
257 2053 378 2096 gentis
403 2053 553 2097 antiqua
577 2053 752 2087 nobilitas
776 2054 976 2098 superbum
996 2055 1117 2088 faciat.
1143 2055 1277 2090 MAN.
1304 2056 1433 2091 Lamb.
1450 2059 1546 2093 [1111.

87 2098 207 2133 Quid?
237 2099 302 2143 qui
326 2100 478 2133 verbum
502 2100 627 2144 Appio
653 2100 829 2134 tribuunt.
849 2119 891 2124 —
925 2101 1053 2135 Cicero
1079 2102 1188 2134 homo
1212 2112 1341 2136 novus.
1360 2122 1402 2128 —
1429 2105 1547 2138 noluit

85 2144 231 2178 obviam
258 2145 334 2179 ire?
380 2146 491 2180 Sinn:
525 2147 615 2180 Was
640 2147 759 2180 Lente
791 2157 864 2179 von
895 2147 1005 2181 altem
1030 2147 1126 2180 Adel
1153 2147 1232 2181 sich
1257 2158 1302 2182 zu
1326 2150 1455 2184 Ehren
1480 2162 1547 2195 ge-

85 2190 172 2223 than
198 2191 330 2235 haben,
357 2192 421 2226 das
446 2192 508 2225 hat
533 2192 593 2225 ein
606 2193 718 2226 Mann
743 2203 814 2225 von
833 2193 1006 2236 Gestern,
1033 2194 1131 2226 ohne
1148 2194 1302 2238 Ahnen,
1328 2196 1430 2230 nicht
1455 2198 1545 2231 1111111

86 2236 308 2269 wollenZ—
343 2239 493 2273 Quaeso.
526 2239 610 2273 Nun
636 2239 778 2283 spricht
799 2239 1001 2273 Cicer0.—
1030 2240 1128 2283 plur.
1154 2251 1226 2275 rer.
1254 2252 1333 2284 usu,
1360 2254 1432 2275 von
1459 2244 1547 2277 sehr

85 2282 525 2318 vielerWeltkenntniss.
540 2304 582 2309 —-
607 2286 761 2318 etiamne
777 2290 815 2318 tic
833 2284 897 2319 has
913 2286 1082 2330 ineptias,
1101 2287 1216 2320 ullam
1231 2289 1462 2332 Appietatem
1483 2293 1546 2323 aut

85 2328 229 2362 Lentul.
249 2333 329 2371 cet.‚
356 2329 490 2364 kannst
510 2332 602 2364 auch
617 2332 677 2365 Du
699 2332 771 2365 Dir
798 2331 1003 2375 einbilden‚
1030 2332 1111 2366 dass
1137 2333 1265 2366 solche
1278 2335 1435 2375 Possen,
1459 2336 1546 2370 dass

86 2374 220 2417 irgend
247 2375 330 2408 eine
355 2376 532 2420 Appietiit
556 2377 649 2410 oder
672 2378 877 2412 Lentulitat
904 2378 938 2411 d.
961 2378 984 2411 i.
1013 2378 1326 2423 Hoclmdligkeit,
1351 2382 1546 2415 hochadli-

86 2431 152 2463 ges
168 2421 308 2454 VVesen
326 2420 386 2453 bei
403 2422 473 2455 mir
490 2424 593 2456 mehr
607 2424 719 2467 gelte,
736 2425 789 2458 als
805 2424 1354 2468 personlicheVerdienste3-—
1374 2438 1542 2471 magnos,

85 2468 145 2500 fiir
169 2477 288 2509 gross.
338 2467 449 2501 Denn
473 2468 527 2502 sie
553 2470 809 2512 begriindeten
835 2482 870 2504 u.
897 2471 1159 2505 hinterliessen
1180 2473 1286 2506 Euch
1311 2473 1402 2506 eben
1429 2485 1544 2518 prop-

87 2517 144 2546 ter
168 2524 257 2546 suae
282 2512 431 2546 virtutis
456 2522 666 2549 ornamenta
690 2517 819 2550 5010110
844 2517 1070 2561 hochadlige
1094 2518 1246 2552 Namen.
1265 2537 1310 2542 —
1348 2519 1428 2563 cepi
1459 2520 1540 2555 scil.

86 2557 173 2602 quia
209 2559 372 2592 honores
404 2565 440 2591 et
472 2571 539 2593 suo
575 2572 670 2594 anno
704 2573 830 2596 omnes
863 2562 1018 2608 adeptus
1043 2563 1141 2596 etin
1168 2570 1342 2608 praetura
1370 2566 1541 2600 omnibus

86 2604 275 2648 suffragiis
300 2612 450 2650 praetor
474 2606 613 2649 primus
639 2616 782 2642 creatus
809 2615 956 2643 erat.—-
985 2620 1082 2644 max.
1108 2610 1276 2653 imperia,
1300 2621 1378 2645 was
1402 2613 1542 2646 vorher

87 2661 176 2693 quae
199 2655 281 2684 sunt
307 2677 315 2684 .
330 2678 337 2685 .
353 2677 361 2684 .
389 2652 627 2694 amplissima.
645 2672 687 2678 —
727 2656 866 2699 acquir.
897 2659 1044 2699 putar.,
1077 2655 1161 2689 dass
1194 2655 1336 2689 meiner
1360 2657 1541 2704 Meinung

85 2697 178 2730 113011
202 2697 330 2731 weder
354 2697 512 2731 meinem
538 2698 643 2733 Ehr-
667 2701 762 2735 noch
787 2701 1030 2736 Ruhmtriebe
1058 2701 1154 2735 noch
1179 2701 1307 2736 Etwas
1332 2712 1377 2737 zu
1403 2710 1540 2739 erstre-
