1795 3043
175 39 279 87 314
438 32 505 78 M.
540 33 597 78 Τ.
634 30 974 78 CICERONIS
1008 30 1380 79 EPISTOLAE.

176 146 305 194 baut,
340 147 478 186 tamen
508 143 630 184 erant
667 143 890 185 iucundae.
963 143 1157 185 Studium
1185 143 1297 184 enim
1325 144 1367 185 et
1395 141 1646 185 benevolen-

177 205 285 246 tiam
300 201 587 242 declarabant.
646 201 898 242 Valetudine
915 203 986 242 tua
1008 214 1195 243 moveor:
1227 202 1269 241 et
1289 200 1441 241 Piliam
1458 201 1502 241 in
1532 201 1644 242 idem

178 274 312 315 genus
347 258 486 299 morbi
524 258 739 311 delapsam
777 271 922 300 curam
960 259 1040 299 tibi
1079 257 1231 299 afferre
1268 258 1470 298 maiorem
1498 260 1646 298 sentio.

129 321 160 362 2
182 319 293 359 Date
322 317 455 370 igitur
484 327 678 367 operam,
710 317 757 356 ut
786 317 973 357 valeatis.
1030 316 1094 356 De
1123 316 1294 364 Tirone,
1326 315 1449 356 video
1476 315 1557 355 tibi
1574 327 1648 355 cu-

180 387 256 417 rae
284 386 398 423 esse,
440 385 568 424 quem
597 373 765 424 quidem
806 386 906 427 ego,
946 374 1025 414 etsi
1060 372 1276 414 mirabiles
1306 373 1512 412 utilitates
1540 371 1647 412 mihi

180 430 380 486 praebet,
422 442 554 482 quum
590 432 727 483 valet,
764 431 808 471 in
847 431 960 472 omni
1000 443 1153 483 genere
1183 431 1251 472 vel
1286 429 1549 482 negotiorum
1577 429 1646 468 vel

179 489 417 529 studiorum
453 499 665 541 meorum,
702 490 842 528 tamen
880 489 1058 541 propter
1093 487 1399 528 humanitatem
1428 488 1471 526 et
1508 484 1648 525 mode-

129 547 158 587 3
180 546 306 586 stiam
335 546 446 585 malo
476 546 638 585 salvum
667 557 792 596 quam
819 547 998 597 propter
1033 558 1155 586 usum
1185 557 1337 586 meum.
1395 543 1648 595 Philogenes

179 614 347 644 mecum
377 601 487 642 nihil
515 614 701 652 unquam
730 601 782 641 de
821 602 1030 643 Luscieno
1070 604 1237 643 locutus
1275 603 1365 650 est3
1408 600 1460 640 de
1497 598 1651 640 ceteris

179 660 311 702 rebus
340 658 471 701 habes
499 658 762 712 Dionysium.
823 660 1019 700 Sororem
1048 661 1163 700 tuam
1192 672 1275 700 non
1306 658 1472 699 venisse
1499 656 1544 696 in
1572 655 1651 696 Ar-

180 729 338 759 canum
367 717 510 756 miror.
570 715 634 756 De
664 715 912 768 Chrysippo,
941 729 1080 756 meum
1112 717 1336 757 consilium
1366 713 1540 768 probari
1569 711 1653 753 tibi

180 787 269 816 non
298 775 474 814 moleste
503 773 607 812 fero.
664 773 755 825 Ego
784 773 830 812 in
860 774 1145 813 Tusculanum
1175 774 1282 813 nihil
1310 785 1411 813 sane
1440 773 1522 811 hoc
1552 771 1654 810 tem-

179 844 299 884 pore.
369 830 552 871 Devium
582 831 645 870 est
673 833 756 871 τοῖς
782 826 1015 868 ἀπαντῶσιν
1042 832 1085 869 et
1120 831 1248 871 habet
1288 831 1371 871 alia
1408 826 1650 876 δύςχρηστοε.

181 888 269 929 Sed
298 887 351 927 de
379 887 607 927 Formiano
637 887 910 928 Tarracinam
939 886 1077 939 pridie
1105 887 1202 929 Kal.
1218 887 1305 927 Ian.
1335 886 1439 927 Inde
1468 884 1654 936 Pompti-

179 957 282 986 nam
319 956 533 984 summam.
591 942 695 984 Inde
734 943 947 984 Albanum
975 943 1187 996 Pompeii:
1228 944 1289 984 ita
1319 943 1371 984 ad
1400 942 1550 983 urbem
1580 953 1654 982 111.

130 997 349 1054 4N0nas,
384 1001 517 1041 natali
558 1012 666 1041 meo.
733 1001 798 1041 De
836 1013 884 1042 re
923 1001 1100 1054 publica
1137 1000 1326 1053 quotidie
1356 1001 1487 1053 magis
1514 999 1654 1038 timeo.

180 1059 278 1101 Non
309 1058 423 1098 enim
449 1057 573 1106 boni,
605 1058 652 1097 ut
681 1058 852 1110 putant,
895 1058 1179 1099 consentiunt.
1246 1059 1357 1106 Quos
1387 1070 1466 1110 ego
1493 1055 1655 1107 equites

180 1117 414 1165 Romanos,
445 1127 549 1166 quos
580 1117 795 1154 senatores
824 1114 934 1156 vidi!
976 1115 1051 1167 qui
1082 1114 1315 1155 accerrime
1343 1126 1470 1165 quum
1499 1113 1656 1159 cetera,

180 1175 271 1214 tum
288 1174 369 1213 hoc
388 1172 470 1212 iter
487 1171 680 1223 Pompeii
697 1173 1002 1224 vituperarent.
1057 1172 1169 1212 Pace
1188 1183 1292 1224 opus
1309 1173 1383 1211 est.
1442 1171 1509 1211 Ex
1522 1169 1657 1210 victo-

180 1230 249 1270 ria
270 1242 398 1282 quum
418 1229 551 1268 multa
570 1229 694 1280 mala,
723 1231 813 1268 tum
834 1230 948 1268 certe
967 1231 1171 1281 tyrannus
1190 1228 1377 1269 exsistet.
1436 1226 1519 1268 Sed
1548 1227 1656 1266 haec

276 1310 305 1342 1.
336 1306 506 1340 Studium
531 1312 653 1346 tuum,
678 1306 789 1340 deine
818 1306 1161 1349 Dienstfertigkeit.
1188 1324 1228 1331 -ω
1283 1306 1513 1348 Valetudine,
1540 1305 1659 1337 durch

183 1354 296 1388 deine
321 1352 640 1397 Unpasslichkeit.
690 1352 754 1387 Sic
779 1353 845 1387 Cd.
874 1353 910 1386 in
938 1364 985 1386 m.
1013 1353 1114 1386 1584.
1141 1352 1274 1396 Margo
1302 1353 1401 1386 Crat.
1449 1353 1495 1385 In
1518 1350 1658 1384 valetu-

182 1402 270 1435 dine
294 1401 392 1434 lens.
406 1400 493 1434 Asc.
514 1410 569 1444 pr.
586 1399 839 1433 Invaletudine
865 1399 953 1433 Asc.
971 1399 1004 1432 2.
1030 1399 1129 1433 Crat.
1153 1398 1253 1434 Viet.
1271 1398 1399 1435 Lamb.
1416 1398 1504 1432 Bos.
1521 1397 1657 1431 Graev.

182 1448 274 1482 Ern.
307 1446 392 1481 Sch.
425 1445 518 1479 Liin.
565 1445 761 1480 ORELLI.
817 1446 907 1489 Vgl.
938 1456 983 1480 zu
1016 1456 1074 1490 ep.
1098 1445 1307 1486 CCXCIII,
1335 1446 1367 1480 l.
1403 1463 1448 1470 -
1503 1442 1656 1486 Piliam,

185 1492 307 1528 Attici
344 1502 513 1525 uxorem.

277 1539 308 1573 2.
334 1538 389 1572 De
408 1538 553 1576 Tirone,
579 1547 658 1571 was
670 1536 742 1571 den
760 1536 851 1572 Tiro
868 1536 1026 1571 betrifft.
1061 1535 1101 1571 S.
1129 1548 1189 1582 ep.
1205 1536 1474 1573 CCLXXXV.
1492 1545 1597 1580 seqq.
1613 1553 1654 1559 —

185 1596 270 1620 eum
295 1584 400 1618 video
425 1590 496 1617 cet.

277 1633 312 1665 3.
344 1630 579 1671 Philogenes,
613 1638 743 1663 servus
768 1633 831 1662 aut
853 1628 1012 1662 libertus
1036 1626 1167 1662 Attici.
1195 1647 1237 1652 —
1286 1627 1477 1662 Luscieno.
1525 1626 1656 1661 Malim

188 1677 367 1712 Tuscenio
403 1676 483 1720 (Sic
506 1675 656 1718 Lamb.)
688 1686 738 1709 ex
773 1674 934 1719 antiquis
966 1674 1164 1718 lapidibus.
1220 1674 1428 1709 MANUT.
1473 1673 1512 1708 S.
1539 1673 1585 1707 ad
1612 1673 1655 1707 Q.

185 1724 352 1759 Fratrul.
381 1724 423 1766 1,
450 1723 484 1756 6.
521 1722 580 1761 ΙΙ,
606 1721 640 1755 2.
667 1740 711 1746 —
758 1721 976 1766 Dionysium
1001 1724 1044 1763 (s.
1072 1731 1132 1765 ep.
1153 1720 1231 1759 294,
1260 1722 1337 1760 10),
1364 1720 1428 1763 qui
1454 1718 1535 1762 tibi,
1563 1718 1655 1763 quid

186 1777 308 1804 actum
334 1780 355 1803 a
379 1779 436 1802 me
454 1768 501 1801 sit
520 1767 558 1801 in
574 1768 686 1801 rebus
704 1768 791 1810 tuis,
819 1767 958 1812 optime
978 1766 1155 1800 narrabit.
1195 1766 1403 1800 MANUT.
1430 1785 1474 1790 —-
1520 1766 1560 1799 in
1578 1767 1656 1800 Ar-

186 1828 336 1857 canum,
375 1815 503 1850 Quinti
528 1814 653 1848 fratris
678 1815 848 1855 sundum3
883 1824 994 1857 quum
1021 1813 1166 1846 obviam
1200 1812 1281 1846 viro
1315 1812 1444 1846 venire
1469 1812 1654 1846 debuerit.

188 1862 399 1898 MANUT.
459 1861 538 1894 Des
570 1860 725 1894 Attikus
762 1860 975 1894 Schwester
1015 1870 1094 1893 war
1126 1858 1322 1892 Gemahlin
1365 1870 1437 1893 von
1474 1858 1655 1903 Quintu53

187 1910 280 1944 aber
304 1919 374 1942 vor
398 1908 553 1941 kurzem
577 1906 720 1940 wieder
750 1906 854 1940 nicht
885 1906 934 1940 im
969 1905 1098 1939 besten
1129 1905 1369 1940 Vernelnnen
1397 1904 1466 1939 mit
1489 1905 1565 1939 ihm
1589 1916 1656 1949 ge·-

188 1955 358 1990 standen.
408 1953 448 1988 S.
475 1963 534 1996 ep.
554 1952 634 1995 270,
658 1955 688 1986 l.
714 1971 760 1977 —
806 1953 861 1987 De
886 1952 1100 1997 Chrysippo.
1150 1950 1189 1985 S.
1217 1962 1275 1995 ep.
1293 1951 1421 1995 293‚8.
1448 1971 1492 1976 -
1537 1962 1656 1985 meum

190 2001 404 2040 consiliam,
439 1999 503 2043 qui
528 2009 666 2043 negare
691 1999 824 2039 velim,
862 1998 967 2032 illum
994 2009 1013 2032 a
1043 2009 1101 2032 me
1125 1997 1332 2032 liberatum.
1373 1996 1584 2032 MANUT.
1609 2016 1655 2022 —

191 2053 370 2091 tempore,
408 2046 465 2079 ins
491 2044 742 2079 Tusculanum
768 2046 850 2079 hab'
886 2045 946 2078 ich
977 2044 1164 2079 dermalen
1197 2044 1308 2077 keine
1338 2044 1443 2078 Lust.
1501 2043 1583 2086 Ego
1615 2044 1656 2077 in

194 2092 460 2128 Tusculanum}
507 2091 616 2125 Nihil
638 2103 666 2126 s.
694 2092 716 2125 h
756 2096 781 2125 t.
809 2090 982 2125 distinxit
1003 2091 1132 2125 Lamb.
1162 2090 1235 2123 ΟΒ.
1256 2108 1300 2114 —-
1343 2089 1563 2132 ἀπαντῶσιν,
1589 2089 1655 2122 de-

189 2142 291 2175 vium
318 2146 374 2173 est
399 2139 680 2172 occurrentibus
706 2143 761 2177 (et
786 2138 915 2172 literas
941 2137 1055 2171 adme
1070 2137 1189 2170 Roma
1212 2135 1504 2180 perferentibus)
1531 2143 1567 2169 et
1591 2136 1657 2169 ha-

192 2189 256 2221 bet
287 2185 359 2219 alia
391 2184 636 2219 incommoda.
675 2184 782 2218 SCH.
817 2203 860 2209 —
908 2184 1034 2228 pridie
1064 2182 1153 2217 Kal.
1187 2183 1290 2223 Ian„
1326 2192 1383 2215 am
1412 2184 1468 2217 31.
1490 2182 1585 2217 Dec.
1610 2201 1654 2206 —

190 2232 422 2277 Pomptinam
445 2241 641 2274 summam,
667 2231 858 2274 regionem
883 2231 929 2264 ad
953 2240 1126 2264 summam
1150 2227 1370 2272 Pomptinae
1395 2227 1542 2273 paludis
1566 2239 1655 2273 par-

191 2287 275 2315 tem.
323 2275 532 2312 MANUT.
561 2295 600 2302 —
649 2278 725 2311 III.
752 2277 849 2311 Non.
875 2278 978 2319 Ian.,
1014 2287 1070 2310 am
1105 2277 1138 2309 3.
1159 2275 1303 2307 Ianuar.

283 2325 316 2359 4.
359 2326 398 2356 ut
439 2326 588 2366 putant,
633 2323 707 2357 wie
748 2334 829 2357 man
873 2323 999 2357 meint.
1027 2342 1045 2349 -
1078 2324 1186 2365 putat
1223 2320 1351 2353 Lamb.
1379 2321 1481 2354 1566.
1522 2330 1654 2354 errore

192 2370 368 2419 typogrsp
415 2368 472 2402 An
498 2369 543 2402 ad
567 2369 786 2414 Pompeium
811 2369 959 2404 retulitZ
1006 2368 1048 2402 In
1074 2379 1120 2401 m.
1145 2367 1245 2402 1584.
1272 2366 1454 2400 Lambino
1479 2365 1657 2400 tribuitur

188 2421 341 2464 putant,
381 2414 481 2459 quod
512 2416 649 2448 habent
681 2416 758 2450 Md.
790 2416 876 2450 Asc.
912 2421 1080 2459 utraque.
1139 2414 1238 2448 Crat.
1282 2412 1388 2448 Vict.
1418 2413 1507 2446 Bos.
1539 2412 1654 2456 Seqq.

189 2464 319 2510 putavi
335 2463 433 2496 Man.
450 2462 509 2495 ed.
527 2462 624 2496 1584.
653 2462 824 2495 Omnium
841 2461 1018 2506 optimum
1036 2461 1149 2494 foret:
1176 2463 1214 2492 ut
1234 2463 1386 2503 putarat
1410 2458 1657 2503 (Pompeius).

196 2509 392 2545 ORELLI.
440 2507 479 2542 S.
505 2519 564 2553 ep.
583 2508 671 2548 295,
697 2508 731 2541 2.
756 2527 799 2533 —
848 2507 914 2541 hoc
944 2508 1034 2550 iter,
1072 2507 1165 2540 nach
1190 2506 1353 2550 Neapel3
1388 2516 1498 2549 quum
1530 2504 1656 2548 potius

195 2557 242 2592 ad
268 2556 397 2589 urbem
421 2565 571 2588 manere
596 2554 750 2593 debeat,
776 2554 876 2598 quod
901 2564 960 2587 res
984 2553 1135 2598 publica
1161 2553 1232 2585 hoc
1257 2563 1380 2586 rerum
1407 2557 1575 2594 tempore
1600 2550 1656 2583 vi-

194 2605 326 2638 deatur
352 2601 432 2635 eius
448 2608 524 2634 tum
545 2600 701 2634 consilio
724 2607 797 2633 tum
814 2600 922 2634 etiam
942 2599 1132 2645 praesidio
1150 2598 1333 2642 indigere.
1380 2596 1587 2633 MANUT.
1612 2615 1656 2621 —-

196 2651 254 2684 Ex
278 2647 457 2691 victoria,
483 2649 661 2691 erganze:
689 2647 725 2680 in
753 2646 929 2680 utramvis
956 2653 1097 2691 partem
1124 2656 1167 2679 ea
1191 2644 1357 2678 inclinet.
1405 2643 1547 2677 VVahre
1561 2643 1656 2676 Pro-

201 2694 420 2745 phezeiung.
447 2712 488 2719 —·
538 2698 731 2739 tyrannus,
757 2694 842 2727 Asc.
869 2699 1038 2738 utraque.
1085 2692 1187 2727 Crat.
1214 2691 1341 2726 Lamb.
1367 2690 1454 2725 Bos.
1479 2689 1656 2734 tyrannis.
