1795 3043
388 62 703 109 EPISTOLA
741 62 957 108 CCCXX.
1031 62 1269 109 CCCXXI.
1447 70 1548 119 373

84 177 170 215 tum
196 174 404 216 lubenter.
457 174 641 215 Manebo
664 173 816 227 igitur3
847 174 926 214 etsi
944 173 1088 215 vivere
1106 206 1115 214 .
1134 206 1144 217 .
1163 205 1174 217 .
1216 175 1336 223 Quod
1364 176 1546 228 quaeris,
1570 180 1596 218 3

82 231 153 271 hic
195 232 298 282 quid
338 233 505 285 agatur:
552 234 640 271 tota
681 231 825 283 Capua
855 232 896 270 et
926 232 1061 273 omnis
1101 232 1174 272 hic
1204 232 1391 273 delectus
1419 233 1545 274 iacet.

81 288 313 339 Desperata
343 302 412 329 res
442 290 526 336 est,
568 288 611 327 in
643 289 740 340 suga
769 299 912 327 omnes
940 289 1060 328 sunt:
1103 289 1184 328 nisi
1214 290 1315 340 quid
1344 290 1548 330 eiusmodi

79 345 235 396 fuerit,
276 348 323 385 ut.
352 345 574 398 Pompeius
613 346 713 385 istas
743 344 921 385 Domitii
961 345 1105 396 copias
1134 358 1229 386 cum
1259 346 1347 386 suis
1375 347 1548 387 coniun-

79 404 163 455 gat.
223 402 304 442 Sed
333 402 583 443 videbamur
612 402 750 442 omnia
778 400 907 441 biduo
937 401 1130 441 triduove
1160 403 1323 445 scituri.
1401 403 1547 444 Caesa-

80 459 138 499 ris
166 459 388 499 literarum
417 460 651 510 exemplum
692 459 771 498 tihi
811 458 928 498 misit
970 470 1141 511 rogaras
1179 459 1316 511 enim3
1362 460 1431 500 cui
1470 473 1547 501 nos

80 515 201 556 valde
230 517 480 557 satisfacere
509 516 631 556 multi
662 515 714 555 ad
743 527 809 555 me
847 515 1134 567 scripseruntx
1176 516 1288 567 quod
1316 517 1458 568 patior
1485 519 1546 558 fa-

80 573 186 622 cile,
217 573 314 614 dum
344 576 391 614 ut
421 573 559 615 adhuc
589 573 699 612 nihil
728 572 881 612 faciam
910 572 1106 625 turpiter.

245 722 554 768 EPISTOLA
593 722 838 768 CCCXXI.
888 721 969 780 (ad
1003 723 1095 768 Att.
1130 722 1238 769 VII.
1273 723 1378 782 24.)

130 797 210 831 Ser.
237 797 273 831 in
300 797 497 832 Formiano
523 809 554 831 a.
583 797 618 831 d.
647 798 793 832 111.1d.
819 798 931 833 Febr.
957 799 1000 833 A.
1028 797 1075 832 U.
1103 797 1142 831 C.
1170 798 1248 833 705.
1277 800 1323 842 (a.
1350 798 1391 833 C.
1416 798 1488 840 49.)

78 866 138 900 Ex
163 865 283 900 literis
304 866 474 901 Lucretii
500 866 544 899 ad
571 866 737 918 Cassium
754 866 896 946 smissis‘
912 876 985 900 non
1011 866 1179 911 dubitat,
1223 866 1311 911 quin
1339 867 1543 912 Pompeius

691 924 727 947 111
772 924 842 957 uga
868 921 927 947 511.

565 980 753 1015 CICERO
784 982 977 1016 ATTICO
1010 982 1049 1017 S.

187 1039 410 1080 Philotimi
440 1040 589 1080 literae
619 1053 685 1080 me
716 1041 883 1091 quidem
911 1054 995 1081 non
1025 1040 1176 1089 nimis,
1220 1040 1292 1081 sed
1336 1051 1429 1091 eos,
1468 1040 1544 1090 qui

75 1096 118 1137 in
148 1096 216 1137 his
244 1098 350 1137 locis
380 1099 523 1143 erant,
567 1097 787 1137 admodum
829 1099 1109 1139 delectarunt.
1179 1097 1294 1138 Ecce
1341 1096 1545 1149 postridie

76 1153 218 1193 Cassio
261 1154 411 1194 literae
450 1154 594 1206 Capua
633 1168 655 1194 a
687 1155 910 1204 Lucretio,
940 1155 1141 1196 familiari
1172 1155 1286 1203 eius,
1328 1153 1547 1206 Nigidium

74 1224 99 1250 a
131 1210 316 1251 Domitio
349 1211 537 1263 Capuam
567 1212 748 1252 venisse:
781 1225 875 1251 eum
895 1212 1037 1253 dicere
1055 1211 1288 1252 Vibullium
1319 1223 1415 1251 cum
1444 1223 1547 1263 pau·

75 1267 136 1307 cis
164 1267 367 1307 militibus
397 1280 420 1307 e
450 1268 610 1307 Piceno
649 1280 821 1308 currere
850 1269 902 1309 ad
934 1269 1140 1316 Cnaeum,
1174 1269 1396 1309 confestim
1426 1268 1545 1318 sequi

9 1327 11 1341 ³
76 1324 311 1376 Caesarem,
340 1324 572 1364 Domitium
602 1337 685 1364 nou
717 1325 874 1366 habere
904 1326 1089 1366 militum
1118 1337 1192 1367 111.
1221 1325 1368 1365 millia.
1425 1324 1544 1365 Idem

74 1433 298 1475 CCCXVII,
324 1433 360 1468 2.
386 1434 593 1476 CCCXIV,
620 1436 653 1467 4.
681 1435 735 1467 Er
750 1436 914 1477 verrath,
941 1435 1027 1469 dass
1052 1435 1153 1469 diess
1177 1434 1275 1468 doch
1299 1433 1379 1468 sein
1397 1432 1543 1477 eigent-

10 1476 11 1480 ¹
74 1480 196 1514 ficher
229 1479 348 1513 Wille
382 1479 442 1514 ist.
472 1499 511 1513 -,
562 1480 632 1513 etsi
666 1481 786 1513 visere
815 1507 822 1514 .
842 1506 874 1514 ..
903 1481 987 1515 scil.
1022 1492 1082 1514 me
1114 1480 1283 1526 poenitet
1317 1481 1378 1513 vel
1404 1480 1541 1515 taedet.

73 1525 333 1570 Aposiopesis.
382 1525 447 1560 Sic
479 1525 556 1559 Md.
594 1525 694 1561 Vict.
732 1527 857 1560 Lamb.
892 1527 981 1561 Bos.
1016 1527 1152 1561 Graev.
1186 1527 1278 1561 Ern.
1317 1525 1406 1562 Sch.
1445 1526 1540 1559 Lun.

73 1573 196 1605 vivere
227 1582 298 1604 non
328 1571 438 1605 liceat
481 1572 572 1606 Cld.
605 1571 715 1607 Iunii.
758 1577 843 1607 Asc.
878 1574 910 1606 1.
946 1573 1044 1607 Crat.
1076 1574 1200 1607 vivere
1230 1583 1300 1606 non
1336 1572 1422 1605 libet
1462 1571 1541 1605 Alii

74 1618 167 1652 Cdd.
192 1617 311 1661 Iunii,
347 1618 411 1663 qui
435 1617 590 1664 recepit.
631 1619 826 1653 ORELLI.
874 1618 1069 1654 Letzteres
1105 1619 1411 1663 geschmacklose
1444 1618 1543 1653 Aus-

72 1664 282 1708 sullungen!

160 1711 195 1745 3.
232 1709 334 1745 Quod
356 1710 523 1754 quaeris,
548 1711 615 1744 auf
635 1710 747 1745 deine
762 1710 885 1754 Frage
912 1736 921 1744 .
939 1736 947 1745 .
964 1736 972 1744 .
998 1710 1098 1745 kann
1123 1710 1184 1745 ich
1209 1710 1284 1745 Dir
1300 1710 1433 1745 Nichts
1457 1715 1540 1744 ant-

72 1761 237 1800 women,
270 1756 343 1790 als:
377 1760 452 1789 tota
478 1757 604 1800 Capua
629 1763 699 1791 cet.
733 1758 822 1801 Erg.
849 1756 965 1790 davor
988 1757 1091 1792 scito.
1119 1776 1161 1783 —
1215 1757 1332 1800 iacet,
1369 1756 1464 1800 liegt
1487 1755 1538 1791 im

72 1802 223 1837 Staube.
279 1801 386 1836 Alles
418 1802 468 1836 ist
502 1813 548 1836 zu
581 1803 706 1848 Capua
744 1803 781 1837 in
813 1802 1077 1847 Unthfitigkeit
1107 1803 1318 1837 versunken
1351 1803 1425 1836 und
1462 1812 1536 1835 von

71 1848 470 1892 Truppenaushebung
500 1848 616 1882 keine
648 1849 754 1882 Rede
786 1850 902 1883 mehr.
936 1868 982 1875 ·-
1029 1849 1105 1883 nisi
1135 1849 1223 1894 quid
1252 1849 1298 1883 ei.
1324 1849 1457 1892 fuerit,
1495 1858 1537 1883 es

72 1897 209 1928 musste
242 1894 339 1927 denn
373 1894 474 1937 sein,
519 1894 603 1928 dass
628 1895 829 1938 Pompeius
853 1896 980 1930 Mittel
1012 1896 1121 1930 tande
1152 1907 1186 1930 u.
1213 1905 1242 1930 s.
1269 1906 1317 1930 w.
1343 1913 1388 1920 —
1434 1894 1536 1929 vide-

71 1941 200 1973 bamur
222 1950 268 1973 =
292 1939 471 1975 videmur.
497 1959 540 1965 —-
590 1941 761 1974 caesaris
785 1941 990 1975 literarum.
1031 1942 1070 1975 S.
1105 1953 1164 1986 ep.
1187 1941 1392 1983 CCCXIV,
1424 1943 1458 1977 3.
1490 1959 1535 1966 —-

70 1987 234 2028 satisfac.
276 1985 315 2020 S.
341 1996 402 2030 ep.
421 1986 666 2029 CCCXVIII,
693 1989 727 2021 3.
766 1987 914 2031 patior,
954 1987 1014 2022 ich
1041 1989 1139 2022 lasse
1164 1988 1265 2021 mil-'s
1291 1987 1465 2030 gefallen.
1490 2006 1535 2011 —-

71 2033 332 2066 dumzwenn
348 2043 430 2074 nur,
455 2033 592 2066 sosern.
620 2032 817 2067 S.Ramsh.
844 2034 959 2075 §.190.
986 2034 1208 2068 A11merk.8.
1238 2033 1383 2067 Grotef.
1411 2033 1533 2076 §.422

160 2079 193 2112 l.
228 2076 421 2112 Philotimi
444 2079 585 2112 literae.
621 2078 658 2113 S.
676 2079 747 2112 den
772 2079 892 2122 vorig.
911 2080 974 2112 ΒΓ.
999 2079 1047 2112 im
1063 2080 1149 2113 Ans.
1176 2098 1220 2104 -
1258 2079 1351 2112 Ecce
1374 2091 1419 2112 Ξ
1442 2079 1534 2112 aber

18 2134 20 2141 ¹
71 2122 176 2157 siehe
209 2123 274 2157 da!
312 2125 403 2158 Was
429 2124 649 2168 geschieht?
698 2125 750 2159 So
783 2136 841 2169 ep.
870 2125 1085 2168 CCCXVI,
1127 2124 1163 2158 in
1196 2125 1265 2158 der
1290 2124 1410 2159 Mine.
1445 2125 1534 2168 vgl.

70 2169 217 2203 Ramsh.
244 2170 272 2213 §.
291 2171 378 2213 138,
410 2172 444 2209 6,
476 2171 563 2205 Not.
591 2171 736 2206 Grotes.
772 2171 801 2213 §.
821 2171 897 2205 227.
931 2172 1038 2206 Anm.
1072 2190 1117 2196 -—
1165 2172 1205 2205 G.
1243 2171 1370 2204 Cassio
1403 2171 1533 2204 literae

14 2247 17 2261 Ι
73 2214 96 2248 i.
123 2226 155 2248 e.
183 2214 228 2249 ad
254 2215 420 2250 Cassium
446 2217 572 2261 Capua
595 2217 730 2251 missae
756 2227 776 2249 a
800 2217 990 2251 Lucretio.
1024 2215 1174 2251 Cassius
1201 2217 1298 2251 enim
1324 2228 1405 2250 cum
1423 2217 1532 2251 Cice-

74 2271 163 2293 rone
196 2261 340 2295 eratin
370 2262 581 2296 Formiano.
613 2263 822 2297 MANUT.
866 2262 904 2296 S.
939 2274 999 2307 ep.
1023 2263 1206 2301 CCCXX,
1241 2265 1273 2297 l.
1320 2263 1363 2296 In
1399 2263 1531 2296 literae

71 2306 164 2349 liegt
189 2306 256 2339 der
269 2307 430 2351 Begriff:
463 2320 528 2342 wo
540 2309 610 2342 rin
636 2308 794 2342 dieser
818 2308 1009 2350 meldet3
1043 2309 1158 2342 daher
1182 2310 1277 2352 folgt
1300 2309 1369 2342 der
1394 2309 1529 2342 Aecus.

16 2353 18 2382 ἕ
71 2364 102 2386 c.
128 2351 193 2386 ins.
226 2352 376 2386 Quintus
400 2354 593 2388 Lucretius
623 2355 682 2388 ein
708 2354 866 2389 Senator
891 2365 962 2387 von
990 2355 1056 2388 der
1079 2355 1364 2400 Pompeiiscben
1386 2353 1528 2387 Partei.

17 2395 19 2431 ’ὲ
71 2397 110 2432 S.
128 2409 187 2442 ep.
202 2398 425 2442 CCCXXII,
442 2402 474 2434 1.
500 2401 546 2434 ad
560 2401 672 2435 Attic.
692 2401 759 2440 IV,
777 2402 820 2435 16
847 2401 1052 2442 (CXLIX).
1081 2402 1192 2444 VIII,
1205 2403 1225 2435 4
1243 2400 1530 2444 (CCCXXVII)

70 2455 125 2477 am
151 2443 269 2477 Ende.
295 2463 338 2468 ——
386 2446 430 2479 P.
455 2446 653 2488 Nigidium
677 2447 871 2489 Figulum,
914 2447 976 2490 qui
1008 2447 1076 2481 692
1105 2448 1266 2481 P1aetor
1290 2446 1371 2480 suit.
1414 2445 1452 2480 S.
1480 2455 1527 2479 zu

71 2489 401 2534 cp.CCCCLXIII
427 2490 474 2524 im
500 2493 582 2526 Ans.
611 2511 652 2517 —
701 2504 722 2525 ιι
743 2493 918 2526 Domitio.
952 2493 992 2527 S.
1019 2492 1138 2537 vorig.
1165 2493 1274 2527 Brief
1295 2492 1343 2525 im
1369 2490 1455 2525 Ans.
1482 2509 1527 2516 -—

70 2535 112 2569 L.
145 2535 347 2569 Vibullium
379 2537 538 2580 Rufum,
574 2538 747 2582 Pompeii
786 2538 1024 2581 familiarem;
1072 2538 1170 2573 redit
1206 2550 1224 2572 e
1255 2537 1412 2580 Piceno,
1451 2548 1527 2580 quo

73 2581 202 2616 missus
236 2588 317 2616 erat
348 2593 369 2615 a
393 2582 576 2627 Pompeio
609 2584 941 2618 confirmandorum
972 2585 1025 2620 ibi
1051 2584 1237 2618 hominum
1262 2593 1386 2616 causa.
1431 2582 1526 2618 vid.

73 2627 176 2661 Caes.
203 2628 246 2661 B.
273 2627 315 2662 C.
343 2630 376 2671 1,
402 2628 455 2662 15.
489 2629 534 2663 ad
555 2630 669 2663 Attio.
696 2631 806 2673 VIII,
832 2633 863 2665 7.
905 2631 950 2664 ad
976 2631 1104 2665 Famil.
1131 2632 1165 2672 l,
1190 2632 1222 2664 9.
1264 2629 1309 2662 ad
1336 2629 1378 2663 Q.
1406 2628 1527 2663 Fratr.

74 2672 123 2715 ΙΙ,
147 2675 180 2708 9.
215 2674 284 2716 ΙΙΙ,
311 2675 343 2708 Ι.
372 2675 404 2708 5.
431 2693 475 2699 —-
522 2676 730 2719 confestim,
769 2677 832 2710 auf
862 2677 945 2710 dem
976 2678 1082 2711 Fuss.
1129 2675 1269 2719 insequi
1301 2674 1379 2708 Md.
1406 2684 1428 2708 a
1451 2685 1524 2709 sec.

72 2728 119 2753 m.
151 2720 276 2755 Oxou.
309 2720 344 2755 2.
377 2721 472 2756 Ball.
508 2721 665 2757 Helmst.
696 2723 782 2758 Asc.
816 2724 848 2757 1.
886 2723 986 2758 Crat.
1023 2722 1096 2757 ΟΒ.
1131 2741 1175 2747 -
1228 2721 1354 2765 Idem,
1387 2720 1529 2757 Luere-
