1795 3043
190 86 291 141 456
458 80 523 134 Μ,
548 81 605 128 Τ.
636 77 978 132 CICERONIS
1012 76 1388 143 EPISTOLAE.

189 193 225 234 si
252 193 375 236 modo
403 194 512 237 esset
539 192 684 233 sutura
710 203 779 234 res
807 191 1004 248 publica,
1032 192 1080 234 ut
1108 191 1153 233 id
1183 191 1337 245 aliquIs
1364 193 1522 234 emeret
1537 204 1648 235 meo·
1700 238 1701 242 ,

192 264 302 294 rum:
350 262 487 302 neque
515 250 656 290 tamen
687 249 739 290 de
767 250 836 304 te,
883 250 959 302 qui
988 249 1167 291 maxime
1194 262 1312 290 meus
1340 262 1411 302 es,
1453 249 1649 304 cogitavi.

193 308 388 349 Sciebam
429 307 541 348 enim
578 301 622 348 ie
657 308 787 359 quoto
818 320 932 349 anno
973 309 1016 349 et
1053 306 1328 358 quantumin
1357 307 1471 359 solo,
1513 309 1651 349 solere

191 376 420 416 quaerere:
463 374 602 416 neque
641 365 778 407 solum
807 364 992 418 Romae,
1037 364 1112 405 sed
1149 365 1279 405 etiam
1309 363 1409 405 Deli
1442 365 1564 404 tuum
1590 364 1650 405 di-

191 433 356 477 gamma
392 420 597 464 videram.
663 421 958 463 Verumtamen
998 432 1074 477 ego
1109 420 1240 474 illud,
1293 432 1549 472 quamquam
1588 423 1652 462 est

192 478 378 530 bellum,
427 479 607 520 minoris
642 480 843 532 aestimo,
890 490 1017 531 quam
1059 479 1360 521 aestimabatur
1398 478 1651 520 Marcellino

192 535 390 588 consule,
439 548 570 589 quum
609 547 685 589 ego
729 536 832 578 istos
859 536 1054 577 hortulos
1086 538 1264 588 propter
1290 535 1481 585 domum,
1530 533 1651 575 Antii

191 604 318 642 quam
355 593 447 635 tum
483 592 714 644 habebam,
767 593 1038 634 iucundiores
1083 593 1189 634 mihi
1235 590 1568 645 foreputabam
1609 593 1653 632 et

191 649 355 690 minore
390 650 606 702 impensa,
654 661 781 701 quam
818 650 855 690 si
891 650 1176 691 Tusculanum
1211 650 1470 692 refecissem.
1527 649 1653 689 Volui

188 705 244 745 Η.
283 706 325 746 S.
367 706 399 759 †
437 708 487 756 Q.
552 705 635 760 Egi
673 717 752 762 per
795 705 1014 760 praedem,
1059 708 1135 748 ille
1174 706 1319 756 daret,
1367 707 1487 749 Antii
1521 718 1653 759 quum

190 761 369 807 haberet
403 764 576 808 venale}
624 762 780 808 notuit.
837 762 922 806 Sed
949 775 1065 806 nune
1093 764 1232 806 omnia
1272 765 1354 805 Ista
1382 764 1524 805 iacere
1552 764 1654 816 puto

189 903 220 929 ι.
247 905 307 940 ep.
328 895 416 939 635,
449 897 536 936 636,
568 897 638 931 450
669 905 707 931 u.
737 906 768 931 s.
798 906 848 935 w,
879 912 926 925 ‘-
971 897 1008 933 ei
1035 897 1142 932 modo
1169 922 1205 935 ,.
1224 922 1233 932 .
1259 907 1319 932 res
1338 897 1508 950 publica,
1544 906 1655 932 wenn

187 937 325 975 anders
360 941 422 977 die
460 942 654 987 Republik
685 943 850 980 Bestand
882 942 1002 979 haben
1037 944 1159 981 sollte.
1193 961 1240 971 --
1294 943 1450 979 sciebam
1490 943 1587 978 em'm
1620 947 1655 976 te

188 987 444 1033 voluptuarias
468 989 729 1035 possessiones
760 1000 837 1023 non
869 1000 1016 1036 emere,
1055 989 1121 1034 qui
1152 989 1297 1024 soleres
1327 999 1528 1032 quaerere,
1565 999 1656 1033 ager

188 1043 211 1067 a
232 1038 269 1067 te
293 1040 440 1080 emptus
463 1041 555 1079 quot
579 1046 759 1069 annorum
784 1035 907 1081 spatio
932 1041 1072 1070 tantum
1098 1035 1168 1070 tibi
1193 1035 1388 1079 redderet,
1418 1038 1591 1079 quantum
1613 1035 1656 1069 in

186 1079 266 1113 solo
293 1080 317 1115 i.
344 1092 376 1117 e,
401 1080 441 1114 in
465 1081 546 1117 eius
565 1082 755 1126 emptione
771 1081 977 1126 posuisses,
1001 1082 1212 1117 MANUT.
1253 1082 1394 1125 „Denn
1418 1081 1481 1116 ich
1502 1087 1657 1124 wusste,

187 1125 274 1160 dass
299 1127 362 1162 Du
387 1125 426 1164 in
448 1128 604 1162 solchen
628 1128 761 1161 Fallen
784 1128 965 1171 gewohnt
982 1127 1075 1171 bist,
1099 1128 1202 1165 Dich
1224 1138 1295 1165 vor
1305 1127 1428 1163 Allem
1454 1138 1500 1163 zu
1518 1127 1657 1162 erkun-

187 1171 325 1217 digen‚
367 1172 407 1207 in
441 1173 518 1209 wie
550 1173 673 1208 vielen
698 1174 834 1207 Iahren
858 1173 920 1208 ein
945 1173 1022 1211 Gut
1045 1173 1124 1207 sich
1150 1173 1299 1208 bezahlt
1322 1174 1451 1209 mache
1482 1173 1558 1210 und
1581 1173 1658 1208 wie

187 1218 277 1253 Viel
303 1217 384 1254 sich
409 1230 476 1253 aus
500 1219 585 1253 dem
609 1219 739 1254 Boden
764 1219 900 1254 ziehen
924 1220 1057 1254 lasse.”
1090 1218 1245 1254 WIEL.
1292 1219 1411 1256 Recte
1436 1218 1484 1259 ad
1507 1225 1656 1255 senten-

187 1263 294 1301 tiam:
327 1264 396 1299 sed
420 1265 531 1309 vide,
556 1275 603 1298 ne
627 1265 829 1309 legendum
854 1265 921 1299 sit:
957 1269 1170 1317 ecquanlum
1192 1276 1263 1310 pro
1288 1269 1473 1310 quantum.
1521 1265 1656 1303 Omnia

185 1310 286 1344 enim
311 1321 344 1345 v.
365 1310 636 1354 interrogativa
661 1322 730 1356 per
745 1322 791 1355 qu
816 1310 1037 1355 incipientia
1061 1322 1143 1345 cum
1160 1321 1199 1346 ec
1223 1311 1400 1355 componi
1421 1319 1532 1356 posse
1557 1323 1654 1346 reor.

188 1355 253 1393 Sic
293 1366 402 1399 ecquo
442 1368 512 1403 pro
554 1367 710 1402 quonam
747 1357 864 1392 semel
897 1362 955 1391 est
992 1357 1092 1402 apud
1129 1355 1209 1391 Cic.
1245 1356 1407 1401 Philipp.
1441 1359 1505 1400 13,
1541 1368 1572 1394 c.
1599 1360 1654 1393 11.

189 1402 389 1437 ORELLI.
425 1421 469 1431 -—
516 1403 706 1447 digamma
737 1401 763 1438 i.
791 1414 825 1438 e.
859 1403 1027 1438 codicem
1058 1408 1299 1448 acceptorum
1334 1410 1372 1438 et
1404 1413 1654 1448 expensorum

187 1448 305 1493 (Dein
330 1448 535 1493 Zinsbuch)
560 1451 633 1485 hoc
656 1450 764 1494 signo
788 1449 824 1485 F
844 1459 910 1485 seu
936 1449 1082 1484 Graeco
1106 1448 1327 1493 digammate
1351 1454 1534 1494 notatum3
1580 1461 1655 1494 quo

187 1494 297 1538 signo
333 1495 394 1531 vel
425 1497 548 1532 codex
616 1496 655 1532 in
691 1506 802 1540 quem
838 1506 936 1539 quae
970 1495 1010 1529 in
1048 1495 1209 1532 Fundos
1246 1506 1414 1540 expensa
1448 1506 1498 1530 ex
1532 1495 1654 1540 iisque

185 1546 341 1588 accepta
371 1548 476 1580 erant
507 1522 782 1586 inferebantur,
825 1543 886 1576 vel
918 1541 1038 1586 alius,
1078 1553 1152 1586 quo
1187 1551 1248 1577 res
1272 1541 1463 1577 Fenebris
1498 1542 1656 1587 eiusque

186 1593 394 1632 proventus
417 1589 729 1634 consignabatur,
768 1588 893 1623 notari
915 1592 1075 1633 poterat.
1109 1587 1217 1623 SCH.
1263 1588 1499 1631 diagramma
1521 1600 1568 1624 =
1591 1588 1657 1623 ad-

144 1642 151 1651 ··
188 1633 346 1668 versarii
382 1645 413 1669 s.
452 1636 575 1670 codex
611 1640 853 1680 acceptorum
887 1639 925 1668 et
957 1644 1230 1678 expensorum,
1272 1635 1371 1668 coni.
1410 1634 1448 1669 in
1475 1645 1523 1671 m.
1548 1635 1653 1671 1584.

187 1680 296 1715 Auch
320 1680 412 1718 ietzt
435 1681 576 1716 konnte
592 1682 728 1716 Cicero
752 1680 834 1715 sich
858 1680 986 1715 seiner
1009 1680 1264 1717 scherzenden
1279 1681 1409 1715 Laune
1433 1679 1536 1718 nicht
1559 1691 1656 1725 ganz

188 1726 399 1762 erwehren.
436 1746 481 1754 —-
539 1728 653 1772 illud,
692 1726 925 1763 Lanuvinum
960 1725 1166 1770 praedium.
1206 1745 1249 1752 —-
1306 1727 1463 1761 minoris
1501 1729 1655 1763 aestimo

186 1778 346 1818 propter
371 1774 524 1809 bellum.
550 1793 597 1803 -·-
635 1773 864 1811 Marcellino
890 1772 1044 1808 consule
1068 1772 1103 1806 h.
1121 1783 1152 1807 e.
1178 1781 1274 1806 anno
1298 1774 1386 1815 698,
1411 1773 1533 1807 altero
1556 1784 1655 1809 anno

186 1825 275 1863 post
300 1819 461 1856 reditum
486 1820 681 1858 Ciceronis
705 1820 751 1854 ab
777 1818 929 1855 exsilio,
955 1837 999 1844 -—
1036 1818 1128 1853 istos
1151 1818 1336 1861 hortulos,
1360 1818 1423 1854 die
1440 1820 1654 1855 bewussten

187 1865 348 1909 Garten,
391 1866 454 1901 die
483 1878 531 1904 zu
562 1868 646 1903 dem
677 1866 874 1909 Landgute
907 1865 973 1902 des
1005 1865 1190 1899 Phameas
1219 1866 1412 1909 gehorten.
1472 1866 1576 1899 Aber
1606 1876 1654 1903 zu

186 1911 393 1946 welchem‘}
447 1913 562 1949 Nicht
599 1924 683 1948 zum
716 1912 910 1958 praedium
940 1910 1195 1955 Lanuvinum‚
1243 1911 1405 1946 sondern
1435 1910 1654 1949 Troianum.

186 1957 299 1992 Denn
324 1957 361 1992 in
388 1970 446 2005 ep.
468 1961 538 1996 354
561 1966 643 2004 sagt
667 1959 825 1997 Cicero:
862 1968 936 1992 non
961 1956 1193 1992 Lanuvinum
1216 1958 1403 1992 Phameae
1427 1958 1495 1992 sed
1518 1958 1656 1992 Troia-

188 2013 274 2038 num
329 2005 497 2040 raedium
523 2017 648 2041 emere
667 2016 707 2041 se
731 2004 911 2042 voluisse.
949 2004 1003 2038 Es
1016 2003 1066 2038 ist
1087 2005 1170 2037 also
1195 2015 1302 2048 quum
1323 2015 1371 2036 =
1394 2014 1469 2047 quo
1485 2009 1654 2049 tempore

187 2051 278 2083 istos
327 2053 467 2086 ortulos
498 2063 572 2087 von
607 2052 677 2087 den
710 2061 794 2088 zum
824 2049 982 2096 praedio
1007 2050 1174 2085 Troiano
1204 2049 1411 2094 gehorigen
1436 2050 1575 2084 Garten
1606 2061 1657 2086 zu

186 2097 397 2132 vei-slehen.
456 2099 518 2136 Da
549 2099 630 2133 sein
654 2097 807 2133 Freund
831 2097 985 2133 Attikus
1022 2096 1103 2133 sich
1132 2107 1179 2131 an
1211 2096 1342 2131 diesen
1367 2096 1514 2130 Handel
1539 2097 1657 2132 leicht

186 2142 402 2187 erinnerte‚
440 2155 482 2179 so
517 2145 659 2179 konnte
685 2145 820 2180 Cicero
847 2144 927 2178 sich
951 2144 1168 2188 begniigen,
1206 2142 1269 2176 die
1295 2143 1436 2176 Garten
1459 2142 1563 2177 bloss
1588 2143 1656 2178 mit

184 2188 277 2222 istos
309 2199 355 2223 zu
387 2191 630 2226 bezeichnen.
664 2209 709 2217 ·—-
757 2195 791 2225 el
815 2191 957 2225 minore
980 2190 1166 2234 impensa,
1205 2189 1282 2223 und
1315 2188 1486 2233 weniger
1517 2188 1653 2223 kosten

185 2234 356 2270 wiirden.
389 2256 434 2262 -—-
485 2238 750 2281 Tusculanum,
791 2247 870 2272 was
894 2235 1051 2271 Clodius
1075 2235 1177 2270 hatte
1199 2236 1415 2269 verwiisten
1438 2235 1576 2270 lassen.
1609 2253 1656 2263 --

187 2281 211 2324 ΐ-
238 2282 278 2316 Q.
327 2281 391 2316 Sic
415 2283 507 2317 Cdd.
532 2284 633 2320 Vict.
660 2286 693 2318 1.
720 2285 755 2318 2.
781 2283 911 2317 Lamb.
935 2283 1025 2316 Bos.
1051 2282 1183 2316 Graev.
1232 2281 1441 2325 Exponunt
1464 2281 1525 2316 vel
1549 2282 1655 2325 quin-

185 2327 328 2369 genties
358 2329 420 2362 vel
453 2330 663 2373 quingentis
685 2331 862 2365 millibus.
912 2329 1010 2364 Sane
1035 2333 1249 2371 corruptum
1275 2328 1436 2361 videtur.
1483 2327 1581 2362 H-S
1602 2329 1652 2363 D.

185 2374 277 2409 Ern.
307 2374 396 2409 Sch.
421 2374 515 2410 L'un.
549 2377 765 2411 coniectura
790 2374 1048 2411 incertissima.
1083 2374 1279 2408 ORELLI.
1324 2374 1397 2408 wie
1422 2385 1480 2419 ep.
1503 2374 1592 2418 354,
1617 2377 1650 2410 7.

184 2421 339 2462 500,000
364 2420 573 2456 Sestertien
597 2433 644 2457 :z
667 2424 794 2467 50‚00o
819 2423 874 2457 ΕΙ.
909 2432 955 2455 zu
981 2418 1129 2463 wenig‚
1165 2421 1351 2462 5,000‚000
1376 2419 1586 2456 Sestertien
1607 2431 1655 2455 =

187 2465 294 2500 einer
327 2467 460 2502 halben
486 2468 636 2503 Million
664 2470 813 2504 Gulden
842 2479 889 2503 zu
919 2467 1017 2501 viel!
1078 2466 1130 2501 So
1160 2467 1262 2500 ware.
1287 2467 1384 2500 denn
1419 2466 1533 2501 Volui
1556 2470 1649 2499 cet.:

186 2537 196 2555 ,
217 2512 277 2547 ich
303 2514 434 2548 wollte
458 2514 533 2548 ihm
559 2515 674 2550 sehon
700 2515 859 2557 damals,
892 2514 947 2547 als
972 2524 1013 2546 er
1038 2513 1135 2546 noch
1160 2513 1262 2547 lebte
1294 2513 1368 2547 und
1401 2512 1463 2547 ich
1495 2512 1556 2547 bei
1581 2511 1650 2545 der

186 2538 437 2602 &elegenheit
462 2561 533 2595 den
558 2563 694 2596 Werth
720 2562 844 2596 seines
868 2559 1013 2604 praedii
1030 2558 1214 2593 Lanuvini
1240 2560 1384 2602 ersuhr,
1418 2559 1487 2593 der
1507 2558 1650 2593 Giirten

185 2615 318 2648 wegen
344 2606 410 2641 das
434 2608 628 2651 praedium
653 2608 857 2643 Troianum
881 2605 942 2641 bei
963 2605 1115 2639 Antium
1140 2605 1324 2639 abkausen
1347 2605 1424 2639 und
1448 2605 1537 2639 liess
1561 2604 1650 2643 ihm.

183 2650 252 2684 der
277 2662 317 2685 es
343 2663 387 2686 zu
416 2654 567 2688 Antium
592 2655 658 2689 feil
682 2656 769 2697 bot,
809 2653 927 2687 durch
953 2653 1061 2686 einen
1085 2652 1237 2696 Burgen
1267 2653 1419 2695 500,000
1443 2648 1650 2686 Sestertien

182 2696 294 2731 baare
321 2699 491 2745 Zahlung
515 2701 661 2744 bieten3
694 2702 784 2735 aber
808 2710 851 2734 er
874 2699 1005 2733 wollte
1030 2698 1165 2733 nicht.'’
1195 2717 1241 2724 --
1286 2699 1428 2741 iacere,
1462 2701 1650 2741 emptores

183 2752 255 2777 nou
294 2743 487 2790 invenire,
529 2747 666 2782 viliore
689 2746 816 2793 pretio
842 2744 1036 2781 vendenda
1061 2755 1154 2780 esse.
1190 2744 1299 2780 SGH.
1345 2742 1488 2779 Hiemit
1510 2741 1652 2778 kommt
