<?xml version="1.0" encoding="UTF-8"?>
<!DOCTYPE html PUBLIC "-//W3C//DTD XHTML 1.0 Transitional//EN"
    "http://www.w3.org/TR/xhtml1/DTD/xhtml1-transitional.dtd">
<html xmlns="http://www.w3.org/1999/xhtml" xml:lang="en" lang="en">
 <head>
  <title>
</title>
<meta http-equiv="Content-Type" content="text/html;charset=utf-8" />
  <meta name='ocr-system' content='tesseract 3.04.00' />
  <meta name='ocr-capabilities' content='ocr_page ocr_carea ocr_par ocr_line ocrx_word'/>
</head>
<body>
  <div class='ocr_page' id='page_1' title='image "./epistolaeadattic02ciceuoft_0433.png"; bbox 0 0 1795 3043; ppageno 0'>
   <div class='ocr_carea' id='block_1_1' title="bbox 0 0 30 2588">
    <p class='ocr_par' dir='ltr' id='par_1_1' title="bbox 0 0 30 2588">
     <span class='ocr_line' id='line_1_1' title="bbox 0 0 30 2588; baseline 0 0"><span class='ocrx_word' id='word_1_1' title='bbox 0 0 30 2588; x_wconf 95' lang='lat' dir='ltr'> </span> 
     </span>
    </p>
   </div>
   <div class='ocr_carea' id='block_1_2' title="bbox 0 2685 23 2744">
    <p class='ocr_par' dir='ltr' id='par_1_2' title="bbox 0 2685 23 2744">
     <span class='ocr_line' id='line_1_2' title="bbox 19 2685 23 2698; baseline 0 0"><span class='ocrx_word' id='word_1_2' title='bbox 19 2685 23 2698; x_wconf 77' lang='grc'>1</span> 
     </span>
     <span class='ocr_line' id='line_1_3' title="bbox 0 2707 23 2744; baseline 0 0"><span class='ocrx_word' id='word_1_3' title='bbox 0 2707 3 2738; x_wconf 79' lang='grc' dir='ltr'>ἰ</span> <span class='ocrx_word' id='word_1_4' title='bbox 19 2707 23 2744; x_wconf 80' lang='lat'>.¹</span> 
     </span>
    </p>
   </div>
   <div class='ocr_carea' id='block_1_3' title="bbox 3 2753 23 2875">
    <p class='ocr_par' dir='ltr' id='par_1_3' title="bbox 3 2753 23 2875">
     <span class='ocr_line' id='line_1_4' title="bbox 3 2753 23 2767; baseline 0 0"><span class='ocrx_word' id='word_1_5' title='bbox 3 2755 6 2757; x_wconf 51' lang='lat'>*</span> <span class='ocrx_word' id='word_1_6' title='bbox 19 2753 23 2767; x_wconf 83' lang='grc' dir='ltr'><strong><em>ι</em></strong></span> 
     </span>
     <span class='ocr_line' id='line_1_5' title="bbox 17 2850 23 2875; baseline 0 0"><span class='ocrx_word' id='word_1_7' title='bbox 17 2850 23 2875; x_wconf 54' lang='grc' dir='ltr'>ᾖ</span> 
     </span>
    </p>
   </div>
   <div class='ocr_carea' id='block_1_4' title="bbox 481 34 1551 89">
    <p class='ocr_par' dir='ltr' id='par_1_4' title="bbox 481 34 1551 89">
     <span class='ocr_line' id='line_1_6' title="bbox 481 34 1551 89; baseline 0.007 -7"><span class='ocrx_word' id='word_1_8' title='bbox 481 34 792 83; x_wconf 81' lang='lat' dir='ltr'>EPISTOLA</span> <span class='ocrx_word' id='word_1_9' title='bbox 828 35 1156 85; x_wconf 82' lang='lat' dir='ltr'>cccxxxlx.</span> <span class='ocrx_word' id='word_1_10' title='bbox 1452 42 1551 89; x_wconf 72' lang='lat'>423</span> 
     </span>
    </p>
   </div>
   <div class='ocr_carea' id='block_1_5' title="bbox 89 146 1598 882">
    <p class='ocr_par' dir='ltr' id='par_1_5' title="bbox 89 146 1598 882">
     <span class='ocr_line' id='line_1_7' title="bbox 93 146 1598 201; baseline 0 -11"><span class='ocrx_word' id='word_1_11' title='bbox 93 149 234 191; x_wconf 84' lang='lat' dir='ltr'>Habes</span> <span class='ocrx_word' id='word_1_12' title='bbox 260 147 312 190; x_wconf 84' lang='lat' dir='ltr'>ad</span> <span class='ocrx_word' id='word_1_13' title='bbox 341 149 517 201; x_wconf 79' lang='lat' dir='ltr'><strong>primam</strong></span> <span class='ocrx_word' id='word_1_14' title='bbox 547 148 777 201; x_wconf 87' lang='lat' dir='ltr'>epistolam.</span> <span class='ocrx_word' id='word_1_15' title='bbox 827 147 1008 188; x_wconf 85' lang='lat' dir='ltr'>Secutae</span> <span class='ocrx_word' id='word_1_16' title='bbox 1023 149 1121 189; x_wconf 87' lang='lat' dir='ltr'>sunt</span> <span class='ocrx_word' id='word_1_17' title='bbox 1140 147 1261 196; x_wconf 85' lang='lat' dir='ltr'>duae,</span> <span class='ocrx_word' id='word_1_18' title='bbox 1291 146 1430 199; x_wconf 79' lang='lat' dir='ltr'><strong>pridie</strong></span> <span class='ocrx_word' id='word_1_19' title='bbox 1450 147 1547 190; x_wconf 86' lang='lat' dir='ltr'>Kal.</span> <span class='ocrx_word' id='word_1_20' title='bbox 1570 151 1598 189; x_wconf 79' lang='lat'>2</span> 
     </span>
     <span class='ocr_line' id='line_1_8' title="bbox 93 204 1550 257; baseline -0.003 -9"><span class='ocrx_word' id='word_1_21' title='bbox 93 206 238 248; x_wconf 86' lang='lat' dir='ltr'>ambae</span> <span class='ocrx_word' id='word_1_22' title='bbox 268 206 412 253; x_wconf 84' lang='lat' dir='ltr'>datae,</span> <span class='ocrx_word' id='word_1_23' title='bbox 454 217 563 257; x_wconf 87' lang='lat' dir='ltr'>quae</span> <span class='ocrx_word' id='word_1_24' title='bbox 591 217 659 246; x_wconf 91' lang='lat' dir='ltr'>me</span> <span class='ocrx_word' id='word_1_25' title='bbox 688 205 982 246; x_wconf 85' lang='lat' dir='ltr'>convellerunt</span> <span class='ocrx_word' id='word_1_26' title='bbox 1012 205 1063 245; x_wconf 90' lang='lat' dir='ltr'>de</span> <span class='ocrx_word' id='word_1_27' title='bbox 1091 206 1270 257; x_wconf 86' lang='lat' dir='ltr'>pristino</span> <span class='ocrx_word' id='word_1_28' title='bbox 1300 205 1434 252; x_wconf 87' lang='lat' dir='ltr'>statu,</span> <span class='ocrx_word' id='word_1_29' title='bbox 1467 204 1550 244; x_wconf 90' lang='lat' dir='ltr'>iam</span> 
     </span>
     <span class='ocr_line' id='line_1_9' title="bbox 94 261 1551 314; baseline -0.003 -10"><span class='ocrx_word' id='word_1_30' title='bbox 94 266 255 312; x_wconf 83' lang='lat' dir='ltr'>tamen,</span> <span class='ocrx_word' id='word_1_31' title='bbox 298 264 346 302; x_wconf 93' lang='lat' dir='ltr'>ut</span> <span class='ocrx_word' id='word_1_32' title='bbox 383 263 480 303; x_wconf 83' lang='lat' dir='ltr'>ante</span> <span class='ocrx_word' id='word_1_33' title='bbox 521 262 574 303; x_wconf 92' lang='lat' dir='ltr'>ad</span> <span class='ocrx_word' id='word_1_34' title='bbox 605 265 647 302; x_wconf 87' lang='lat' dir='ltr'>te</span> <span class='ocrx_word' id='word_1_35' title='bbox 675 261 856 314; x_wconf 83' lang='lat' dir='ltr'>scripsi,</span> <span class='ocrx_word' id='word_1_36' title='bbox 904 261 1130 303; x_wconf 87' lang='lat' dir='ltr'>labantem.</span> <span class='ocrx_word' id='word_1_37' title='bbox 1188 261 1276 302; x_wconf 89' lang='lat' dir='ltr'>Nec</span> <span class='ocrx_word' id='word_1_38' title='bbox 1305 273 1370 301; x_wconf 87' lang='lat' dir='ltr'>me</span> <span class='ocrx_word' id='word_1_39' title='bbox 1399 262 1551 310; x_wconf 83' lang='lat' dir='ltr'>movet,</span> 
     </span>
     <span class='ocr_line' id='line_1_10' title="bbox 95 316 1550 372; baseline -0.003 -12"><span class='ocrx_word' id='word_1_40' title='bbox 95 320 205 372; x_wconf 91' lang='lat' dir='ltr'>quod</span> <span class='ocrx_word' id='word_1_41' title='bbox 237 320 416 368; x_wconf 82' lang='lat' dir='ltr'>scribis,</span> <span class='ocrx_word' id='word_1_42' title='bbox 447 322 544 360; x_wconf 86' lang='lat' dir='ltr'>Iovi</span> <span class='ocrx_word' id='word_1_43' title='bbox 565 324 647 371; x_wconf 80' lang='lat' dir='ltr'>ipsi</span> <span class='ocrx_word' id='word_1_44' title='bbox 670 322 868 372; x_wconf 80' lang='lat' dir='ltr'>iniquum.</span> <span class='ocrx_word' id='word_1_45' title='bbox 926 317 1032 358; x_wconf 91' lang='lat' dir='ltr'>Nam</span> <span class='ocrx_word' id='word_1_46' title='bbox 1060 319 1294 370; x_wconf 83' lang='lat' dir='ltr'>periculum</span> <span class='ocrx_word' id='word_1_47' title='bbox 1324 318 1366 358; x_wconf 89' lang='lat' dir='ltr'>in</span> <span class='ocrx_word' id='word_1_48' title='bbox 1397 316 1550 357; x_wconf 90' lang='lat' dir='ltr'>utrius-</span> 
     </span>
     <span class='ocr_line' id='line_1_11' title="bbox 93 374 1549 428; baseline -0.003 -11"><span class='ocrx_word' id='word_1_49' title='bbox 93 390 177 428; x_wconf 89' lang='lat' dir='ltr'>que</span> <span class='ocrx_word' id='word_1_50' title='bbox 211 377 433 417; x_wconf 85' lang='lat' dir='ltr'>iracundia</span> <span class='ocrx_word' id='word_1_51' title='bbox 469 376 652 428; x_wconf 86' lang='lat' dir='ltr'>positum</span> <span class='ocrx_word' id='word_1_52' title='bbox 681 377 766 416; x_wconf 88' lang='lat' dir='ltr'>est:</span> <span class='ocrx_word' id='word_1_53' title='bbox 813 375 993 417; x_wconf 85' lang='lat' dir='ltr'>victoria</span> <span class='ocrx_word' id='word_1_54' title='bbox 1021 376 1160 415; x_wconf 89' lang='lat' dir='ltr'>autem</span> <span class='ocrx_word' id='word_1_55' title='bbox 1190 376 1250 416; x_wconf 87' lang='lat' dir='ltr'>ita</span> <span class='ocrx_word' id='word_1_56' title='bbox 1278 376 1465 426; x_wconf 87' lang='lat' dir='ltr'>incerta,</span> <span class='ocrx_word' id='word_1_57' title='bbox 1500 374 1549 413; x_wconf 80' lang='lat' dir='ltr'>ut</span> 
     </span>
     <span class='ocr_line' id='line_1_12' title="bbox 94 431 1548 484; baseline -0.003 -10"><span class='ocrx_word' id='word_1_58' title='bbox 94 434 281 475; x_wconf 77' lang='lat' dir='ltr'>deterior</span> <span class='ocrx_word' id='word_1_59' title='bbox 321 446 448 475; x_wconf 89' lang='lat' dir='ltr'>causa</span> <span class='ocrx_word' id='word_1_60' title='bbox 481 433 671 484; x_wconf 86' lang='lat' dir='ltr'>paratior</span> <span class='ocrx_word' id='word_1_61' title='bbox 706 432 813 472; x_wconf 90' lang='lat' dir='ltr'>mihi</span> <span class='ocrx_word' id='word_1_62' title='bbox 853 443 943 472; x_wconf 89' lang='lat' dir='ltr'>esse</span> <span class='ocrx_word' id='word_1_63' title='bbox 971 431 1176 473; x_wconf 86' lang='lat' dir='ltr'>videatur.</span> <span class='ocrx_word' id='word_1_64' title='bbox 1234 432 1323 472; x_wconf 85' lang='lat' dir='ltr'>Nec</span> <span class='ocrx_word' id='word_1_65' title='bbox 1352 443 1420 471; x_wconf 92' lang='lat' dir='ltr'>me</span> <span class='ocrx_word' id='word_1_66' title='bbox 1450 442 1548 470; x_wconf 91' lang='lat' dir='ltr'>con-</span> 
     </span>
     <span class='ocr_line' id='line_1_13' title="bbox 91 488 1548 542; baseline -0.001 -12"><span class='ocrx_word' id='word_1_67' title='bbox 91 492 203 530; x_wconf 79' lang='lat' dir='ltr'>sules</span> <span class='ocrx_word' id='word_1_68' title='bbox 243 493 430 542; x_wconf 80' lang='lat' dir='ltr'>movent,</span> <span class='ocrx_word' id='word_1_69' title='bbox 475 490 548 540; x_wconf 86' lang='lat' dir='ltr'>qui</span> <span class='ocrx_word' id='word_1_70' title='bbox 586 489 670 541; x_wconf 90' lang='lat' dir='ltr'>ipsi</span> <span class='ocrx_word' id='word_1_71' title='bbox 709 490 852 541; x_wconf 91' lang='lat' dir='ltr'>pluma</span> <span class='ocrx_word' id='word_1_72' title='bbox 880 489 954 528; x_wconf 92' lang='lat' dir='ltr'>aut</span> <span class='ocrx_word' id='word_1_73' title='bbox 980 489 1085 528; x_wconf 85' lang='lat' dir='ltr'>folio</span> <span class='ocrx_word' id='word_1_74' title='bbox 1114 489 1284 529; x_wconf 81' lang='lat' dir='ltr'><strong>facilius</strong></span> <span class='ocrx_word' id='word_1_75' title='bbox 1313 488 1548 529; x_wconf 86' lang='lat' dir='ltr'>moventur.</span> 
     </span>
     <span class='ocr_line' id='line_1_14' title="bbox 92 544 1548 596; baseline -0.003 -9"><span class='ocrx_word' id='word_1_76' title='bbox 92 547 236 587; x_wconf 80' lang='lat' dir='ltr'>officii</span> <span class='ocrx_word' id='word_1_77' title='bbox 275 559 342 587; x_wconf 89' lang='lat' dir='ltr'>me</span> <span class='ocrx_word' id='word_1_78' title='bbox 371 544 619 587; x_wconf 80' lang='lat' dir='ltr'>deliberatio</span> <span class='ocrx_word' id='word_1_79' title='bbox 649 545 814 586; x_wconf 86' lang='lat' dir='ltr'>cruciat</span> <span class='ocrx_word' id='word_1_80' title='bbox 841 545 1132 596; x_wconf 86' lang='lat' dir='ltr'>cruciavitque</span> <span class='ocrx_word' id='word_1_81' title='bbox 1166 545 1315 585; x_wconf 89' lang='lat' dir='ltr'>adhuc.</span> <span class='ocrx_word' id='word_1_82' title='bbox 1376 544 1548 584; x_wconf 86' lang='lat' dir='ltr'>Cautior</span> 
     </span>
     <span class='ocr_line' id='line_1_15' title="bbox 95 601 1546 644; baseline -0.002 -1"><span class='ocrx_word' id='word_1_83' title='bbox 95 606 211 643; x_wconf 85' lang='lat' dir='ltr'>certe</span> <span class='ocrx_word' id='word_1_84' title='bbox 249 606 312 643; x_wconf 87' lang='lat' dir='ltr'>est</span> <span class='ocrx_word' id='word_1_85' title='bbox 351 602 532 644; x_wconf 84' lang='lat' dir='ltr'>mansio:</span> <span class='ocrx_word' id='word_1_86' title='bbox 587 602 803 642; x_wconf 88' lang='lat' dir='ltr'>honestior</span> <span class='ocrx_word' id='word_1_87' title='bbox 847 602 1112 642; x_wconf 84' lang='lat' dir='ltr'>existimatur</span> <span class='ocrx_word' id='word_1_88' title='bbox 1148 601 1356 641; x_wconf 85' lang='lat' dir='ltr'>traiectio.</span> <span class='ocrx_word' id='word_1_89' title='bbox 1431 601 1546 641; x_wconf 85' lang='lat' dir='ltr'>Malo</span> 
     </span>
     <span class='ocr_line' id='line_1_16' title="bbox 91 658 1547 711; baseline -0.003 -11"><span class='ocrx_word' id='word_1_90' title='bbox 91 660 322 708; x_wconf 83' lang='lat' dir='ltr'>interdum,</span> <span class='ocrx_word' id='word_1_91' title='bbox 366 658 487 701; x_wconf 90' lang='lat' dir='ltr'>multi</span> <span class='ocrx_word' id='word_1_92' title='bbox 524 670 592 699; x_wconf 89' lang='lat' dir='ltr'>me</span> <span class='ocrx_word' id='word_1_93' title='bbox 627 671 712 698; x_wconf 91' lang='lat' dir='ltr'>non</span> <span class='ocrx_word' id='word_1_94' title='bbox 751 659 894 707; x_wconf 85' lang='lat' dir='ltr'>caute,</span> <span class='ocrx_word' id='word_1_95' title='bbox 946 671 1070 710; x_wconf 87' lang='lat' dir='ltr'>quam</span> <span class='ocrx_word' id='word_1_96' title='bbox 1100 658 1226 711; x_wconf 87' lang='lat' dir='ltr'>pauci</span> <span class='ocrx_word' id='word_1_97' title='bbox 1256 670 1339 697; x_wconf 90' lang='lat' dir='ltr'>non</span> <span class='ocrx_word' id='word_1_98' title='bbox 1372 658 1547 697; x_wconf 87' lang='lat' dir='ltr'>honeste</span> 
     </span>
     <span class='ocr_line' id='line_1_17' title="bbox 89 713 1547 768; baseline -0.003 -11"><span class='ocrx_word' id='word_1_99' title='bbox 89 717 240 757; x_wconf 81' lang='lat' dir='ltr'>fecisse</span> <span class='ocrx_word' id='word_1_100' title='bbox 276 716 526 756; x_wconf 81' lang='lat' dir='ltr'>existiment.</span> <span class='ocrx_word' id='word_1_101' title='bbox 585 715 648 756; x_wconf 90' lang='lat' dir='ltr'>De</span> <span class='ocrx_word' id='word_1_102' title='bbox 679 715 838 768; x_wconf 88' lang='lat' dir='ltr'>Lepido</span> <span class='ocrx_word' id='word_1_103' title='bbox 869 717 910 756; x_wconf 89' lang='lat' dir='ltr'>et</span> <span class='ocrx_word' id='word_1_104' title='bbox 937 716 1063 756; x_wconf 91' lang='lat' dir='ltr'>Tullo</span> <span class='ocrx_word' id='word_1_105' title='bbox 1103 716 1218 767; x_wconf 90' lang='lat' dir='ltr'>quod</span> <span class='ocrx_word' id='word_1_106' title='bbox 1249 715 1436 766; x_wconf 88' lang='lat' dir='ltr'>quaeris:</span> <span class='ocrx_word' id='word_1_107' title='bbox 1478 713 1547 763; x_wconf 79' lang='lat' dir='ltr'>illi</span> 
     </span>
     <span class='ocr_line' id='line_1_18' title="bbox 92 771 1546 826; baseline -0.003 -13"><span class='ocrx_word' id='word_1_108' title='bbox 92 786 192 814; x_wconf 86' lang='lat' dir='ltr'>vero</span> <span class='ocrx_word' id='word_1_109' title='bbox 220 785 303 812; x_wconf 89' lang='lat' dir='ltr'>non</span> <span class='ocrx_word' id='word_1_110' title='bbox 334 773 552 826; x_wconf 87' lang='lat' dir='ltr'>dubitant,</span> <span class='ocrx_word' id='word_1_111' title='bbox 582 773 684 824; x_wconf 91' lang='lat' dir='ltr'>quin</span> <span class='ocrx_word' id='word_1_112' title='bbox 705 772 873 813; x_wconf 86' lang='lat' dir='ltr'>Caesari</span> <span class='ocrx_word' id='word_1_113' title='bbox 902 775 1070 825; x_wconf 88' lang='lat' dir='ltr'>praesto</span> <span class='ocrx_word' id='word_1_114' title='bbox 1098 772 1233 812; x_wconf 82' lang='lat' dir='ltr'>futuri</span> <span class='ocrx_word' id='word_1_115' title='bbox 1261 772 1305 814; x_wconf 89' lang='lat' dir='ltr'>in</span> <span class='ocrx_word' id='word_1_116' title='bbox 1339 771 1546 811; x_wconf 85' lang='lat' dir='ltr'>senatum-</span> 
     </span>
     <span class='ocr_line' id='line_1_19' title="bbox 89 827 1592 882; baseline -0.001 -12"><span class='ocrx_word' id='word_1_117' title='bbox 89 842 170 881; x_wconf 89' lang='lat' dir='ltr'>que</span> <span class='ocrx_word' id='word_1_118' title='bbox 198 829 365 870; x_wconf 77' lang='lat' dir='ltr'>venturi</span> <span class='ocrx_word' id='word_1_119' title='bbox 395 829 493 870; x_wconf 92' lang='lat' dir='ltr'>sint.</span> <span class='ocrx_word' id='word_1_120' title='bbox 552 829 855 870; x_wconf 84' lang='lat' dir='ltr'>Recentissima</span> <span class='ocrx_word' id='word_1_121' title='bbox 884 831 959 870; x_wconf 89' lang='lat' dir='ltr'>tua</span> <span class='ocrx_word' id='word_1_122' title='bbox 986 832 1050 870; x_wconf 86' lang='lat' dir='ltr'>est</span> <span class='ocrx_word' id='word_1_123' title='bbox 1080 830 1260 882; x_wconf 78' lang='lat' dir='ltr'>epistola</span> <span class='ocrx_word' id='word_1_124' title='bbox 1287 829 1383 868; x_wconf 89' lang='lat' dir='ltr'>Kal.</span> <span class='ocrx_word' id='word_1_125' title='bbox 1421 827 1539 868; x_wconf 82' lang='lat' dir='ltr'>data:</span> <span class='ocrx_word' id='word_1_126' title='bbox 1566 836 1592 876; x_wconf 82' lang='lat'><strong>3</strong></span> 
     </span>
    </p>
   </div>
   <div class='ocr_carea' id='block_1_6' title="bbox 19 875 1544 940">
    <p class='ocr_par' dir='ltr' id='par_1_6' title="bbox 19 875 1544 940">
     <span class='ocr_line' id='line_1_20' title="bbox 19 875 1544 940; baseline -0.002 -14"><span class='ocrx_word' id='word_1_127' title='bbox 19 875 21 884; x_wconf 57' lang='lat'>¹</span> <span class='ocrx_word' id='word_1_128' title='bbox 88 886 131 926; x_wconf 90' lang='lat' dir='ltr'>in</span> <span class='ocrx_word' id='word_1_129' title='bbox 162 899 246 937; x_wconf 90' lang='lat' dir='ltr'>qua</span> <span class='ocrx_word' id='word_1_130' title='bbox 274 887 394 938; x_wconf 84' lang='lat' dir='ltr'>optas</span> <span class='ocrx_word' id='word_1_131' title='bbox 422 899 687 940; x_wconf 83' lang='lat' dir='ltr'>congressum</span> <span class='ocrx_word' id='word_1_132' title='bbox 715 898 946 939; x_wconf 89' lang='lat' dir='ltr'>pacemque</span> <span class='ocrx_word' id='word_1_133' title='bbox 968 899 1053 927; x_wconf 87' lang='lat' dir='ltr'>non</span> <span class='ocrx_word' id='word_1_134' title='bbox 1070 887 1279 938; x_wconf 61' lang='lat' dir='ltr'>desperas.</span> <span class='ocrx_word' id='word_1_135' title='bbox 1337 883 1421 925; x_wconf 83' lang='lat' dir='ltr'>Sed</span> <span class='ocrx_word' id='word_1_136' title='bbox 1451 895 1544 936; x_wconf 84' lang='lat' dir='ltr'>ego,</span> 
     </span>
    </p>
   </div>
   <div class='ocr_carea' id='block_1_7' title="bbox 91 940 1547 996">
    <p class='ocr_par' dir='ltr' id='par_1_7' title="bbox 91 940 1547 996">
     <span class='ocr_line' id='line_1_21' title="bbox 91 940 1547 996; baseline -0.002 -14"><span class='ocrx_word' id='word_1_137' title='bbox 91 955 217 995; x_wconf 89' lang='lat' dir='ltr'>quum</span> <span class='ocrx_word' id='word_1_138' title='bbox 248 943 354 984; x_wconf 91' lang='lat' dir='ltr'>haec</span> <span class='ocrx_word' id='word_1_139' title='bbox 383 943 643 992; x_wconf 84' lang='lat' dir='ltr'>scribebam,</span> <span class='ocrx_word' id='word_1_140' title='bbox 681 956 761 984; x_wconf 89' lang='lat' dir='ltr'>uec</span> <span class='ocrx_word' id='word_1_141' title='bbox 790 944 887 983; x_wconf 90' lang='lat' dir='ltr'>illos</span> <span class='ocrx_word' id='word_1_142' title='bbox 917 955 1214 996; x_wconf 82' lang='lat' dir='ltr'>congressuros</span> <span class='ocrx_word' id='word_1_143' title='bbox 1243 954 1342 990; x_wconf 90' lang='lat' dir='ltr'>nec,</span> <span class='ocrx_word' id='word_1_144' title='bbox 1382 940 1418 980; x_wconf 89' lang='lat' dir='ltr'>si</span> <span class='ocrx_word' id='word_1_145' title='bbox 1449 952 1547 980; x_wconf 91' lang='lat' dir='ltr'>con-</span> 
     </span>
    </p>
   </div>
   <div class='ocr_carea' id='block_1_8' title="bbox 19 1000 1546 1053">
    <p class='ocr_par' dir='ltr' id='par_1_8' title="bbox 19 1000 1546 1053">
     <span class='ocr_line' id='line_1_22' title="bbox 19 1000 1546 1053; baseline -0.003 -13"><span class='ocrx_word' id='word_1_146' title='bbox 19 1000 21 1004; x_wconf 78' lang='grc'>’</span> <span class='ocrx_word' id='word_1_147' title='bbox 87 1000 217 1053; x_wconf 79' lang='lat' dir='ltr'>gressi</span> <span class='ocrx_word' id='word_1_148' title='bbox 247 1002 408 1052; x_wconf 87' lang='lat' dir='ltr'>essent,</span> <span class='ocrx_word' id='word_1_149' title='bbox 450 1000 697 1052; x_wconf 89' lang='lat' dir='ltr'>Pompeium</span> <span class='ocrx_word' id='word_1_150' title='bbox 726 1000 779 1040; x_wconf 84' lang='lat' dir='ltr'>ad</span> <span class='ocrx_word' id='word_1_151' title='bbox 808 1002 939 1040; x_wconf 91' lang='lat' dir='ltr'>ullam</span> <span class='ocrx_word' id='word_1_152' title='bbox 968 1000 1249 1041; x_wconf 85' lang='lat' dir='ltr'>conditionem</span> <span class='ocrx_word' id='word_1_153' title='bbox 1277 1008 1546 1038; x_wconf 86' lang='lat' dir='ltr'>accessurum</span> 
     </span>
    </p>
   </div>
   <div class='ocr_carea' id='block_1_9' title="bbox 85 1054 1549 1223">
    <p class='ocr_par' dir='ltr' id='par_1_9' title="bbox 85 1054 1549 1223">
     <span class='ocr_line' id='line_1_23' title="bbox 88 1054 1546 1110; baseline -0.003 -14"><span class='ocrx_word' id='word_1_154' title='bbox 88 1056 304 1110; x_wconf 79' lang='lat' dir='ltr'>putabam.</span> <span class='ocrx_word' id='word_1_155' title='bbox 362 1056 480 1105; x_wconf 82' lang='lat' dir='ltr'>Quod</span> <span class='ocrx_word' id='word_1_156' title='bbox 509 1058 665 1098; x_wconf 81' lang='lat' dir='ltr'>videris</span> <span class='ocrx_word' id='word_1_157' title='bbox 693 1069 777 1097; x_wconf 89' lang='lat' dir='ltr'>non</span> <span class='ocrx_word' id='word_1_158' title='bbox 803 1056 1021 1108; x_wconf 84' lang='lat' dir='ltr'>dubitare,</span> <span class='ocrx_word' id='word_1_159' title='bbox 1049 1057 1085 1096; x_wconf 92' lang='lat' dir='ltr'>si</span> <span class='ocrx_word' id='word_1_160' title='bbox 1104 1057 1297 1095; x_wconf 89' lang='lat' dir='ltr'>consules</span> <span class='ocrx_word' id='word_1_161' title='bbox 1314 1054 1546 1104; x_wconf 83' lang='lat' dir='ltr'>transeant,</span> 
     </span>
     <span class='ocr_line' id='line_1_24' title="bbox 85 1109 1548 1166; baseline -0.003 -13"><span class='ocrx_word' id='word_1_162' title='bbox 85 1113 187 1166; x_wconf 88' lang='lat' dir='ltr'>quid</span> <span class='ocrx_word' id='word_1_163' title='bbox 224 1126 300 1152; x_wconf 87' lang='lat' dir='ltr'>nos</span> <span class='ocrx_word' id='word_1_164' title='bbox 328 1115 470 1153; x_wconf 81' lang='lat' dir='ltr'>facere</span> <span class='ocrx_word' id='word_1_165' title='bbox 499 1114 713 1165; x_wconf 84' lang='lat' dir='ltr'>oporteat:</span> <span class='ocrx_word' id='word_1_166' title='bbox 752 1114 866 1154; x_wconf 87' lang='lat' dir='ltr'>certe</span> <span class='ocrx_word' id='word_1_167' title='bbox 895 1113 1136 1160; x_wconf 86' lang='lat' dir='ltr'>transeunt,</span> <span class='ocrx_word' id='word_1_168' title='bbox 1179 1112 1272 1163; x_wconf 83' lang='lat' dir='ltr'>vel,</span> <span class='ocrx_word' id='word_1_169' title='bbox 1311 1122 1395 1161; x_wconf 92' lang='lat' dir='ltr'>quo</span> <span class='ocrx_word' id='word_1_170' title='bbox 1424 1109 1548 1150; x_wconf 89' lang='lat' dir='ltr'>modo</span> 
     </span>
     <span class='ocr_line' id='line_1_25' title="bbox 85 1165 1549 1223; baseline -0.005 -11"><span class='ocrx_word' id='word_1_171' title='bbox 85 1182 200 1212; x_wconf 88' lang='lat' dir='ltr'>nunc</span> <span class='ocrx_word' id='word_1_172' title='bbox 231 1171 314 1220; x_wconf 80' lang='lat' dir='ltr'>est,</span> <span class='ocrx_word' id='word_1_173' title='bbox 342 1168 614 1210; x_wconf 88' lang='lat' dir='ltr'>transierunt.</span> <span class='ocrx_word' id='word_1_174' title='bbox 672 1169 755 1211; x_wconf 89' lang='lat' dir='ltr'>Sed</span> <span class='ocrx_word' id='word_1_175' title='bbox 785 1171 996 1210; x_wconf 89' lang='lat' dir='ltr'>memento</span> <span class='ocrx_word' id='word_1_176' title='bbox 1023 1171 1194 1223; x_wconf 86' lang='lat' dir='ltr'>praeter</span> <span class='ocrx_word' id='word_1_177' title='bbox 1213 1167 1397 1220; x_wconf 89' lang='lat' dir='ltr'>Appium</span> <span class='ocrx_word' id='word_1_178' title='bbox 1419 1165 1549 1206; x_wconf 86' lang='lat' dir='ltr'>nemi-</span> 
     </span>
    </p>
   </div>
   <div class='ocr_carea' id='block_1_10' title="bbox 17 1223 1548 1287">
    <p class='ocr_par' dir='ltr' id='par_1_10' title="bbox 17 1223 1548 1287">
     <span class='ocr_line' id='line_1_26' title="bbox 17 1223 1548 1287; baseline -0.003 -20"><span class='ocrx_word' id='word_1_179' title='bbox 17 1233 20 1287; x_wconf 59' lang='lat'>3¹</span> <span class='ocrx_word' id='word_1_180' title='bbox 86 1240 182 1271; x_wconf 86' lang='lat' dir='ltr'>nem</span> <span class='ocrx_word' id='word_1_181' title='bbox 221 1237 312 1267; x_wconf 89' lang='lat' dir='ltr'>esse</span> <span class='ocrx_word' id='word_1_182' title='bbox 351 1226 462 1275; x_wconf 86' lang='lat' dir='ltr'>fere,</span> <span class='ocrx_word' id='word_1_183' title='bbox 512 1227 587 1279; x_wconf 89' lang='lat' dir='ltr'>qui</span> <span class='ocrx_word' id='word_1_184' title='bbox 615 1238 699 1267; x_wconf 91' lang='lat' dir='ltr'>non</span> <span class='ocrx_word' id='word_1_185' title='bbox 727 1227 794 1267; x_wconf 91' lang='lat' dir='ltr'>ius</span> <span class='ocrx_word' id='word_1_186' title='bbox 822 1226 978 1267; x_wconf 89' lang='lat' dir='ltr'>habeat</span> <span class='ocrx_word' id='word_1_187' title='bbox 1017 1225 1278 1266; x_wconf 87' lang='lat' dir='ltr'>transeundi.</span> <span class='ocrx_word' id='word_1_188' title='bbox 1336 1223 1445 1265; x_wconf 89' lang='lat' dir='ltr'>Nam</span> <span class='ocrx_word' id='word_1_189' title='bbox 1474 1223 1548 1263; x_wconf 85' lang='lat' dir='ltr'>aut</span> 
     </span>
    </p>
   </div>
   <div class='ocr_carea' id='block_1_11' title="bbox 86 1281 1549 1393">
    <p class='ocr_par' dir='ltr' id='par_1_11' title="bbox 86 1281 1549 1393">
     <span class='ocr_line' id='line_1_27' title="bbox 90 1281 1549 1336; baseline -0.003 -12"><span class='ocrx_word' id='word_1_190' title='bbox 90 1297 184 1325; x_wconf 90' lang='lat' dir='ltr'>cum</span> <span class='ocrx_word' id='word_1_191' title='bbox 213 1283 391 1335; x_wconf 88' lang='lat' dir='ltr'>imperio</span> <span class='ocrx_word' id='word_1_192' title='bbox 421 1285 538 1330; x_wconf 85' lang='lat' dir='ltr'>sunt,</span> <span class='ocrx_word' id='word_1_193' title='bbox 580 1285 628 1323; x_wconf 93' lang='lat' dir='ltr'>ut</span> <span class='ocrx_word' id='word_1_194' title='bbox 656 1283 901 1336; x_wconf 83' lang='lat' dir='ltr'>Pompeius,</span> <span class='ocrx_word' id='word_1_195' title='bbox 937 1285 985 1325; x_wconf 86' lang='lat' dir='ltr'>ut</span> <span class='ocrx_word' id='word_1_196' title='bbox 1015 1283 1181 1336; x_wconf 85' lang='lat' dir='ltr'>Scipio,</span> <span class='ocrx_word' id='word_1_197' title='bbox 1212 1281 1409 1331; x_wconf 84' lang='lat' dir='ltr'>Sufenas,</span> <span class='ocrx_word' id='word_1_198' title='bbox 1438 1281 1549 1321; x_wconf 79' lang='lat' dir='ltr'>Fan·</span> 
     </span>
     <span class='ocr_line' id='line_1_28' title="bbox 86 1337 1548 1393; baseline -0.003 -11"><span class='ocrx_word' id='word_1_199' title='bbox 86 1342 203 1389; x_wconf 87' lang='lat' dir='ltr'>nius,</span> <span class='ocrx_word' id='word_1_200' title='bbox 234 1339 469 1390; x_wconf 87' lang='lat' dir='ltr'>Voconius,</span> <span class='ocrx_word' id='word_1_201' title='bbox 500 1340 682 1389; x_wconf 87' lang='lat' dir='ltr'>Sestius,</span> <span class='ocrx_word' id='word_1_202' title='bbox 714 1340 798 1393; x_wconf 87' lang='lat' dir='ltr'>ipsi</span> <span class='ocrx_word' id='word_1_203' title='bbox 828 1341 1042 1390; x_wconf 88' lang='lat' dir='ltr'>consules,</span> <span class='ocrx_word' id='word_1_204' title='bbox 1086 1339 1239 1392; x_wconf 89' lang='lat' dir='ltr'>quibus</span> <span class='ocrx_word' id='word_1_205' title='bbox 1274 1349 1391 1379; x_wconf 88' lang='lat' dir='ltr'>more</span> <span class='ocrx_word' id='word_1_206' title='bbox 1419 1337 1548 1378; x_wconf 89' lang='lat' dir='ltr'>maio·</span> 
     </span>
    </p>
   </div>
   <div class='ocr_carea' id='block_1_12' title="bbox 86 1447 1549 1586">
    <p class='ocr_par' dir='ltr' id='par_1_12' title="bbox 86 1447 1549 1586">
     <span class='ocr_line' id='line_1_29' title="bbox 174 1447 1549 1495; baseline -0.004 -10"><span class='ocrx_word' id='word_1_207' title='bbox 174 1451 208 1486; x_wconf 90' lang='lat'>2.</span> <span class='ocrx_word' id='word_1_208' title='bbox 236 1451 337 1495; x_wconf 83' lang='lat' dir='ltr'>prid.</span> <span class='ocrx_word' id='word_1_209' title='bbox 364 1451 475 1494; x_wconf 61' lang='lat' dir='ltr'>Kal„</span> <span class='ocrx_word' id='word_1_210' title='bbox 507 1461 562 1484; x_wconf 92' lang='lat' dir='ltr'>am</span> <span class='ocrx_word' id='word_1_211' title='bbox 588 1451 727 1485; x_wconf 84' lang='lat' dir='ltr'>letzten</span> <span class='ocrx_word' id='word_1_212' title='bbox 751 1452 931 1486; x_wconf 85' lang='lat' dir='ltr'>Februar.</span> <span class='ocrx_word' id='word_1_213' title='bbox 957 1470 1003 1477; x_wconf 94' lang='lat'>—</span> <span class='ocrx_word' id='word_1_214' title='bbox 1048 1455 1162 1493; x_wconf 79' lang='lat' dir='ltr'>statu,</span> <span class='ocrx_word' id='word_1_215' title='bbox 1187 1450 1361 1486; x_wconf 87' lang='lat' dir='ltr'>Vorsatz.</span> <span class='ocrx_word' id='word_1_216' title='bbox 1389 1466 1432 1473; x_wconf 92' lang='lat'><strong>—</strong></span> <span class='ocrx_word' id='word_1_217' title='bbox 1469 1447 1549 1481; x_wconf 88' lang='lat' dir='ltr'>Nec</span> 
     </span>
     <span class='ocr_line' id='line_1_30' title="bbox 86 1491 1547 1542; baseline -0.003 -11"><span class='ocrx_word' id='word_1_218' title='bbox 86 1503 207 1531; x_wconf 80' lang='lat' dir='ltr'>tamen</span> <span class='ocrx_word' id='word_1_219' title='bbox 239 1508 294 1531; x_wconf 84' lang='lat' dir='ltr'>me</span> <span class='ocrx_word' id='word_1_220' title='bbox 325 1500 452 1531; x_wconf 81' lang='lat' dir='ltr'>movet.</span> <span class='ocrx_word' id='word_1_221' title='bbox 485 1515 527 1521; x_wconf 90' lang='lat'>-</span> <span class='ocrx_word' id='word_1_222' title='bbox 575 1497 659 1530; x_wconf 82' lang='lat' dir='ltr'>Iovi</span> <span class='ocrx_word' id='word_1_223' title='bbox 688 1497 764 1541; x_wconf 72' lang='lat' dir='ltr'>ipsi</span> <span class='ocrx_word' id='word_1_224' title='bbox 795 1498 960 1542; x_wconf 80' lang='lat' dir='ltr'>iniquum</span> <span class='ocrx_word' id='word_1_225' title='bbox 994 1496 1075 1532; x_wconf 84' lang='lat' dir='ltr'>scil.</span> <span class='ocrx_word' id='word_1_226' title='bbox 1111 1495 1332 1540; x_wconf 88' lang='lat' dir='ltr'>Pompeium</span> <span class='ocrx_word' id='word_1_227' title='bbox 1366 1494 1470 1535; x_wconf 84' lang='lat' dir='ltr'>fore,</span> <span class='ocrx_word' id='word_1_228' title='bbox 1513 1491 1547 1527; x_wconf 86' lang='lat' dir='ltr'>si</span> 
     </span>
     <span class='ocr_line' id='line_1_31' title="bbox 87 1540 1546 1586; baseline -0.003 -9"><span class='ocrx_word' id='word_1_229' title='bbox 87 1543 241 1586; x_wconf 77' lang='lat' dir='ltr'>vicerit3</span> <span class='ocrx_word' id='word_1_230' title='bbox 289 1543 481 1585; x_wconf 83' lang='lat' dir='ltr'>omnibus,</span> <span class='ocrx_word' id='word_1_231' title='bbox 521 1542 585 1585; x_wconf 91' lang='lat' dir='ltr'>qui</span> <span class='ocrx_word' id='word_1_232' title='bbox 616 1549 741 1586; x_wconf 82' lang='lat' dir='ltr'>partes</span> <span class='ocrx_word' id='word_1_233' title='bbox 774 1553 859 1577; x_wconf 87' lang='lat' dir='ltr'>suas</span> <span class='ocrx_word' id='word_1_234' title='bbox 887 1542 1138 1585; x_wconf 88' lang='lat' dir='ltr'>deseruerint,</span> <span class='ocrx_word' id='word_1_235' title='bbox 1186 1541 1426 1576; x_wconf 82' lang='lat' dir='ltr'>iratissimum</span> <span class='ocrx_word' id='word_1_236' title='bbox 1449 1540 1546 1573; x_wconf 77' lang='lat' dir='ltr'>sore.</span> 
     </span>
    </p>
   </div>
   <div class='ocr_carea' id='block_1_13' title="bbox 17 1586 1548 1683">
    <p class='ocr_par' dir='ltr' id='par_1_13' title="bbox 17 1586 1548 1683">
     <span class='ocr_line' id='line_1_32' title="bbox 18 1586 1547 1633; baseline -0.002 -11"><span class='ocrx_word' id='word_1_237' title='bbox 18 1619 19 1622; x_wconf 75' lang='grc'>,</span> <span class='ocrx_word' id='word_1_238' title='bbox 85 1590 193 1625; x_wconf 81' lang='lat' dir='ltr'>SCH.</span> <span class='ocrx_word' id='word_1_239' title='bbox 218 1607 264 1615; x_wconf 90' lang='lat'>-</span> <span class='ocrx_word' id='word_1_240' title='bbox 302 1589 490 1632; x_wconf 76' lang='lat' dir='ltr'>utriusque</span> <span class='ocrx_word' id='word_1_241' title='bbox 514 1594 551 1622; x_wconf 88' lang='lat' dir='ltr'>et</span> <span class='ocrx_word' id='word_1_242' title='bbox 575 1588 750 1633; x_wconf 87' lang='lat' dir='ltr'>Pompeii</span> <span class='ocrx_word' id='word_1_243' title='bbox 776 1595 812 1623; x_wconf 87' lang='lat' dir='ltr'>et</span> <span class='ocrx_word' id='word_1_244' title='bbox 837 1588 1020 1623; x_wconf 85' lang='lat' dir='ltr'>Caesaris.</span> <span class='ocrx_word' id='word_1_245' title='bbox 1047 1606 1093 1614; x_wconf 87' lang='lat'>—-·</span> <span class='ocrx_word' id='word_1_246' title='bbox 1130 1588 1205 1632; x_wconf 69' lang='lat' dir='ltr'>ita,</span> <span class='ocrx_word' id='word_1_247' title='bbox 1230 1586 1295 1622; x_wconf 84' lang='lat' dir='ltr'>auf</span> <span class='ocrx_word' id='word_1_248' title='bbox 1317 1586 1378 1620; x_wconf 88' lang='lat' dir='ltr'>die</span> <span class='ocrx_word' id='word_1_249' title='bbox 1402 1588 1484 1621; x_wconf 87' lang='lat' dir='ltr'>Art.</span> <span class='ocrx_word' id='word_1_250' title='bbox 1502 1604 1547 1609; x_wconf 97' lang='lat'><strong>—</strong></span> 
     </span>
     <span class='ocr_line' id='line_1_33' title="bbox 17 1633 1548 1683; baseline -0.003 -13"><span class='ocrx_word' id='word_1_251' title='bbox 17 1644 19 1683; x_wconf 49' lang='grc' dir='ltr'>ξ</span> <span class='ocrx_word' id='word_1_252' title='bbox 86 1637 248 1671; x_wconf 79' lang='lat' dir='ltr'>deterior</span> <span class='ocrx_word' id='word_1_253' title='bbox 281 1646 391 1669; x_wconf 80' lang='lat' dir='ltr'>causa</span> <span class='ocrx_word' id='word_1_254' title='bbox 421 1645 554 1679; x_wconf 87' lang='lat' dir='ltr'>nempe</span> <span class='ocrx_word' id='word_1_255' title='bbox 587 1633 771 1669; x_wconf 85' lang='lat' dir='ltr'>Caesaris.</span> <span class='ocrx_word' id='word_1_256' title='bbox 807 1653 852 1660; x_wconf 91' lang='lat'>—</span> <span class='ocrx_word' id='word_1_257' title='bbox 894 1635 1070 1679; x_wconf 82' lang='lat' dir='ltr'>paratior</span> <span class='ocrx_word' id='word_1_258' title='bbox 1101 1634 1147 1668; x_wconf 87' lang='lat' dir='ltr'>ad</span> <span class='ocrx_word' id='word_1_259' title='bbox 1184 1633 1378 1668; x_wconf 85' lang='lat' dir='ltr'>victoriam</span> <span class='ocrx_word' id='word_1_260' title='bbox 1414 1642 1548 1666; x_wconf 89' lang='lat' dir='ltr'>conse-</span> 
     </span>
    </p>
   </div>
   <div class='ocr_carea' id='block_1_14' title="bbox 85 1678 1548 1727">
    <p class='ocr_par' dir='ltr' id='par_1_14' title="bbox 85 1678 1548 1727">
     <span class='ocr_line' id='line_1_34' title="bbox 85 1678 1548 1727; baseline -0.004 -11"><span class='ocrx_word' id='word_1_261' title='bbox 85 1682 279 1727; x_wconf 89' lang='lat' dir='ltr'>quendam.</span> <span class='ocrx_word' id='word_1_262' title='bbox 297 1699 342 1706; x_wconf 93' lang='lat'>—</span> <span class='ocrx_word' id='word_1_263' title='bbox 380 1680 494 1724; x_wconf 76' lang='lat' dir='ltr'>folio,</span> <span class='ocrx_word' id='word_1_264' title='bbox 519 1680 574 1713; x_wconf 83' lang='lat' dir='ltr'>als</span> <span class='ocrx_word' id='word_1_265' title='bbox 600 1679 660 1713; x_wconf 85' lang='lat' dir='ltr'>ein</span> <span class='ocrx_word' id='word_1_266' title='bbox 674 1680 909 1724; x_wconf 80' lang='lat' dir='ltr'>Aspenblatt.</span> <span class='ocrx_word' id='word_1_267' title='bbox 943 1681 1025 1717; x_wconf 86' lang='lat' dir='ltr'>Vor</span> <span class='ocrx_word' id='word_1_268' title='bbox 1045 1680 1169 1723; x_wconf 78' lang='lat' dir='ltr'>Officii</span> <span class='ocrx_word' id='word_1_269' title='bbox 1185 1681 1278 1714; x_wconf 79' lang='lat' dir='ltr'>selilt</span> <span class='ocrx_word' id='word_1_270' title='bbox 1293 1678 1548 1712; x_wconf 85' lang='lat' dir='ltr'>nachdrucks-</span> 
     </span>
    </p>
   </div>
   <div class='ocr_carea' id='block_1_15' title="bbox 86 1723 1548 1771">
    <p class='ocr_par' dir='ltr' id='par_1_15' title="bbox 17 1711 1548 1779">
     <span class='ocr_line' id='line_1_35' title="bbox 86 1723 1548 1771; baseline -0.005 -8.315"><span class='ocrx_word' id='word_1_271' title='bbox 86 1729 163 1762; x_wconf 79' lang='lat' dir='ltr'>voll</span> <span class='ocrx_word' id='word_1_272' title='bbox 188 1728 271 1762; x_wconf 76' lang='lat' dir='ltr'>Sed.</span> <span class='ocrx_word' id='word_1_273' title='bbox 310 1727 443 1770; x_wconf 89' lang='lat' dir='ltr'>„Aber</span> <span class='ocrx_word' id='word_1_274' title='bbox 466 1726 528 1760; x_wconf 87' lang='lat' dir='ltr'>die</span> <span class='ocrx_word' id='word_1_275' title='bbox 550 1726 806 1771; x_wconf 82' lang='lat' dir='ltr'>Betrachtung</span> <span class='ocrx_word' id='word_1_276' title='bbox 830 1728 997 1770; x_wconf 78' lang='lat' dir='ltr'>Dessen,</span> <span class='ocrx_word' id='word_1_277' title='bbox 1032 1738 1109 1761; x_wconf 83' lang='lat' dir='ltr'>was</span> <span class='ocrx_word' id='word_1_278' title='bbox 1135 1725 1197 1760; x_wconf 90' lang='lat' dir='ltr'>die</span> <span class='ocrx_word' id='word_1_279' title='bbox 1221 1725 1358 1760; x_wconf 84' lang='lat' dir='ltr'>Pflicht</span> <span class='ocrx_word' id='word_1_280' title='bbox 1383 1734 1455 1757; x_wconf 84' lang='lat' dir='ltr'>von</span> <span class='ocrx_word' id='word_1_281' title='bbox 1476 1723 1548 1757; x_wconf 84' lang='lat' dir='ltr'>mir</span> 
     </span>
    </p>
   </div>
   <div class='ocr_carea' id='block_1_16' title="bbox 87 1769 1549 1817">
    <p class='ocr_par' dir='ltr' id='par_1_16' title="bbox 87 1769 1549 1817">
     <span class='ocr_line' id='line_1_36' title="bbox 87 1769 1549 1817; baseline -0.005 -7"><span class='ocrx_word' id='word_1_282' title='bbox 87 1774 257 1810; x_wconf 76' lang='lat' dir='ltr'>{ordert⁷‘</span> <span class='ocrx_word' id='word_1_283' title='bbox 290 1784 324 1807; x_wconf 91' lang='lat' dir='ltr'>u.</span> <span class='ocrx_word' id='word_1_284' title='bbox 353 1784 382 1809; x_wconf 82' lang='lat' dir='ltr'>s,</span> <span class='ocrx_word' id='word_1_285' title='bbox 405 1784 455 1808; x_wconf 86' lang='lat' dir='ltr'>w.</span> <span class='ocrx_word' id='word_1_286' title='bbox 490 1791 534 1797; x_wconf 91' lang='lat'>—-</span> <span class='ocrx_word' id='word_1_287' title='bbox 581 1772 772 1817; x_wconf 75' lang='lat' dir='ltr'>traiectio,</span> <span class='ocrx_word' id='word_1_288' title='bbox 807 1773 868 1807; x_wconf 88' lang='lat' dir='ltr'>die</span> <span class='ocrx_word' id='word_1_289' title='bbox 892 1774 1005 1808; x_wconf 88' lang='lat' dir='ltr'>Fahrt</span> <span class='ocrx_word' id='word_1_290' title='bbox 1031 1774 1124 1806; x_wconf 77' lang='lat' dir='ltr'>iiber</span> <span class='ocrx_word' id='word_1_291' title='bbox 1148 1772 1212 1805; x_wconf 89' lang='lat' dir='ltr'>das</span> <span class='ocrx_word' id='word_1_292' title='bbox 1237 1773 1356 1806; x_wconf 82' lang='lat' dir='ltr'>Meer.</span> <span class='ocrx_word' id='word_1_293' title='bbox 1391 1789 1434 1795; x_wconf 84' lang='lat'>-</span> <span class='ocrx_word' id='word_1_294' title='bbox 1477 1769 1549 1803; x_wconf 84' lang='lat' dir='ltr'>Le-</span> 
     </span>
    </p>
   </div>
   <div class='ocr_carea' id='block_1_17' title="bbox 84 1817 1550 1910">
    <p class='ocr_par' dir='ltr' id='par_1_17' title="bbox 84 1817 1550 1910">
     <span class='ocr_line' id='line_1_37' title="bbox 113 1817 1550 1863; baseline -0.004 -10"><span class='ocrx_word' id='word_1_295' title='bbox 113 1821 172 1855; x_wconf 85' lang='lat' dir='ltr'>ido</span> <span class='ocrx_word' id='word_1_296' title='bbox 198 1820 233 1853; x_wconf 88' lang='lat' dir='ltr'>d.</span> <span class='ocrx_word' id='word_1_297' title='bbox 261 1818 286 1853; x_wconf 94' lang='lat' dir='ltr'>i.</span> <span class='ocrx_word' id='word_1_298' title='bbox 312 1819 376 1853; x_wconf 82' lang='grc' dir='ltr'>Μ’.</span> <span class='ocrx_word' id='word_1_299' title='bbox 403 1817 567 1852; x_wconf 81' lang='lat' dir='ltr'>Aemilio</span> <span class='ocrx_word' id='word_1_300' title='bbox 591 1818 750 1862; x_wconf 86' lang='lat' dir='ltr'>Lepido.</span> <span class='ocrx_word' id='word_1_301' title='bbox 785 1818 823 1853; x_wconf 90' lang='lat' dir='ltr'>S.</span> <span class='ocrx_word' id='word_1_302' title='bbox 850 1830 907 1862; x_wconf 88' lang='lat' dir='ltr'>ep.</span> <span class='ocrx_word' id='word_1_303' title='bbox 933 1820 1084 1863; x_wconf 84' lang='lat' dir='ltr'>CCCV,</span> <span class='ocrx_word' id='word_1_304' title='bbox 1109 1819 1142 1852; x_wconf 75' lang='lat'>4.</span> <span class='ocrx_word' id='word_1_305' title='bbox 1178 1817 1421 1859; x_wconf 85' lang='lat' dir='ltr'>CCCXXIX,</span> <span class='ocrx_word' id='word_1_306' title='bbox 1450 1817 1481 1848; x_wconf 93' lang='lat'>1.</span> <span class='ocrx_word' id='word_1_307' title='bbox 1502 1833 1550 1841; x_wconf 90' lang='lat'>—-</span> 
     </span>
     <span class='ocr_line' id='line_1_38' title="bbox 84 1833 1549 1910; baseline -0.003 -8"><span class='ocrx_word' id='word_1_308' title='bbox 84 1833 130 1901; x_wconf 56' lang='lat' dir='ltr'>I..</span> <span class='ocrx_word' id='word_1_309' title='bbox 157 1864 354 1902; x_wconf 82' lang='lat' dir='ltr'>Volcatius</span> <span class='ocrx_word' id='word_1_310' title='bbox 383 1865 528 1906; x_wconf 79' lang='lat' dir='ltr'>Tullus,</span> <span class='ocrx_word' id='word_1_311' title='bbox 566 1864 628 1908; x_wconf 92' lang='lat' dir='ltr'>qui</span> <span class='ocrx_word' id='word_1_312' title='bbox 653 1865 716 1899; x_wconf 84' lang='grc' dir='ltr'><strong>Μ’.</strong></span> <span class='ocrx_word' id='word_1_313' title='bbox 742 1865 898 1899; x_wconf 87' lang='lat' dir='ltr'>Aemilii</span> <span class='ocrx_word' id='word_1_314' title='bbox 922 1865 1062 1910; x_wconf 84' lang='lat' dir='ltr'>Lepidi</span> <span class='ocrx_word' id='word_1_315' title='bbox 1087 1864 1233 1908; x_wconf 82' lang='lat' dir='ltr'>collega</span> <span class='ocrx_word' id='word_1_316' title='bbox 1257 1865 1325 1900; x_wconf 74' lang='lat'>688</span> <span class='ocrx_word' id='word_1_317' title='bbox 1349 1863 1390 1897; x_wconf 88' lang='lat' dir='ltr'>in</span> <span class='ocrx_word' id='word_1_318' title='bbox 1414 1872 1549 1897; x_wconf 85' lang='lat' dir='ltr'>consu-</span> 
     </span>
    </p>
   </div>
   <div class='ocr_carea' id='block_1_18' title="bbox 19 1906 658 1953">
    <p class='ocr_par' dir='ltr' id='par_1_18' title="bbox 19 1906 658 1953">
     <span class='ocr_line' id='line_1_39' title="bbox 19 1906 658 1953; baseline -0.002 -6"><span class='ocrx_word' id='word_1_319' title='bbox 19 1906 20 1910; x_wconf 72' lang='grc'>’</span> <span class='ocrx_word' id='word_1_320' title='bbox 87 1913 163 1947; x_wconf 79' lang='lat' dir='ltr'>latu</span> <span class='ocrx_word' id='word_1_321' title='bbox 189 1911 269 1946; x_wconf 89' lang='lat' dir='ltr'>suit.</span> <span class='ocrx_word' id='word_1_322' title='bbox 313 1910 401 1945; x_wconf 90' lang='lat' dir='ltr'>Vid.</span> <span class='ocrx_word' id='word_1_323' title='bbox 427 1910 534 1944; x_wconf 82' lang='lat' dir='ltr'>Catil.</span> <span class='ocrx_word' id='word_1_324' title='bbox 563 1912 597 1953; x_wconf 89' lang='lat'>1,</span> <span class='ocrx_word' id='word_1_325' title='bbox 623 1912 658 1946; x_wconf 87' lang='grc'>6.</span> 
     </span>
    </p>
   </div>
   <div class='ocr_carea' id='block_1_19' title="bbox 88 1953 1552 2047">
    <p class='ocr_par' dir='ltr' id='par_1_19' title="bbox 88 1953 1552 2047">
     <span class='ocr_line' id='line_1_40' title="bbox 176 1953 1548 2001; baseline -0.004 -8"><span class='ocrx_word' id='word_1_326' title='bbox 176 1960 210 1993; x_wconf 85' lang='grc'><strong>3.</strong></span> <span class='ocrx_word' id='word_1_327' title='bbox 252 1957 342 1991; x_wconf 81' lang='lat' dir='ltr'>Kal.</span> <span class='ocrx_word' id='word_1_328' title='bbox 374 1956 533 1992; x_wconf 84' lang='lat' dir='ltr'>Martiis.</span> <span class='ocrx_word' id='word_1_329' title='bbox 565 1974 610 1980; x_wconf 91' lang='lat'><strong>—</strong></span> <span class='ocrx_word' id='word_1_330' title='bbox 664 1967 897 1999; x_wconf 74' lang='lat' dir='ltr'>congressum</span> <span class='ocrx_word' id='word_1_331' title='bbox 937 1957 1112 1992; x_wconf 84' lang='lat' dir='ltr'>Caesaris</span> <span class='ocrx_word' id='word_1_332' title='bbox 1151 1967 1232 1990; x_wconf 90' lang='lat' dir='ltr'>cum</span> <span class='ocrx_word' id='word_1_333' title='bbox 1270 1953 1467 2001; x_wconf 80' lang='lat' dir='ltr'>Pompeio,</span> <span class='ocrx_word' id='word_1_334' title='bbox 1505 1971 1548 1979; x_wconf 90' lang='lat'>—-</span> 
     </span>
     <span class='ocr_line' id='line_1_41' title="bbox 88 2001 1552 2047; baseline -0.004 -9"><span class='ocrx_word' id='word_1_335' title='bbox 88 2015 160 2039; x_wconf 78' lang='lat' dir='ltr'>non</span> <span class='ocrx_word' id='word_1_336' title='bbox 184 2005 372 2047; x_wconf 77' lang='lat' dir='ltr'>desperas,</span> <span class='ocrx_word' id='word_1_337' title='bbox 409 2001 442 2037; x_wconf 91' lang='lat' dir='ltr'>si</span> <span class='ocrx_word' id='word_1_338' title='bbox 467 2001 759 2046; x_wconf 82' lang='lat' dir='ltr'>congrediantur</span> <span class='ocrx_word' id='word_1_339' title='bbox 783 2009 820 2038; x_wconf 89' lang='lat' dir='ltr'>et</span> <span class='ocrx_word' id='word_1_340' title='bbox 843 2013 968 2038; x_wconf 89' lang='lat' dir='ltr'>coram</span> <span class='ocrx_word' id='word_1_341' title='bbox 991 2014 1114 2038; x_wconf 87' lang='lat' dir='ltr'>secum</span> <span class='ocrx_word' id='word_1_342' title='bbox 1140 2007 1263 2046; x_wconf 84' lang='lat' dir='ltr'>agant.</span> <span class='ocrx_word' id='word_1_343' title='bbox 1297 2020 1339 2027; x_wconf 89' lang='lat'>·—-</span> <span class='ocrx_word' id='word_1_344' title='bbox 1387 2010 1552 2034; x_wconf 80' lang='lat' dir='ltr'>accessu-</span> 
     </span>
    </p>
   </div>
   <div class='ocr_carea' id='block_1_20' title="bbox 20 2045 1552 2093">
    <p class='ocr_par' dir='ltr' id='par_1_20' title="bbox 20 2045 1552 2093">
     <span class='ocr_line' id='line_1_42' title="bbox 20 2045 1552 2093; baseline -0.003 -9"><span class='ocrx_word' id='word_1_345' title='bbox 20 2070 23 2077; x_wconf 55' lang='grc' dir='ltr'>ι</span> <span class='ocrx_word' id='word_1_346' title='bbox 90 2062 190 2093; x_wconf 75' lang='lat' dir='ltr'>rum,</span> <span class='ocrx_word' id='word_1_347' title='bbox 223 2050 352 2084; x_wconf 90' lang='lat' dir='ltr'>Lamb.</span> <span class='ocrx_word' id='word_1_348' title='bbox 371 2059 471 2092; x_wconf 87' lang='lat' dir='ltr'>susp.</span> <span class='ocrx_word' id='word_1_349' title='bbox 498 2049 758 2083; x_wconf 75' lang='lat' dir='ltr'>descensurum.</span> <span class='ocrx_word' id='word_1_350' title='bbox 785 2068 829 2075; x_wconf 94' lang='lat'><strong>—</strong></span> <span class='ocrx_word' id='word_1_351' title='bbox 869 2050 972 2086; x_wconf 78' lang='lat' dir='ltr'>Quod</span> <span class='ocrx_word' id='word_1_352' title='bbox 993 2050 1133 2084; x_wconf 77' lang='lat' dir='ltr'>videris</span> <span class='ocrx_word' id='word_1_353' title='bbox 1156 2059 1227 2082; x_wconf 78' lang='lat' dir='ltr'>non</span> <span class='ocrx_word' id='word_1_354' title='bbox 1253 2048 1440 2090; x_wconf 80' lang='lat' dir='ltr'>dubitare,</span> <span class='ocrx_word' id='word_1_355' title='bbox 1465 2045 1552 2090; x_wconf 76' lang='lat' dir='ltr'>quid</span> 
     </span>
    </p>
   </div>
   <div class='ocr_carea' id='block_1_21' title="bbox 90 2095 1552 2139">
    <p class='ocr_par' dir='ltr' id='par_1_21' title="bbox 90 2095 1552 2139">
     <span class='ocr_line' id='line_1_43' title="bbox 90 2095 1552 2139; baseline -0.003 -9"><span class='ocrx_word' id='word_1_356' title='bbox 90 2107 154 2130; x_wconf 79' lang='lat' dir='ltr'>nos</span> <span class='ocrx_word' id='word_1_357' title='bbox 180 2097 300 2138; x_wconf 79' lang='lat' dir='ltr'>facere</span> <span class='ocrx_word' id='word_1_358' title='bbox 324 2099 510 2139; x_wconf 79' lang='lat' dir='ltr'>oporteat,</span> <span class='ocrx_word' id='word_1_359' title='bbox 537 2095 571 2127; x_wconf 76' lang='lat' dir='ltr'>si</span> <span class='ocrx_word' id='word_1_360' title='bbox 584 2097 747 2129; x_wconf 80' lang='lat' dir='ltr'>consules</span> <span class='ocrx_word' id='word_1_361' title='bbox 762 2099 968 2139; x_wconf 78' lang='lat' dir='ltr'>transeant,</span> <span class='ocrx_word' id='word_1_362' title='bbox 993 2097 1110 2138; x_wconf 87' lang='lat' dir='ltr'>scito,</span> <span class='ocrx_word' id='word_1_363' title='bbox 1135 2099 1230 2128; x_wconf 79' lang='lat' dir='ltr'>certe</span> <span class='ocrx_word' id='word_1_364' title='bbox 1253 2097 1440 2128; x_wconf 79' lang='lat' dir='ltr'>transeunt</span> <span class='ocrx_word' id='word_1_365' title='bbox 1463 2097 1552 2134; x_wconf 64' lang='lat' dir='ltr'>cet„</span> 
     </span>
    </p>
   </div>
   <div class='ocr_carea' id='block_1_22' title="bbox 17 2138 1552 2190">
    <p class='ocr_par' dir='ltr' id='par_1_22' title="bbox 17 2138 1552 2190">
     <span class='ocr_line' id='line_1_44' title="bbox 17 2138 1552 2190; baseline -0.004 -12"><span class='ocrx_word' id='word_1_366' title='bbox 17 2144 23 2190; x_wconf 49' lang='lat' dir='ltr'>&#39;J</span> <span class='ocrx_word' id='word_1_367' title='bbox 89 2143 136 2178; x_wconf 90' lang='lat' dir='ltr'>da</span> <span class='ocrx_word' id='word_1_368' title='bbox 161 2143 223 2177; x_wconf 90' lang='lat' dir='ltr'>Du</span> <span class='ocrx_word' id='word_1_369' title='bbox 248 2141 411 2178; x_wconf 87' lang='lat' dir='ltr'>scheinst</span> <span class='ocrx_word' id='word_1_370' title='bbox 436 2141 502 2174; x_wconf 83' lang='lat' dir='ltr'>mit</span> <span class='ocrx_word' id='word_1_371' title='bbox 526 2140 599 2174; x_wconf 89' lang='lat' dir='ltr'>Dir</span> <span class='ocrx_word' id='word_1_372' title='bbox 625 2141 786 2175; x_wconf 78' lang='lat' dir='ltr'>dariiber</span> <span class='ocrx_word' id='word_1_373' title='bbox 809 2141 912 2186; x_wconf 83' lang='lat' dir='ltr'>einig</span> <span class='ocrx_word' id='word_1_374' title='bbox 936 2151 982 2176; x_wconf 87' lang='lat' dir='ltr'>zu</span> <span class='ocrx_word' id='word_1_375' title='bbox 1010 2142 1111 2185; x_wconf 85' lang='lat' dir='ltr'>sein,</span> <span class='ocrx_word' id='word_1_376' title='bbox 1153 2142 1246 2174; x_wconf 81' lang='lat' dir='ltr'>VVas</span> <span class='ocrx_word' id='word_1_377' title='bbox 1275 2167 1283 2175; x_wconf 93' lang='lat'>.</span> <span class='ocrx_word' id='word_1_378' title='bbox 1301 2167 1310 2175; x_wconf 90' lang='lat'>.</span> <span class='ocrx_word' id='word_1_379' title='bbox 1332 2163 1361 2179; x_wconf 92' lang='lat'>.‚</span> <span class='ocrx_word' id='word_1_380' title='bbox 1410 2150 1451 2174; x_wconf 88' lang='lat' dir='ltr'>so</span> <span class='ocrx_word' id='word_1_381' title='bbox 1477 2138 1552 2181; x_wconf 70' lang='lat' dir='ltr'>sag*</span> 
     </span>
    </p>
   </div>
   <div class='ocr_carea' id='block_1_23' title="bbox 92 2186 1553 2234">
    <p class='ocr_par' dir='ltr' id='par_1_23' title="bbox 92 2186 1553 2234">
     <span class='ocr_line' id='line_1_45' title="bbox 92 2186 1553 2234; baseline -0.003 -11"><span class='ocrx_word' id='word_1_382' title='bbox 92 2189 152 2224; x_wconf 88' lang='lat' dir='ltr'>ich</span> <span class='ocrx_word' id='word_1_383' title='bbox 167 2188 258 2231; x_wconf 90' lang='lat' dir='ltr'>Dir,</span> <span class='ocrx_word' id='word_1_384' title='bbox 286 2188 342 2222; x_wconf 88' lang='lat' dir='ltr'>sie</span> <span class='ocrx_word' id='word_1_385' title='bbox 369 2187 489 2232; x_wconf 80' lang='lat' dir='ltr'>gehen</span> <span class='ocrx_word' id='word_1_386' title='bbox 515 2187 640 2221; x_wconf 87' lang='lat' dir='ltr'>sicher</span> <span class='ocrx_word' id='word_1_387' title='bbox 665 2199 747 2222; x_wconf 90' lang='lat' dir='ltr'>zum</span> <span class='ocrx_word' id='word_1_388' title='bbox 773 2187 976 2234; x_wconf 85' lang='lat' dir='ltr'>Pompeius</span> <span class='ocrx_word' id='word_1_389' title='bbox 999 2189 1093 2222; x_wconf 87' lang='lat' dir='ltr'>iiber</span> <span class='ocrx_word' id='word_1_390' title='bbox 1117 2186 1182 2223; x_wconf 88' lang='lat' dir='ltr'>das</span> <span class='ocrx_word' id='word_1_391' title='bbox 1207 2187 1316 2222; x_wconf 85' lang='lat' dir='ltr'>Meer</span> <span class='ocrx_word' id='word_1_392' title='bbox 1341 2197 1377 2219; x_wconf 87' lang='lat' dir='ltr'>u.</span> <span class='ocrx_word' id='word_1_393' title='bbox 1394 2195 1422 2219; x_wconf 87' lang='lat' dir='ltr'>s.</span> <span class='ocrx_word' id='word_1_394' title='bbox 1443 2196 1492 2219; x_wconf 80' lang='lat' dir='ltr'>w.</span> <span class='ocrx_word' id='word_1_395' title='bbox 1508 2201 1553 2208; x_wconf 92' lang='lat'>—-</span> 
     </span>
    </p>
   </div>
   <div class='ocr_carea' id='block_1_24' title="bbox 33 2233 1551 2281">
    <p class='ocr_par' dir='ltr' id='par_1_24' title="bbox 33 2233 1551 2281">
     <span class='ocr_line' id='line_1_46' title="bbox 33 2233 1551 2281; baseline -0.003 -14"><span class='ocrx_word' id='word_1_396' title='bbox 33 2270 36 2278; x_wconf 59' lang='lat'>.</span> <span class='ocrx_word' id='word_1_397' title='bbox 95 2235 269 2281; x_wconf 78' lang='lat' dir='ltr'>quomodo</span> <span class='ocrx_word' id='word_1_398' title='bbox 294 2245 387 2268; x_wconf 78' lang='lat' dir='ltr'>nunc</span> <span class='ocrx_word' id='word_1_399' title='bbox 412 2237 482 2276; x_wconf 81' lang='lat' dir='ltr'>est,</span> <span class='ocrx_word' id='word_1_400' title='bbox 518 2235 591 2267; x_wconf 81' lang='lat' dir='ltr'>wie</span> <span class='ocrx_word' id='word_1_401' title='bbox 617 2234 708 2268; x_wconf 87' lang='lat' dir='ltr'>ietzt</span> <span class='ocrx_word' id='word_1_402' title='bbox 731 2233 794 2268; x_wconf 90' lang='lat' dir='ltr'>die</span> <span class='ocrx_word' id='word_1_403' title='bbox 817 2235 937 2269; x_wconf 87' lang='lat' dir='ltr'>Sache</span> <span class='ocrx_word' id='word_1_404' title='bbox 957 2235 1069 2270; x_wconf 83' lang='lat' dir='ltr'>steht.</span> <span class='ocrx_word' id='word_1_405' title='bbox 1095 2250 1141 2259; x_wconf 86' lang='lat'>--</span> <span class='ocrx_word' id='word_1_406' title='bbox 1188 2235 1414 2268; x_wconf 78' lang='lat' dir='ltr'>transierunt</span> <span class='ocrx_word' id='word_1_407' title='bbox 1438 2240 1551 2265; x_wconf 83' lang='lat' dir='ltr'>mare.</span> 
     </span>
    </p>
   </div>
   <div class='ocr_carea' id='block_1_25' title="bbox 94 2279 1567 2742">
    <p class='ocr_par' dir='ltr' id='par_1_25' title="bbox 94 2279 1567 2742">
     <span class='ocr_line' id='line_1_47' title="bbox 96 2279 1553 2326; baseline -0.003 -12"><span class='ocrx_word' id='word_1_408' title='bbox 96 2300 139 2307; x_wconf 87' lang='lat'>—-</span> <span class='ocrx_word' id='word_1_409' title='bbox 174 2284 322 2325; x_wconf 78' lang='lat' dir='ltr'>praeter</span> <span class='ocrx_word' id='word_1_410' title='bbox 352 2280 532 2324; x_wconf 79' lang='lat' dir='ltr'>Appium,</span> <span class='ocrx_word' id='word_1_411' title='bbox 576 2281 664 2323; x_wconf 88' lang='lat' dir='ltr'>quia</span> <span class='ocrx_word' id='word_1_412' title='bbox 696 2280 845 2315; x_wconf 89' lang='lat' dir='ltr'>censori</span> <span class='ocrx_word' id='word_1_413' title='bbox 877 2281 952 2326; x_wconf 90' lang='lat' dir='ltr'>ipsi</span> <span class='ocrx_word' id='word_1_414' title='bbox 984 2281 1124 2315; x_wconf 88' lang='lat' dir='ltr'>Romae</span> <span class='ocrx_word' id='word_1_415' title='bbox 1163 2279 1425 2315; x_wconf 79' lang='lat' dir='ltr'>remanendum</span> <span class='ocrx_word' id='word_1_416' title='bbox 1460 2281 1553 2311; x_wconf 87' lang='lat' dir='ltr'>erat.</span> 
     </span>
     <span class='ocr_line' id='line_1_48' title="bbox 94 2321 1554 2373; baseline -0.005 -11"><span class='ocrx_word' id='word_1_417' title='bbox 94 2326 188 2363; x_wconf 87' lang='lat' dir='ltr'>Ueb.</span> <span class='ocrx_word' id='word_1_418' title='bbox 213 2325 358 2370; x_wconf 85' lang='lat' dir='ltr'>Appius</span> <span class='ocrx_word' id='word_1_419' title='bbox 389 2337 418 2360; x_wconf 90' lang='lat' dir='ltr'>s.</span> <span class='ocrx_word' id='word_1_420' title='bbox 454 2335 496 2359; x_wconf 89' lang='lat' dir='ltr'>zu</span> <span class='ocrx_word' id='word_1_421' title='bbox 525 2338 585 2371; x_wconf 73' lang='lat' dir='ltr'>ep.</span> <span class='ocrx_word' id='word_1_422' title='bbox 604 2327 784 2361; x_wconf 89' lang='lat' dir='ltr'>CLXXX</span> <span class='ocrx_word' id='word_1_423' title='bbox 807 2328 855 2361; x_wconf 89' lang='lat' dir='ltr'>im</span> <span class='ocrx_word' id='word_1_424' title='bbox 880 2326 964 2361; x_wconf 80' lang='lat' dir='ltr'>Ans.</span> <span class='ocrx_word' id='word_1_425' title='bbox 998 2345 1041 2352; x_wconf 89' lang='lat'>——-</span> <span class='ocrx_word' id='word_1_426' title='bbox 1089 2327 1134 2361; x_wconf 90' lang='lat' dir='ltr'>P.</span> <span class='ocrx_word' id='word_1_427' title='bbox 1170 2328 1295 2373; x_wconf 78' lang='lat' dir='ltr'>Scipio</span> <span class='ocrx_word' id='word_1_428' title='bbox 1327 2324 1474 2360; x_wconf 85' lang='lat' dir='ltr'>Nasica.</span> <span class='ocrx_word' id='word_1_429' title='bbox 1513 2321 1554 2356; x_wconf 88' lang='lat' dir='ltr'>S.</span> 
     </span>
     <span class='ocr_line' id='line_1_49' title="bbox 95 2368 1555 2419; baseline -0.004 -11"><span class='ocrx_word' id='word_1_430' title='bbox 95 2386 155 2419; x_wconf 86' lang='lat' dir='ltr'>ep.</span> <span class='ocrx_word' id='word_1_431' title='bbox 181 2372 327 2407; x_wconf 90' lang='lat' dir='ltr'>XXVI.</span> <span class='ocrx_word' id='word_1_432' title='bbox 367 2371 579 2416; x_wconf 77' lang='lat' dir='ltr'>Adoptatus</span> <span class='ocrx_word' id='word_1_433' title='bbox 610 2378 668 2406; x_wconf 86' lang='lat' dir='ltr'>est</span> <span class='ocrx_word' id='word_1_434' title='bbox 697 2384 719 2407; x_wconf 85' lang='lat' dir='ltr'>a</span> <span class='ocrx_word' id='word_1_435' title='bbox 743 2373 900 2407; x_wconf 87' lang='lat' dir='ltr'>Metello</span> <span class='ocrx_word' id='word_1_436' title='bbox 925 2373 1017 2414; x_wconf 90' lang='lat' dir='ltr'>Pio,</span> <span class='ocrx_word' id='word_1_437' title='bbox 1055 2374 1155 2407; x_wconf 88' lang='lat' dir='ltr'>unde</span> <span class='ocrx_word' id='word_1_438' title='bbox 1191 2374 1234 2409; x_wconf 76' lang='lat' dir='ltr'>Q.</span> <span class='ocrx_word' id='word_1_439' title='bbox 1262 2370 1449 2406; x_wconf 85' lang='lat' dir='ltr'>Caecilius</span> <span class='ocrx_word' id='word_1_440' title='bbox 1474 2368 1555 2403; x_wconf 86' lang='lat' dir='ltr'>Me-</span> 
     </span>
     <span class='ocr_line' id='line_1_50' title="bbox 96 2412 1556 2462; baseline -0.005 -8"><span class='ocrx_word' id='word_1_441' title='bbox 96 2420 209 2454; x_wconf 85' lang='lat' dir='ltr'>tellus</span> <span class='ocrx_word' id='word_1_442' title='bbox 241 2417 334 2453; x_wconf 89' lang='lat' dir='ltr'>Pius</span> <span class='ocrx_word' id='word_1_443' title='bbox 367 2417 495 2462; x_wconf 89' lang='lat' dir='ltr'>Scipio</span> <span class='ocrx_word' id='word_1_444' title='bbox 527 2425 564 2452; x_wconf 88' lang='lat' dir='ltr'>et</span> <span class='ocrx_word' id='word_1_445' title='bbox 597 2419 707 2454; x_wconf 87' lang='lat' dir='ltr'>modo</span> <span class='ocrx_word' id='word_1_446' title='bbox 741 2420 781 2455; x_wconf 85' lang='lat' dir='ltr'>Q.</span> <span class='ocrx_word' id='word_1_447' title='bbox 814 2420 924 2454; x_wconf 86' lang='lat' dir='ltr'>modo</span> <span class='ocrx_word' id='word_1_448' title='bbox 958 2420 1002 2454; x_wconf 88' lang='lat' dir='ltr'>P.</span> <span class='ocrx_word' id='word_1_449' title='bbox 1033 2419 1183 2453; x_wconf 88' lang='lat' dir='ltr'>dicitur.</span> <span class='ocrx_word' id='word_1_450' title='bbox 1227 2415 1402 2462; x_wconf 85' lang='lat' dir='ltr'>Pompeii</span> <span class='ocrx_word' id='word_1_451' title='bbox 1427 2412 1556 2457; x_wconf 83' lang='lat' dir='ltr'>Magni</span> 
     </span>
     <span class='ocr_line' id='line_1_51' title="bbox 96 2460 1555 2512; baseline -0.003 -12"><span class='ocrx_word' id='word_1_452' title='bbox 96 2467 245 2509; x_wconf 83' lang='lat' dir='ltr'>collega</span> <span class='ocrx_word' id='word_1_453' title='bbox 269 2463 339 2498; x_wconf 83' lang='lat' dir='ltr'>fuit</span> <span class='ocrx_word' id='word_1_454' title='bbox 364 2464 441 2498; x_wconf 84' lang='lat'>702.</span> <span class='ocrx_word' id='word_1_455' title='bbox 469 2470 506 2497; x_wconf 85' lang='lat' dir='ltr'>et</span> <span class='ocrx_word' id='word_1_456' title='bbox 531 2464 694 2500; x_wconf 86' lang='lat' dir='ltr'>eiusdem</span> <span class='ocrx_word' id='word_1_457' title='bbox 721 2477 841 2500; x_wconf 84' lang='lat' dir='ltr'>socer.</span> <span class='ocrx_word' id='word_1_458' title='bbox 879 2465 972 2502; x_wconf 82' lang='lat' dir='ltr'>Vid.</span> <span class='ocrx_word' id='word_1_459' title='bbox 999 2476 1057 2512; x_wconf 89' lang='lat' dir='ltr'>ep.</span> <span class='ocrx_word' id='word_1_460' title='bbox 1085 2466 1200 2500; x_wconf 87' lang='lat' dir='ltr'>CCII.</span> <span class='ocrx_word' id='word_1_461' title='bbox 1240 2464 1317 2499; x_wconf 87' lang='lat' dir='ltr'>Dio</span> <span class='ocrx_word' id='word_1_462' title='bbox 1344 2464 1446 2497; x_wconf 87' lang='lat' dir='ltr'>Cass.</span> <span class='ocrx_word' id='word_1_463' title='bbox 1472 2460 1555 2496; x_wconf 89' lang='lat' dir='ltr'>XL.</span> 
     </span>
     <span class='ocr_line' id='line_1_52' title="bbox 97 2506 1555 2590; baseline -0.004 -45"><span class='ocrx_word' id='word_1_464' title='bbox 97 2524 134 2558; x_wconf 87' lang='lat' dir='ltr'>p.</span> <span class='ocrx_word' id='word_1_465' title='bbox 161 2513 337 2590; x_wconf 51' lang='lat'>144.1;-·-</span> <span class='ocrx_word' id='word_1_466' title='bbox 355 2510 407 2545; x_wconf 88' lang='grc' dir='ltr'>Μ.</span> <span class='ocrx_word' id='word_1_467' title='bbox 423 2509 565 2590; x_wconf 67' lang='grc' dir='ltr'>Νίίηὶιιε</span> <span class='ocrx_word' id='word_1_468' title='bbox 590 2511 745 2554; x_wconf 76' lang='lat' dir='ltr'>Sufenas</span> <span class='ocrx_word' id='word_1_469' title='bbox 768 2518 919 2556; x_wconf 85' lang='lat' dir='ltr'>praetor</span> <span class='ocrx_word' id='word_1_470' title='bbox 943 2514 1009 2565; x_wconf 64' lang='lat'>7⁰53</span> <span class='ocrx_word' id='word_1_471' title='bbox 1035 2512 1143 2555; x_wconf 91' lang='lat' dir='ltr'>(Vid.</span> <span class='ocrx_word' id='word_1_472' title='bbox 1172 2523 1230 2556; x_wconf 85' lang='lat' dir='ltr'>ep.</span> <span class='ocrx_word' id='word_1_473' title='bbox 1255 2508 1407 2545; x_wconf 87' lang='lat' dir='ltr'>CXLII.</span> <span class='ocrx_word' id='word_1_474' title='bbox 1444 2506 1555 2550; x_wconf 83' lang='lat' dir='ltr'>Pigh.</span> 
     </span>
     <span class='ocr_line' id='line_1_53' title="bbox 99 2554 1561 2654; baseline -0.004 -16"><span class='ocrx_word' id='word_1_475' title='bbox 99 2558 222 2639; x_wconf 52' lang='lat'>3215}</span> <span class='ocrx_word' id='word_1_476' title='bbox 232 2558 406 2654; x_wconf 52' lang='grc' dir='ltr'>οὴὶῑᾷἶῖῗᾎ.</span> <span class='ocrx_word' id='word_1_477' title='bbox 419 2567 483 2654; x_wconf 58' lang='grc' dir='ltr'>Ϊξ.</span> <span class='ocrx_word' id='word_1_478' title='bbox 513 2554 1561 2650; x_wconf 51' lang='grc' dir='ltr'>Ἧῖηὲῖ.ῑηέἰῑε4ῗὲ“)ε’ῑώῗῖἲ.ῃΟἱίᾭωυῗᾶςὲιῖἶηῗ“.ῗέηέἶῧῖ</span> 
     </span>
     <span class='ocr_line' id='line_1_54' title="bbox 105 2645 1562 2701; baseline -0.005 -16"><span class='ocrx_word' id='word_1_479' title='bbox 105 2651 215 2685; x_wconf 86' lang='lat' dir='ltr'>initio</span> <span class='ocrx_word' id='word_1_480' title='bbox 240 2650 332 2684; x_wconf 81' lang='lat' dir='ltr'>belli</span> <span class='ocrx_word' id='word_1_481' title='bbox 359 2649 480 2683; x_wconf 79' lang='lat' dir='ltr'>civilis</span> <span class='ocrx_word' id='word_1_482' title='bbox 507 2660 574 2694; x_wconf 85' lang='lat' dir='ltr'>pro</span> <span class='ocrx_word' id='word_1_483' title='bbox 601 2658 786 2701; x_wconf 78' lang='lat' dir='ltr'>praetore.</span> <span class='ocrx_word' id='word_1_484' title='bbox 827 2651 920 2687; x_wconf 89' lang='lat' dir='ltr'>Vid.</span> <span class='ocrx_word' id='word_1_485' title='bbox 945 2651 1115 2697; x_wconf 85' lang='lat' dir='ltr'>Philipp.</span> <span class='ocrx_word' id='word_1_486' title='bbox 1143 2650 1253 2691; x_wconf 82' lang='lat' dir='ltr'>XIII,</span> <span class='ocrx_word' id='word_1_487' title='bbox 1279 2651 1313 2689; x_wconf 81' lang='lat'>6,</span> <span class='ocrx_word' id='word_1_488' title='bbox 1355 2658 1399 2681; x_wconf 88' lang='lat' dir='ltr'>zu</span> <span class='ocrx_word' id='word_1_489' title='bbox 1434 2657 1494 2691; x_wconf 86' lang='lat' dir='ltr'>ep.</span> <span class='ocrx_word' id='word_1_490' title='bbox 1519 2645 1562 2678; x_wconf 90' lang='lat' dir='ltr'>L.</span> 
     </span>
     <span class='ocr_line' id='line_1_55' title="bbox 112 2695 1567 2742; baseline -0.003 -12"><span class='ocrx_word' id='word_1_491' title='bbox 112 2697 275 2739; x_wconf 73' lang='lat' dir='ltr'>CCOEX,</span> <span class='ocrx_word' id='word_1_492' title='bbox 300 2697 335 2731; x_wconf 78' lang='lat'>2.</span> <span class='ocrx_word' id='word_1_493' title='bbox 371 2696 520 2740; x_wconf 73' lang='lat' dir='ltr'>Ioseph.</span> <span class='ocrx_word' id='word_1_494' title='bbox 536 2697 663 2742; x_wconf 77' lang='lat' dir='ltr'>Antiq.</span> <span class='ocrx_word' id='word_1_495' title='bbox 689 2697 802 2742; x_wconf 84' lang='lat' dir='ltr'>XIV,</span> <span class='ocrx_word' id='word_1_496' title='bbox 831 2699 885 2733; x_wconf 86' lang='lat' dir='ltr'>lo.</span> <span class='ocrx_word' id='word_1_497' title='bbox 913 2699 969 2734; x_wconf 83' lang='lat'>15.</span> <span class='ocrx_word' id='word_1_498' title='bbox 986 2716 1031 2724; x_wconf 91' lang='lat'>—</span> <span class='ocrx_word' id='word_1_499' title='bbox 1073 2695 1268 2740; x_wconf 73' lang='lat' dir='ltr'>Voconius,</span> <span class='ocrx_word' id='word_1_500' title='bbox 1294 2695 1361 2730; x_wconf 82' lang='lat'>693</span> <span class='ocrx_word' id='word_1_501' title='bbox 1377 2698 1567 2737; x_wconf 78' lang='lat' dir='ltr'>quaestor,</span> 
     </span>
    </p>
   </div>
  </div>
 </body>
</html>
