1795 3043
180 27 280 74 306
486 19 549 66 Μ.
586 16 641 63 Τ.
681 12 1024 64 CICERONIS
1059 15 1436 65 EPISTOLAE.

181 148 258 188 pro
289 134 426 187 ipsius
452 133 498 174 in
527 131 634 173 alios
664 128 887 182 effusione,
927 131 1050 172 illum
1078 130 1124 171 in
1153 143 1220 171 me
1248 131 1472 173 liberalem
1499 131 1654 174 fuisse:

182 193 356 244 eiusque
386 190 449 230 rei
478 202 649 230 causam
679 201 779 230 vere
809 188 1022 241 explicas3
1071 189 1115 228 et
1153 189 1235 237 eis,
1279 201 1391 240 quae
1430 189 1482 230 de
1520 190 1659 231 Fabio

184 249 445 300 Caninioque
483 248 580 287 acta
610 245 787 294 scribis,
829 246 952 287 valde
991 246 1281 286 consentiunt:
1323 258 1433 298 quae
1471 246 1507 287 si
1535 260 1658 287 secus

183 308 322 347 essent
351 307 571 355 totumque
601 316 646 343 se
674 303 751 343 ille
779 303 825 342 in
855 315 922 342 me
941 302 1209 354 profudisset,
1239 305 1381 343 tamen
1406 304 1498 352 illa,
1530 315 1658 355 quam

184 364 357 410 scribis,
398 363 538 403 custos
579 360 698 401 urbis
735 373 802 400 me
831 361 1078 412 praeclarae
1110 359 1402 412 inscriptionis
1431 373 1658 401 memorem

185 433 274 461 esse
313 421 504 472 cogeret,
543 431 623 458 nec
660 417 764 458 mihi
804 417 1079 466 concederet,
1119 418 1167 457 ut
1196 417 1388 458 imitarer
1416 418 1659 459 Volcatium

184 479 258 518 aut
288 477 503 529 Servium,
532 475 685 527 quibus
713 476 760 514 tu
789 486 833 514 es
862 476 1085 515 contentus
1096 487 1109 524 3
1139 474 1213 514 sed
1243 474 1406 526 aliquid
1426 487 1504 515 nos
1528 476 1660 515 vellet

185 534 310 575 nobis
339 534 511 587 dignum
538 535 581 573 et
609 532 766 572 sentire
787 533 829 570 et
851 531 1090 572 defendere.
1149 531 1269 579 Quod
1290 532 1460 584 quidem
1476 543 1660 585 agerem,

136 588 163 627 4
185 593 221 633 si
250 592 426 639 liceret,
471 591 556 630 alio
586 588 732 637 mode,
770 600 819 628 ac
859 600 973 628 nunc
1012 588 1217 641 agendum
1248 590 1321 629 est.
1389 589 1454 629 De
1483 601 1559 628 sua
1587 601 1661 641 po-

185 650 320 690 tentia
359 647 564 688 dimicant
604 646 794 685 homines
843 645 926 684 hcc
967 646 1180 697 tempore,
1222 646 1418 699 periculo
1459 646 1657 686 civitatis.

186 707 315 758 Nam,
343 706 380 746 si
405 717 475 746 res
504 702 679 757 publica
707 701 971 750 defenditur3
1012 714 1089 742 cur
1118 714 1190 752 ea,
1233 704 1409 743 consule
1438 702 1519 743 isto
1549 703 1659 755 ipso,

186 764 359 805 defensa
389 774 473 803 non
504 760 596 801 est?
628 771 706 800 cur
735 771 826 811 ege,
855 758 900 798 in
930 758 1051 799 cuius
1079 771 1205 800 causa
1233 761 1299 800 rei
1318 760 1518 813 publicae
1547 761 1661 801 salus

188 820 459 869 consistebat,
489 818 684 858 defensus
713 818 883 868 postero
914 828 1025 855 anno
1058 828 1144 856 non
1174 816 1296 859 sum?
1326 830 1403 858 cur
1430 817 1661 869 imperium

186 879 253 919 illi
283 879 355 918 aut
387 889 463 917 cur
490 876 567 916 illo
589 873 711 914 modo
731 874 1004 925 prorogatum
1033 871 1123 914 est?
1154 885 1233 913 cur
1262 875 1380 914 tanto
1411 886 1539 927 opere
1557 886 1661 927 pug-

186 937 334 977 natum
363 935 450 986 est,
488 934 536 973 ut
565 931 616 971 de
647 931 737 971 eius
766 928 952 970 absentis
990 930 1156 970 ratione
1186 929 1384 971 habenda
1411 931 1556 972 decem
1585 931 1662 971 tri-

186 992 293 1034 buni
321 990 459 1044 plebis
486 987 681 1030 ferrent?
739 987 818 1028 His
847 987 923 1027 ille
951 986 1079 1027 rebus
1107 987 1169 1027 ita
1199 987 1438 1037 convaluit,
1468 989 1517 1028 ut
1545 1000 1661 1029 nunc

186 1051 232 1091 in
259 1061 344 1090 uno
374 1048 460 1089 civi
489 1059 583 1099 spes
614 1045 666 1086 ad
695 1043 976 1085 resistendum
1005 1044 1086 1086 sitt
1122 1045 1195 1095 qui
1223 1045 1420 1093 mallem,
1450 1046 1591 1085 tantas
1620 1045 1661 1084 ei

137 1105 296 1149 5vires
326 1119 411 1147 nou
440 1104 646 1154 dedisset,
676 1114 804 1153 quam
832 1114 946 1141 nunc
976 1102 1064 1141 tam
1092 1102 1254 1142 valenti
1286 1102 1518 1144 resisteret.
1577 1101 1662 1143 Sed

185 1164 384 1218 quoniam
413 1175 481 1202 res
511 1173 561 1200 eo
591 1159 774 1200 deducta
802 1160 889 1210 est,
918 1169 1003 1197 non
1034 1171 1254 1209 quaeram,
1286 1160 1335 1198 ut
1364 1159 1538 1207 scribis,
1581 1157 1662 1196 ποῦ

183 1256 236 1291 tio
263 1253 391 1290 Ceteri
416 1262 497 1286 cum
523 1260 642 1292 marg.
668 1249 767 1282 Crat.
798 1247 872 1280 ΟΒ.
897 1265 943 1271 -—
989 1247 1112 1288 effu-9„
1137 1247 1531 1281 verschwenderische
1555 1245 1664 1281 Frei-

184 1300 393 1348 gebigkeit.
419 1317 464 1323 —
511 1297 638 1338 illum,
664 1295 873 1328 Caesarem.
899 1310 946 1317 -
993 1292 1110 1326 Fabio
1132 1292 1245 1326 Gallo
1263 1293 1489 1336 Caninioque
1507 1293 1661 1336 Rebilo,

185 1356 346 1392 utroque
363 1343 537 1381 Caesaris
560 1343 702 1386 legato,
729 1340 822 1373 utin
847 1338 927 1373 eius
945 1339 1233 1374 commentariis.
1280 1339 1491 1374 MANUT.
1532 1340 1662 1373 Histo-

183 1397 278 1431 riam
304 1394 532 1437 ignoramus.
580 1386 815 1423 ERNESTI.
842 1404 887 1410 —-
934 1389 1115 1429 totumque
1131 1411 1138 1419 .
1157 1386 1350 1430 .profud.,
1389 1386 1465 1419 und
1490 1387 1592 1420 h‘atte
1619 1396 1663 1420 er

187 1443 268 1478 sich
299 1440 392 1474 auch
419 1447 513 1482 ganz
546 1446 591 1469 an
617 1434 715 1468 mich
753 1432 1045 1466 verschwendet.
1071 1450 1115 1456 —
1163 1443 1270 1475 quam
1294 1444 1340 1465 =
1365 1432 1411 1466 de
1437 1443 1509 1477 qua
1532 1432 1578 1466 ad
1602 1443 1661 1466 me

185 1487 333 1523 scribis.
357 1504 402 1510 —
449 1486 570 1517 custos
594 1481 716 1522 urbis,
747 1479 942 1513 Minervae
966 1484 1106 1521 statua,
1142 1489 1251 1522 quam
1277 1477 1315 1511 in
1341 1478 1517 1513 exsilium
1544 1477 1661 1523 profi-

187 1536 333 1570 ciscens
364 1531 401 1565 in
435 1528 575 1573 templo
611 1526 714 1560 Iovis
757 1523 961 1568 Capitolini
1004 1523 1135 1568 posuit
1170 1535 1251 1557 cum
1289 1524 1358 1558 hac
1397 1525 1662 1569 inscriptione.-

189 1579 380 1616 CUSTOS
409 1574 575 1611 URBIS.
622 1570 830 1607 MANUT.
881 1571 934 1604 Er
960 1570 1111 1603 deutete
1137 1569 1252 1603 damit
1266 1581 1324 1613 an,
1349 1571 1434 1605 dass
1456 1582 1511 1614 er,
1538 1571 1585 1604 da
1604 1581 1660 1613 er,

188 1628 260 1664 seit
284 1627 351 1662 691
377 1623 445 1657 der
468 1619 712 1663 Schutzgeist
735 1617 803 1650 der
827 1616 935 1651 Stadt
960 1616 1034 1649 und
1059 1616 1263 1660 Republik,
1288 1616 1380 1650 ietzt
1413 1617 1661 1651 auswandern

188 1677 327 1715 musse,
351 1671 457 1704 diese
481 1668 573 1702 ietzt
597 1667 635 1700 in
660 1665 731 1698 den
748 1663 887 1698 Schutz
912 1662 982 1696 der
1005 1661 1176 1696 Minerva
1191 1663 1312 1706 geben
1333 1664 1461 1698 wolle.
1489 1682 1532 1689 —
1581 1663 1662 1707 qui-

189 1722 254 1755 bus
279 1723 317 1752 tu
341 1728 378 1751 es
403 1718 598 1750 contentus.
654 1710 796 1746 Scribis
823 1709 919 1742 enim
946 1708 983 1742 in
1011 1709 1080 1742 hac
1105 1708 1208 1742 civili
1227 1710 1483 1743 controversia
1507 1716 1544 1743 te
1569 1709 1660 1743 satis

189 1774 344 1812 putare,
381 1763 414 1797 si
439 1772 510 1805 ego
535 1764 675 1793 tantum
700 1757 739 1790 id
764 1767 889 1799 agam,
924 1754 1024 1799 quod
1051 1755 1251 1790 Volcatius
1283 1755 1417 1790 Tullus
1443 1762 1479 1789 et
1504 1755 1660 1790 Servjug

190 1811 395 1857 Sulpicius,
421 1807 592 1842 homines
607 1804 837 1845 consulares,
864 1802 928 1844 qui
953 1812 993 1835 se
1019 1806 1183 1834 neutram
1199 1801 1236 1834 in
1254 1807 1397 1845 partem
1422 1802 1531 1836 valde
1547 1801 1661 1836 iacta-

188 1861 290 1895 bant.
339 1853 559 1891 MANUTz
605 1851 717 1885 Iener
747 1859 828 1882 war
852 1849 941 1890 688,
977 1846 1103 1881 dieser
1125 1849 1192 1882 703
1217 1848 1355 1882 Consul
1380 1859 1567 1893 gewesen.

279 1905 314 1938 4.
348 1902 531 1943 homines,
566 1899 702 1933 Caesar
733 1901 770 1929 et
802 1892 1019 1938 Pompeius
1045 1913 1088 1920 --
1135 1894 1344 1936 defenditur
1368 1906 1389 1928 a
1412 1893 1597 1939 Pompeio
1623 1897 1661 1927 et

190 1948 448 1995 Pompeianis,
475 1944 728 1991 optimatibus.
756 1961 800 1966 -
847 1941 917 1974 isto
941 1940 1033 1984 ipso,
1061 1940 1233 1974 Caesare.
1261 1958 1307 1965 -
1353 1941 1499 1983 defensa
1514 1951 1585 1974 non
1609 1943 1661 1973 est

190 2009 213 2032 a
236 1995 421 2041 Pompeio
447 1999 577 2027 contra
601 1991 797 2026 Caesarem
822 1987 1012 2020 consulem
1048 1986 1229 2020 exitiosas
1260 1985 1317 2019 rei
1348 1988 1523 2030 publicae
1556 1987 1661 2029 leges

190 2055 260 2089 per
284 2042 358 2077 vim
383 2038 590 2075 ferentem‘}
626 2033 836 2071 MANUT.
864 2052 907 2058 —-
955 2032 1129 2077 reipubl.
1153 2032 1266 2072 salus,
1292 2033 1392 2075 quod
1411 2033 1548 2067 exsilio
1567 2032 1661 2066 Tul-

192 2091 237 2125 lii
260 2089 536 2124 infirmarentur
560 2089 642 2118 acta
664 2087 825 2116 senatus.
874 2079 1033 2115 Senatus
1058 2078 1155 2112 enim
1180 2077 1376 2112 Catilinam
1412 2079 1659 2113 damnaverat.

191 2134 399 2172 MANUT.
424 2152 469 2157 —
515 2132 649 2173 defens,
672 2140 707 2172 p.
735 2137 819 2161 ann.
845 2137 879 2160 n.
904 2136 984 2159 sum
1007 2135 1027 2158 a
1051 2124 1251 2168 Pompeio,
1277 2123 1418 2159 Pisone
1443 2131 1480 2159 et
1497 2124 1659 2158 Gabinio

193 2181 423 2223 consulibus,
440 2189 551 2222 quum
566 2177 603 2210 in
618 2174 792 2210 exsilium
809 2170 1068 2216 indignissime
1081 2171 1210 2216 pulsus
1225 2180 1355 2206 essem.
1391 2170 1601 2206 MANUT.
1616 2188 1660 2196 —

192 2228 389 2273 imperium
414 2226 452 2259 in
485 2223 622 2259 Gallia.
650 2241 693 2247 —
741 2220 820 2261 illi,
847 2217 1014 2254 Caesari.
1039 2236 1083 2242 —-
1130 2217 1197 2250 illo
1222 2217 1351 2260 modo,
1377 2217 1444 2251 mit
1469 2217 1590 2251 einem
1616 2226 1658 2251 so

192 2273 460 2310 ansehnlichen
485 2269 786 2312 Kriegesheere,
812 2265 929 2299 durch
954 2263 1083 2298 solche
1106 2262 1250 2305 mitten
1287 2274 1356 2308 per
1380 2263 1476 2307 vim,
1503 2263 1592 2307 quia
1616 2262 1657 2298 C.

193 2320 408 2356 Trebonius
432 2317 521 2352 trib.
549 2316 621 2360 pL,
658 2314 723 2359 qui
755 2313 875 2356 legem
907 2309 1053 2344 ferebat
1084 2308 1132 2342 de
1163 2310 1406 2353 prorogando
1441 2310 1479 2343 in
1504 2311 1659 2344 alterum

193 2364 490 2412 quinquennium
516 2361 688 2397 Caesaris
714 2357 893 2402 imperio,
934 2356 986 2391 M.
1021 2355 1198 2389 Catonem
1234 2355 1312 2400 legi
1344 2356 1588 2390 obsistentem
1619 2354 1659 2388 in

194 2423 382 2449 carcerem
412 2408 534 2444 duxit.
582 2405 791 2441 MANUT.
825 2422 868 2428 —
911 2405 1117 2447 pugnatum
1152 2405 1204 2434 est
1237 2412 1258 2435 a
1290 2402 1474 2447 Pompeio
1509 2401 1658 2435 tertium

192 2460 361 2495 consule.
408 2453 617 2492 MANUT.
644 2471 686 2479 -
732 2461 822 2495 spes,
866 2448 931 2484 Sic
946 2449 1036 2483 Ern.
1063 2446 1160 2481 coni.
1186 2446 1275 2482 Sch.
1299 2449 1393 2483 Liin.
1420 2449 1532 2483 Certa
1555 2447 1659 2481 vide-

193 2513 253 2541 tur
278 2503 503 2540 emendatio,
552 2501 628 2536 cfr.
664 2498 748 2532 Lib.
772 2498 812 2539 8,
838 2497 877 2530 l:
911 2495 951 2529 in
975 2494 1084 2527 unius
1107 2493 1289 2528 hominis.
1305 2520 1314 2528 .
1331 2520 1340 2529 .
1360 2495 1484 2528 anima
1515 2495 1659 2537 positas

192 2563 315 2587 omnes
346 2554 493 2584 nostras
520 2557 602 2592 spes
631 2544 819 2584 habemus3
859 2541 959 2576 unde
991 2540 1185 2586 desumpta
1218 2546 1276 2574 est
1305 2540 1434 2574 Lamb.
1468 2540 1573 2574 ratio.
1599 2551 1659 2574 res

190 2599 294 2636 Mdd.
331 2597 425 2633 Cdd.
466 2593 660 2641 plerique,
695 2591 850 2625 Ascens.
882 2589 917 2623 1.
957 2587 1092 2622 Graev.
1161 2587 1359 2622 ORELLI.
1384 2587 1425 2621 oe'n
1462 2596 1531 2620 uno
1567 2586 1657 2630 civi,

189 2647 420 2728 Ροωὲειὲᾆῡ
441 2686 606 2733 σκάφος,
635 2682 701 2719 ubi
735 2679 924 2725 navigium
955 2678 1197 2716 Atridarum?
1227 2679 1264 2715 h,
1290 2689 1324 2715 e.
1357 2687 1431 2714 non
1466 2688 1655 2723 quaeram,
