1795 3043
220 127 322 176 420
475 120 544 169 M.
578 121 636 166 T.
672 118 1016 168 CICERONIS
1048 120 1420 170 EPISTOLAE.

319 232 636 285 EPISTOLA
671 234 1045 281 CCCXXXVIII.
1089 234 1171 292 (ad
1199 235 1290 281 Att.
1326 234 1453 281 VIII.
1491 237 1594 294 14.)

356 311 440 347 scr.
465 309 627 346 Formiis
652 309 725 347 v1.
749 311 846 346 Non.
872 312 983 347 Mart.
1008 311 1053 345 A.
1080 310 1127 346 U.
1153 311 1195 347 c,
1221 312 1299 346 705.
1333 313 1381 354 (a.
1407 311 1446 346 c.
1471 311 1545 354 49.)

221 380 432 421 Etiamnum
455 388 498 416 se
522 378 692 424 nescire,
726 379 817 423 quid
842 378 990 413 consilii
1015 378 1157 424 capiat;
1188 378 1235 413 de
1246 378 1416 414 Domitio
1440 377 1545 414 varia
1559 377 1680 414 auditi

807 426 948 461 scribit.
987 427 1100 461 1—3.
1774 454 1776 458 ,

711 494 899 529 CICERO
929 493 1122 528 ATTICO
1154 492 1195 529 S.
1794 487 1795 548 ᾗ

332 541 426 584 Non
457 541 627 595 dubito,
678 544 782 594 quin
821 542 900 582 tibi
929 542 1097 583 odiosae
1126 542 1213 582 sint
1243 541 1446 594 epistolae
1476 540 1683 592 quotidia-

220 611 326 651 nae,
370 612 499 651 quum
536 599 785 652 praesertim
823 611 961 650 neque
991 610 1099 640 nova
1128 599 1179 639 de
1208 611 1256 639 re
1285 599 1428 650 aliqua
1457 600 1683 639 certiorem
1735 633 1744 639 ,,
1792 635 1793 638 ,

221 660 266 698 te
303 657 459 698 faciam
494 668 631 707 neque
672 667 823 696 novam
863 656 1043 705 denique
1080 656 1164 696 iam
1210 656 1421 709 reperiam
1450 655 1683 696 ‘scribendi

220 715 355 754 ullam
383 713 647 754 sententiam.
707 712 809 762 Sed,
838 712 875 752 si
908 711 1048 752 dedita
1076 724 1226 765 opera,
1257 726 1385 764 quum
1415 726 1541 753 causa
1564 713 1683 752 nulla

220 772 353 824 esset,
400 769 646 810 tabellarios
685 768 738 810 ad
777 770 819 809 te
858 780 956 809 cum
993 768 1190 810 inanibus
1229 771 1418 822 epistolis
1454 770 1680 816 mitterem,

220 830 408 869 facerem
435 826 590 878 inepte.
650 825 861 866 Euntibus
890 836 1013 878 vero,
1051 825 1290 867 domesticis
1318 827 1594 879 praesertim,
1634 827 1683 866 ut

221 885 332 925 nihil
362 883 414 924 ad
444 885 486 923 te
515 882 609 922 dem
636 883 876 930 literarum,
907 883 1049 923 facere
1078 895 1161 923 non
1187 896 1374 936 possum:
1419 884 1461 923 et
1482 884 1607 924 simul
1625 903 1684 912 —-

222 940 350 983 crede
386 940 492 980 mihi
527 961 586 969 -—
641 941 862 991 requiesco
899 939 1090 991 paullum
1128 940 1173 980 in
1211 941 1279 980 his
1307 940 1509 993 miseriis,
1554 952 1684 992 quum

224 998 345 1051 quasi
372 999 512 1038 tecum
539 998 717 1047 loquor;
759 1009 886 1048 quum
918 1008 1016 1037 vero
1047 999 1140 1037 tuas
1168 997 1367 1049 epistolas
1397 999 1514 1050 lego,
1549 998 1683 1037 multo

222 1055 354 1096 etiam
382 1054 526 1107 magis.
584 1053 761 1094 Omnino
791 1054 983 1106 intelligo
1012 1055 1176 1094 nullum
1213 1054 1347 1094 fuisse
1384 1056 1550 1106 tempus
1587 1056 1684 1106 post

223 1113 302 1153 has
329 1113 451 1164 fugas
479 1111 521 1151 et
547 1110 816 1158 formidines,
861 1109 973 1161 quod
1012 1111 1144 1163 magis
1183 1110 1378 1151 debuerit
1404 1113 1564 1152 mutum
1594 1124 1685 1152 esse

224 1182 250 1210 a
277 1169 433 1209 literis:
484 1166 733 1220 propterea,
764 1165 875 1219 quod
904 1178 1043 1218 neque
1072 1168 1227 1207 Romae
1257 1167 1484 1218 quidquam
1512 1168 1685 1209 auditur

223 1226 344 1274 novi3
395 1236 474 1264 nec
514 1224 557 1263 in
587 1224 653 1264 his
694 1225 823 1271 locis,
861 1235 969 1274 quae
1008 1238 1032 1264 a
1062 1223 1287 1264 Brundisio
1328 1223 1479 1265 absunt
1505 1225 1682 1277 propius

223 1295 352 1333 quam
382 1283 427 1321 tu
458 1280 629 1320 biduum
659 1282 732 1319 aut
759 1279 956 1320 triduum.
1013 1280 1228 1320 Brundisii
1267 1283 1407 1321 autem
1442 1293 1565 1322 omne
1594 1294 1684 1322 cer-

224 1341 363 1379 tamen
394 1336 574 1378 vertitur
602 1337 729 1377 huius
756 1336 884 1389 primi
912 1337 1126 1388 temporis.
1174 1338 1266 1385 Qua
1283 1338 1450 1389 quidem
1470 1340 1686 1390 exspecta-

224 1396 342 1437 tione
372 1396 590 1445 torqueor.
649 1393 733 1433 Sed
760 1393 901 1434 omnia
931 1396 1029 1433 ante
1046 1406 1121 1434 nos
1139 1394 1333 1436 sciemus.
1390 1395 1549 1436 Eodem
1573 1394 1684 1436 enim

224 1452 296 1493 die
323 1451 445 1493 video
469 1450 689 1491 Caesarem
711 1464 736 1491 a
757 1449 941 1491 Corfinio
970 1452 1065 1502 post
1086 1451 1301 1491 meridiem
1316 1452 1554 1504 profectum
1576 1464 1683 1500 esse,

224 1509 271 1550 id
301 1509 390 1560 est,
419 1507 667 1556 Feralibus,
697 1518 780 1559 quo
802 1506 983 1548 Canusio
1012 1520 1135 1549 mane
1163 1508 1424 1560 Pompeium.
1480 1510 1543 1549 Eo
1560 1509 1684 1549 modo

225 1566 366 1607 autem
395 1563 582 1605 ambulat
612 1564 765 1605 Caesar
794 1565 838 1604 et
863 1563 917 1604 iis
946 1564 1095 1605 diariis
1122 1565 1304 1605 militum
1332 1566 1593 1606 celeritatem
1619 1565 1685 1605 iu·

225 1623 355 1671 citat,
395 1623 442 1662 ut
470 1622 659 1671 timeam,
688 1633 743 1662 ne
771 1620 899 1662 citius
927 1621 981 1661 ad
1009 1621 1304 1672 Brundisium,
1335 1634 1459 1673 quam
1489 1636 1594 1675 opus
1611 1622 1682 1671 sit,

172 1686 202 1728 2
224 1678 466 1720 accesserit.
523 1678 671 1719 Dices:
710 1677 852 1730 „Quid
878 1677 1009 1730 igitur
1036 1678 1230 1729 proficis,
1262 1679 1334 1730 qui
1355 1679 1562 1731 anticipes
1592 1680 1685 1720 eius

224 1736 290 1777 rei
317 1734 574 1788 molestiam,
613 1747 741 1787 quam
771 1733 914 1775 triduo
943 1734 1127 1775 sciturus
1156 1735 1275 1776 sis?”
1332 1736 1450 1776 Nihil
1473 1736 1683 1788 equidem.

314 1860 348 1892 1.
373 1860 613 1903 sententiam,
649 1857 878 1901 Gedanken‚
911 1857 1066 1892 Ansicht
1092 1857 1160 1891 der
1183 1857 1320 1902 Dinge.
1355 1878 1396 1883 —
1443 1870 1550 1903 quum
1573 1870 1684 1893 causa

223 1916 256 1939 n.
283 1907 391 1944 esset,
418 1906 518 1938 ohne
541 1905 616 1938 alle
633 1904 925 1948 Veranlassung.
952 1923 997 1930 -
1034 1905 1156 1947 facere
1170 1915 1240 1937 non
1257 1915 1378 1948 pos-9„
1404 1903 1465 1939 ich
1487 1905 1584 1938 kann
1612 1905 1683 1940 od.

222 1950 364 1985 konnte
389 1950 488 1984 mich
512 1950 615 1984 nicht
638 1950 733 1984 dazu
758 1951 1048 1993 entschliessen‚
1075 1962 1114 1984 es
1133 1950 1236 1984 nicht
1249 1951 1342 1985 iiber
1357 1950 1452 1984 mich
1471 1951 1681 1995 gewinnen.

224 1996 265 2031 S.
291 1997 441 2031 Ramsh.
474 1997 606 2039 §.203‚
640 1997 722 2039 111,
755 1998 790 2032 3.
831 1998 917 2040 166,
948 1997 970 2030 2
1001 2007 1032 2030 c.
1058 1997 1158 2030 Nota
1190 1997 1264 2030 und
1294 1998 1324 2041 ξ.
1345 1998 1428 2038 185,
1464 1997 1496 2031 2.
1536 1998 1681 2032 Grot'et'.

221 2043 252 2084 §.
270 2043 351 2086 404,
376 2043 409 2076 2.
443 2061 488 2067 —
534 2046 672 2075 mutum
696 2052 771 2076 esse
795 2053 818 2076 α
842 2043 919 2085 lit„
955 2041 1016 2076 die
1042 2042 1079 2076 in
1105 2042 1279 2077 Hinsicht
1303 2043 1368 2076 des
1391 2042 1683 2078 Briefwechsels

223 2088 325 2122 hatte
350 2094 524 2122 stummer
548 2088 630 2123 sein
662 2088 728 2122 od.
760 2089 866 2122 mehr
889 2095 1137 2123 verstummen
1161 2088 1295 2123 sollen.
1326 2107 1371 2113 -
1418 2090 1617 2124 Brundisii
1640 2116 1648 2124 .
1672 2116 1680 2125 .

223 2137 420 2178 temporis,
454 2134 697 2168 Brundisium
731 2135 821 2169 aber
841 2134 890 2169 ist
914 2135 981 2169 der
1007 2136 1097 2178 Ort,
1134 2146 1195 2168 wo
1227 2135 1307 2169 sich
1331 2135 1398 2168 der
1422 2146 1539 2178 ganze
1563 2135 1682 2170 Streit

223 2180 351 2214 dieser
386 2186 511 2214 ersten
542 2181 625 2214 Zeit
661 2180 785 2215 seines
819 2181 1037 2215 Ausbruchs
1070 2180 1309 2215 entscheiden
1340 2191 1440 2214 muss
1478 2180 1513 2215 d.
1547 2181 1570 2216 i.
1614 2181 1682 2216 der

221 2226 362 2271 Kampf
382 2227 476 2260 iiber
498 2226 653 2261 Italiens
676 2227 820 2261 Besitz.
850 2246 896 2253 -—
942 2231 1024 2262 ante
1049 2237 1156 2270 quam
1181 2238 1262 2261 vos.
1293 2245 1336 2251 -
1383 2227 1589 2261 Feralibus.
1627 2228 1680 2263 So

221 2272 323 2306 hiess
355 2271 415 2306 ein
449 2272 624 2316 Festtag,
668 2272 836 2307 welcher
868 2273 941 2307 den
973 2272 1059 2307 Diis
1085 2271 1257 2307 Manibus
1290 2281 1335 2306 zu
1361 2273 1488 2306 Ehren
1521 2274 1682 2317 gefeiert

222 2317 366 2352 wurde.
416 2317 471 2351 Er
500 2318 565 2351 fiel
601 2317 665 2352 auf
693 2318 764 2353 den
795 2320 851 2353 22.
869 2320 1048 2354 Februar.
1094 2319 1162 2354 Um
1196 2319 1323 2352 diesen
1358 2328 1404 2352 zu
1437 2320 1679 2363 bezeichnen,

221 2365 324 2408 fiigte
348 2363 482 2398 Cicero
507 2364 548 2397 id
570 2368 622 2397 esc
646 2364 770 2399 hinzu.
813 2365 851 2400 S.
881 2377 939 2410 ep.
960 2366 1036 2400 341.
1086 2364 1184 2398 Ovid
1209 2365 1297 2398 aber
1322 2364 1396 2398 und
1421 2366 1571 2400 Andere
1595 2368 1680 2410 spii-

221 2415 302 2444 tere
327 2410 505 2453 verlegen
529 2410 622 2443 nach
648 2410 728 2444 dem
754 2422 828 2445 von
840 2412 952 2446 Ciisar
969 2410 1041 2444 und
1054 2411 1199 2453 August
1215 2411 1679 2446 verbessertenKalender

223 2456 290 2491 das
305 2456 394 2490 Fest
418 2456 483 2489 auf
505 2456 575 2489 den
601 2457 656 2490 19.
672 2457 852 2491 Februar.
900 2457 975 2491 Cir.
1003 2457 1048 2489 de
1075 2462 1151 2489 toto
1169 2456 1252 2489 loco
1271 2457 1506 2492 Pontederae
1530 2460 1676 2502 Antiqq.

221 2502 304 2536 Lat.
327 2513 363 2546 p.
383 2503 463 2537 319.
506 2502 590 2537 Van
619 2503 786 2537 Vaassen
810 2504 941 2536 Fastos
965 2502 1092 2546 p.276.
1123 2502 1195 2536 ΟΠ.
1223 2521 1267 2527 -—
1307 2514 1347 2537 eo
1373 2504 1477 2537 modo
1503 2505 1677 2547 ambulat,

221 2548 283 2582 hat
315 2558 357 2582 so
383 2548 468 2582 eine
491 2547 624 2592 eigene
647 2549 716 2582 Art
739 2548 818 2582 sich
831 2548 976 2582 Motion
1002 2558 1047 2581 zu
1071 2549 1237 2582 machen.
1275 2547 1326 2583 So
1343 2561 1401 2594 ep.
1418 2550 1678 2593 CCCXXXV‚

220 2596 260 2628 1:
293 2594 432 2628 bellum
457 2593 676 2628 ambulando
703 2594 954 2628 confecerunt.
978 2611 1025 2618 -
1062 2594 1197 2627 diariis
1222 2593 1244 2627 i.
1271 2606 1300 2628 e.
1328 2595 1514 2639 stipendia
1537 2595 1678 2630 maiora

219 2641 257 2673 in
282 2639 451 2683 singulos
476 2640 557 2674 dies
581 2639 763 2674 militibus
788 2639 1052 2684 promittendo,
1078 2640 1183 2674 SCH.
1223 2640 1463 2675 Brundisium
1499 2641 1546 2675 ist
1580 2647 1677 2675 etwa

216 2687 261 2720 60
285 2685 463 2719 deutsche
483 2687 645 2730 Meilen,
671 2686 868 2720 Canusium
892 2686 938 2720 32
962 2696 1034 2718 von
1060 2685 1266 2720 corfinium
1292 2688 1464 2721 entsernt.
1490 2705 1534 2712 —·
1569 2698 1676 2731 quam

215 2742 304 2777 opus
326 2731 393 2774 sit,
428 2732 483 2766 als
507 2743 549 2766 er
574 2732 707 2766 einmal
732 2731 864 2775 nothig
888 2731 950 2765 hat
975 2731 1040 2766 od.
1067 2731 1120 2765 als
1147 2743 1213 2766 uns
1238 2738 1305 2775 gut
1329 2733 1389 2767 ist.

301 2777 334 2812 2.
370 2779 521 2821 proficis
546 2804 554 2813 .
576 2803 584 2813 .
601 2804 609 2815 .
635 2779 793 2813 sciturus
817 2777 897 2813 sis?
926 2778 1018 2816 Was
1043 2777 1228 2821 gewinnst
1250 2778 1313 2812 Du
1339 2777 1467 2819 dabei,
1501 2777 1584 2813 dass
1610 2778 1671 2812 Du
