1795 3043
550 31 863 123 EPI'STOLA
906 69 1149 118 CCLXXI.
1488 71 1592 120 255

124 193 283 247 possim
312 189 592 233 commodare.
656 186 800 229 Omnis
829 185 943 226 enim
973 186 1158 238 pecunia
1186 184 1247 226 ita
1275 184 1503 234 tractatur,
1544 182 1593 221 ut

125 251 298 304 praeda,
329 263 353 290 a
371 247 620 302 praesectis3
652 257 762 297 quae
784 245 924 284 autem
955 244 1058 283 mihi
1086 242 1289 283 attributa
1314 243 1389 291 est,
1420 254 1445 281 a
1466 251 1594 291 quae·

126 310 240 349 store
271 310 457 347 curatur.
514 302 637 351 Quod
666 302 858 353 quaeris,
885 300 987 352 quid
1017 300 1249 341 existimem
1267 299 1318 340 de
1337 295 1589 352 legionibus,
1615 298 1645 341 5

128 377 238 417 quae
268 363 464 404 decretae
491 362 589 402 sunt
618 360 662 399 in
685 360 868 413 Syriam:
901 360 1025 398 antea
1046 358 1305 410 dubitabam,
1334 360 1595 399 venturaene

130 423 294 470 essent3
332 432 446 460 nunc
475 418 581 459 mihi
609 430 694 457 uon
725 418 788 457 est
818 413 1006 467 dubium,
1035 417 1152 467 quin,
1185 418 1219 456 si
1249 419 1374 456 antea
1403 415 1595 456 auditum

129 479 215 519 erit
244 478 377 518 otium
407 488 495 517 esse
524 476 568 515 in
601 474 746 527 Syria,
784 475 988 514 venturae
1016 486 1102 514 non
1132 473 1227 513 sint.
1286 474 1468 513 Marium
1505 470 1597 522 qui·
1649 475 1652 476 ’

130 536 227 576 dem
257 545 541 575 successorem
570 531 691 571 tarde
718 531 841 572 video
864 543 952 571 esse
971 533 1209 578 venturum,
1238 532 1467 583 propterea
1483 526 1597 581 quod

131 595 303 634 senatus
333 592 393 632 ita
421 588 622 641 decrevit,
650 591 698 629 ut
727 601 824 629 cum
852 587 1092 640 legionibus
1120 588 1219 629 iret.
1278 588 1363 629 Uni
1394 586 1597 639 epistolae

132 649 350 702 respondi:
383 649 508 688 venio
537 646 590 687 ad
619 647 808 686 alteram.
841 646 957 686 Petis
987 660 1011 686 a
1041 659 1121 694 me,
1153 647 1200 686 ut
1217 645 1442 686 Bibulo-te
1471 654 1596 695 quam
1619 636 1650 676 6

134 706 457 760 diligentissime
478 703 789 745 commendem:
821 703 866 743 in
885 715 969 755 quo
990 704 1097 744 mihi
1126 705 1322 744 voluntas
1349 715 1433 743 non
1463 701 1600 741 deest:

133 764 208 804 sed
245 765 363 803 locus
404 774 492 802 esse
531 761 699 801 videtur
733 763 875 802 tecum
905 761 1219 812 expostulandi:
1257 761 1371 801 solus
1411 758 1523 799 enim
1552 760 1600 797 tu

136 833 188 861 ex
218 820 429 870 omnibus,
460 819 535 870 qui
566 832 663 859 cum
692 818 848 859 Bibulo
878 821 993 867 sunt,
1033 819 1260 859 certiorem
1289 831 1356 858 me
1385 826 1603 867 nunquam

134 877 301 927 fecisti,
331 889 459 928 quam
486 876 609 917 valde
626 876 772 917 Bibuli
799 877 995 917 voluntas
1026 889 1051 916 a
1078 889 1144 916 me
1174 877 1263 916 sine
1293 889 1421 916 causa
1450 873 1603 914 abhor-

135 936 264 975 reret.
334 934 542 974 Permulti
587 934 699 974 enim
748 934 801 974 ad
843 946 908 972 me
945 933 1211 982 detulerunt,
1257 945 1383 985 quum
1426 941 1611 983 magnus·

136 991 399 1034 Antiocheae
428 994 563 1031 metus
594 993 703 1031 esset
732 992 774 1031 et
801 1003 950 1043 magna
980 1003 1074 1042 spes
1103 991 1146 1030 in
1177 1004 1245 1031 me
1273 993 1398 1041 atque
1421 989 1464 1027 in
1486 999 1604 1028 exer·

138 1049 229 1089 citu
258 1060 365 1094 meo,
397 1048 567 1088 solitum
598 1049 740 1089 dicere
768 1047 934 1100 quidvis
964 1060 1008 1087 se
1037 1049 1203 1100 perpeti
1222 1049 1364 1094 malle,
1396 1057 1520 1097 quam
1543 1044 1606 1084 vi·

138 1105 230 1146 deri
259 1107 421 1157 eguisse
451 1105 611 1146 auxilio
641 1117 754 1146 meo:
786 1104 899 1156 quod
929 1117 1005 1158 ego
1033 1105 1177 1146 officio
1207 1095 1447 1157 iluaestorio
1472 1103 1513 1141 te
1535 1099 1608 1141 ad-

141 1163 316 1203 ductum
355 1162 537 1203 reticere
590 1163 641 1203 de
687 1165 884 1215 praetore
937 1165 1011 1202 tuo
1054 1175 1138 1203 non
1182 1164 1356 1203 moleste
1396 1159 1608 1201 ferebam:

139 1232 404 1271 quamquam,
437 1220 782 1270 quemadmodum
799 1220 1047 1271 tractarem,
1067 1220 1303 1261 audiebam.
1347 1220 1427 1259 Ille
1448 1219 1605 1262 autem,

142 1289 271 1327 quum
300 1277 352 1316 ad
381 1277 609 1317 Thermum
650 1278 701 1317 de
730 1277 930 1317 Parthico
960 1276 1075 1316 bello
1114 1277 1342 1325 scriberet,
1383 1275 1435 1316 ad
1464 1286 1530 1314 me
1558 1274 1608 1314 li-

142 1336 277 1374 teram
307 1346 521 1383 nunquam
549 1334 687 1382 misit3
720 1333 772 1372 ad
801 1346 924 1385 quem
954 1333 1223 1386 intelligebat
1251 1334 1340 1373 eius
1364 1332 1467 1373 belli
1497 1330 1609 1383 peri·

144 1392 288 1431 culum
318 1391 546 1442 pertinere.
603 1391 784 1431 Tantum
815 1391 865 1430 de
895 1393 1102 1443 auguratu
1131 1390 1212 1431 filii
1250 1391 1314 1431 sui
1355 1389 1526 1442 scripsit
1555 1386 1610 1429 ad

147 1522 274 1556 dieser
298 1525 366 1555 Art
392 1532 435 1555 zu
463 1520 663 1555 erweisen.
708 1522 819 1556 Denn
853 1533 892 1556 es
927 1522 977 1556 ist
1007 1523 1168 1567 pecunia
1192 1524 1355 1568 publica.
1372 1542 1416 1548 -
1457 1534 1478 1557 α
1500 1533 1611 1568 prae-

146 1570 269 1613 sectis,
298 1578 370 1600 non
395 1567 637 1606 militaribus,
664 1578 738 1601 non
762 1570 926 1611 fabrum,
959 1570 1025 1603 sed
1049 1570 1115 1613 iis,
1151 1571 1236 1614 qui,
1278 1571 1414 1613 quibus
1447 1570 1484 1603 in
1518 1569 1611 1603 civi-

148 1616 284 1650 tatibus
310 1615 438 1648 consul
464 1614 612 1648 assidue
638 1615 858 1649 commorari
884 1626 956 1648 non
988 1624 1136 1661 posset,
1174 1617 1211 1650 in
1247 1617 1293 1651 iis
1325 1617 1398 1662 ipsi
1427 1616 1484 1650 ius
1509 1616 1614 1650 dice-

149 1668 231 1696 rent
258 1667 293 1694 et
325 1661 361 1694 in
395 1666 563 1694 extremo
597 1671 692 1694 anno
726 1662 771 1695 ad
805 1663 1001 1706 generales
1033 1671 1236 1698 conventus
1261 1675 1282 1697 a
1305 1664 1530 1708 proconsule
1555 1662 1612 1696 in-

148 1709 269 1742 dictos
295 1706 638 1751 proficiscerentur,
665 1714 725 1751 ut,
753 1709 784 1743 si
812 1709 901 1751 quid
926 1709 963 1742 in
988 1709 1203 1744 civitatibus
1228 1721 1426 1755 perperam
1452 1709 1614 1743 iudicas-

147 1762 242 1796 sent,
268 1754 442 1796 querelas
468 1754 628 1787 omnium
654 1756 856 1798 proconsul
882 1756 1014 1790 audire
1040 1762 1076 1790 et
1101 1757 1317 1790 rescindere
1340 1757 1615 1801 praefectorum

148 1800 349 1836 sententias
381 1807 520 1844 posset.
543 1800 752 1835 MANUT.
778 1802 888 1836 SCH.
927 1803 1016 1847 vgl.
1045 1804 1074 1837 I.
1099 1804 1203 1848 Lips.
1230 1804 1387 1838 Excurs.
1406 1803 1444 1836 II
1470 1803 1515 1836 ad
1538 1803 1614 1835 Ta-

149 1849 210 1882 cit.
239 1846 369 1880 Annal.
389 1847 441 1890 ΙΙ,
460 1847 516 1880 60.
543 1865 588 1871 ——
630 1858 719 1891 quae
744 1871 753 1882 .
770 1874 778 1882 .
806 1853 889 1884 altr.
915 1854 992 1892 est,
1019 1850 1086 1884 der
1108 1849 1276 1894 Antheil‚
1305 1850 1374 1884 der
1397 1849 1469 1883 mir
1493 1850 1615 1883 davon
1632 1857 1641 1863 '·

145 1895 347 1929 zukommt.

239 1941 272 1973 5.
308 1950 380 1972 non
413 1943 464 1973 est
495 1939 660 1981 dubium,
693 1940 777 1984 quin
804 1952 884 1975 non.
917 1941 955 1976 S.
982 1943 1132 1977 Ramsh.
1158 1944 1185 1987 §.
1207 1945 1286 1987 185,
1312 1943 1399 1976 Not.
1416 1944 1447 1977 1.
1466 1942 1499 1976 2.
1532 1942 1615 1984 173,

148 1988 183 2022 3.
209 1987 255 2021 Ν.
291 1986 437 2021 Grotef.
464 1986 491 2028 ξ.
509 1988 587 2020 404.
614 1987 693 2021 464.
713 2006 756 2011 —
804 1988 863 2022 M.
884 1988 1072 2031 Marium,
1106 1990 1152 2023 ad
1178 2001 1286 2032 quem
1320 1995 1405 2022 sunt
1430 1988 1615 2033 epistolae

150 2040 326 2076 quattuor
350 2033 491 2077 primae
517 2032 607 2066 libri
633 2033 781 2078 septimi
807 2034 851 2067 ad
863 2035 1081 2070 Familiares
1108 2036 1280 2082 scriptae.
1297 2055 1341 2060 —
1372 2045 1617 2069 successorem

147 2080 296 2123 Bibuli,
329 2091 374 2113 an
400 2078 640 2114 Sallustiani?

242 2128 275 2161 6.
308 2127 371 2159 sed
394 2127 494 2159 locus
519 2153 526 2160 .
551 2153 558 2159 .
578 2153 585 2160 .
613 2131 676 2159 tec.
704 2131 858 2170 expost„
897 2127 986 2161 aber
1017 2127 1077 2162 ich
1109 2128 1205 2163 kann
1232 2128 1335 2162 nicht
1359 2127 1484 2161 umhin
1512 2126 1618 2160 diese

153 2172 401 2216 Gelegenheit
432 2183 477 2206 zu
512 2173 720 2216 ergreifen‚
759 2173 855 2207 mich
887 2174 979 2207 iiber
1002 2175 1103 2209 Dich
1136 2186 1181 2209 zu
1212 2175 1413 2218 beklagen.
1463 2174 1621 2208 Scilicet

153 2219 396 2263 expostulare
423 2230 501 2253 cum
523 2220 678 2254 Caninio
697 2220 831 2254 Cicero
857 2227 1018 2265 poterat,
1044 2222 1159 2265 quod,
1187 2233 1297 2266 quum
1323 2221 1463 2266 optime
1489 2220 1617 2260 sciret,

154 2275 261 2308 quam
285 2265 393 2299 valde
417 2266 546 2299 Bibuli
572 2267 744 2300 voluntas
770 2278 790 2300 a
815 2267 996 2301 Cicerone
1022 2268 1261 2311 abhorreret,
1288 2274 1430 2310 tamen,
1457 2274 1496 2300 ut
1522 2266 1551 2300 is
1578 2275 1620 2299 se

153 2311 291 2346 Bibulo
318 2313 600 2356 commendaret,
627 2320 758 2358 petere
783 2313 948 2347 auderet.
975 2314 1082 2348 SCH.
1109 2334 1154 2339 —-
1189 2316 1267 2349 sine
1293 2325 1414 2351 causa,
1442 2311 1619 2355 obgleich

156 2359 253 2391 ohne
279 2357 454 2392 Ursache.
501 2359 616 2394 Diess
653 2359 799 2394 schiebt
824 2360 958 2395 Cicero
992 2360 1065 2395 ein.
1086 2379 1131 2385 —
1169 2366 1284 2395 metus
1312 2361 1548 2395 Parthorum.
1575 2375 1621 2382 —-·

155 2405 198 2437 de
218 2408 390 2449 praetore
415 2409 494 2446 tuo,
519 2416 591 2438 von
617 2406 777 2440 Deinem
805 2407 1093 2450 Vorgesetzten.
1117 2427 1157 2432 —
1195 2412 1398 2441 tractui-ere
1422 2417 1443 2439 a
1465 2404 1619 2440 Bibule.

156 2470 199 2475 —
234 2452 282 2484 ad
309 2449 517 2491 Thermum,
552 2451 624 2485 den
649 2452 881 2487 Stadthalter
913 2464 983 2486 von
1009 2454 1234 2494 Bithvnien,
1271 2454 1338 2486 der
1372 2453 1450 2486 sich
1485 2461 1619 2494 wegen

156 2496 224 2531 der
258 2508 412 2540 grossen
444 2498 675 2542 Entsernung
707 2499 832 2533 seiner
862 2500 1028 2534 Provinz
1064 2494 1137 2533 von
1170 2500 1307 2546 Syrien
1342 2499 1416 2532 viel
1451 2497 1622 2540 weniger‘

157 2555 215 2577 um
242 2544 303 2577 die
330 2543 489 2576 Parther
515 2553 559 2577 zu
585 2545 824 2579 bekiimmern
850 2546 972 2589 hatte,
1005 2547 1059 2580 als
1092 2547 1159 2580 der
1184 2546 1405 2582 Stattbalter
1429 2554 1501 2576 von
1528 2543 1622 2577 Cili-

157 2590 252 2623 cien.
300 2590 427 2623 Ueber
452 2589 634 2624 Thermus
659 2602 687 2625 s.
715 2603 772 2636 ep.
792 2593 886 2633 CCI,
905 2593 938 2627 2.
957 2612 1001 2617 —
1038 2594 1082 2627 de
1107 2603 1262 2635 augur„
1290 2598 1328 2624 ut
1356 2591 1434 2624 eius
1459 2589 1560 2624 filius
1581 2588 1618 2622 in

157 2635 279 2669 locum
306 2635 461 2670 alterius
487 2636 555 2670 filii
589 2638 759 2680 auguris,
798 2650 906 2681 quem
931 2640 1181 2673 Alexandrini
1216 2638 1361 2681 equites
1394 2636 1621 2678 occiderant,

157 2689 433 2725 surrogaretur.
451 2683 658 2718 MANUT.
684 2685 796 2719 Casar
821 2686 867 2719 de
892 2686 936 2718 B.
958 2686 1079 2728 0111,
1098 2688 1163 2719 110
1189 2697 1222 2719 u.
1250 2684 1378 2719 Valet.
1395 2684 1496 2717 Max,
1515 2682 1584 2723 lv,
1600 2684 1619 2716 1

158 2729 352 2772 erzablen,
383 2729 468 2764 dass
494 2729 530 2764 in
557 2729 675 2764 einem
701 2742 747 2765 zu
771 2731 1003 2766 Alexandria
1028 2731 1296 2767 entstaudenen
1323 2729 1498 2764 'l‘umune
1523 2727 1623 2771 zwffei
