1795 3043
147 83 151 87 '
213 75 314 123 520
471 72 533 118 M.
570 73 625 117 Τ.
672 71 1014 118 CICERONIS
1061 70 1434 118 EPISTOLAE.

217 182 464 236 Pompeium
494 185 636 224 noster
665 184 892 236 adventus,
926 197 1054 236 quum
1084 184 1221 237 ipsum
1249 183 1475 225 Curionem
1504 184 1556 225 ad
1585 197 1682 226 eum

217 242 493 282 transiturum
520 242 694 293 putem?
753 242 827 282 Sin
857 243 1042 282 trahitur
1071 241 1250 292 bellum,
1301 241 1402 292 quid
1443 244 1683 294 exspectem

220 300 294 339 aut
323 310 449 348 quam
479 297 580 339 diu?
639 298 928 350 Relinquitur,
970 300 1039 349 ut,
1080 299 1116 338 si
1145 298 1355 339 vincimur
1383 299 1427 338 in
1457 299 1680 351 Hispania,

223 356 503 406 quiescamus.
561 355 610 395 Id
632 368 706 408 ego
731 358 878 397 contra
895 357 1016 408 puto:
1047 356 1172 395 istum
1195 356 1306 395 enim
1330 355 1531 396 victorem
1555 356 1685 409 magis

222 411 546 463 relinquendum
561 414 662 464 puto
694 425 818 464 quam
847 414 1034 464 victum,
1065 414 1106 452 et
1127 412 1387 452 dubitantem
1409 413 1541 465 magis
1559 425 1686 464 quam

222 468 421 509 fidentem
452 470 539 509 suis
569 469 709 511 rebus.
768 471 873 511 Nam
904 470 1075 510 caedem
1103 469 1249 517 video,
1281 469 1316 509 si
1345 470 1517 521 vicerit,
1547 473 1588 509 et
1608 470 1684 510 im-

224 527 370 578 petum
391 527 434 566 in
451 527 710 578 privatorum
731 527 933 579 pecunias
963 529 1005 567 et
1023 528 1213 567 exsulum
1235 526 1418 566 reditum
1449 528 1490 566 et
1519 526 1687 567 tabulas

225 594 356 623 novas
399 587 440 623 et
477 584 814 636 turpissimorum
843 585 1024 624 honores
1062 587 1103 623 et.
1141 596 1315 637 regnum
1344 596 1427 623 non
1456 583 1578 623 modo
1609 584 1690 624 Ro·
1750 578 1752 592 '

229 652 354 681 mano
395 641 582 688 homini,
634 641 707 681 sed
746 655 799 682 ne
830 641 983 681 Persae
1019 641 1188 691 quidem
1228 641 1425 692 cuiquam
1452 641 1687 681 tolerabile.

177 705 204 744 3
229 698 381 737 Tacita
419 710 508 737 esse
547 699 704 749 poterit
743 698 969 750 indignitas
1000 701 1173 737 uostra⁹
1232 700 1321 750 pati
1349 700 1549 751 poterunt
1576 697 1690 740 oculi

227 766 296 795 me
326 766 422 794 cum
453 754 637 795 Gabinio
668 757 872 796 sententie
865 769 917 795 un
947 753 1115 795 dicem?
1155 757 1197 794 et
1219 755 1386 806 quidem
1407 756 1530 795 illum
1546 754 1688 808 rogari

226 810 373 865 prius?
422 814 591 864 plaesto
624 825 712 852 esse
742 814 938 853 clientem
968 814 1041 851 tul
1049 825 1086 851 m
1118 811 1335 854 Clodium?
1383 812 1426 852 C.
1456 812 1570 853 Ateii
1595 813 1691 852 Pla-

227 867 441 921 guleium3
500 870 694 910 ceteros?
754 869 836 910 Sed
877 882 953 910 cur
992 868 1186 910 inimicos
1231 869 1415 922 colligo?
1474 870 1546 920 qui
1575 881 1690 909 meos

226 925 490 966 necessarios
527 940 552 966 a
581 938 646 965 me
676 926 868 967 defensos
907 939 985 967 nec
1027 925 1169 965 videre
1197 925 1243 965 in
1274 927 1395 966 curia
1424 927 1513 966 sine
1543 926 1690 966 dolore

226 994 308 1022 neo
336 983 497 1023 versari
528 984 640 1023 inter
670 997 740 1024 eos
769 985 858 1023 sine
895 983 1103 1024 dedecore
1137 984 1296 1034 potero.
1377 982 1516 1031 Quid?
1575 983 1609 1022 si
1639 994 1693 1022 ne

226 1038 271 1079 id
300 1039 471 1091 quidem
498 1042 561 1080 est
591 1043 875 1093 exploratum,
920 1043 1033 1092 fore,
1072 1041 1118 1079 ut
1148 1039 1253 1080 mihi
1283 1039 1434 1089 liceat3
1474 1060 1533 1069 —-
1590 1039 1692 1080 scri·

226 1095 333 1137 bunt
363 1097 474 1137 enim
505 1097 558 1137 ad
576 1110 642 1136 me
674 1099 800 1138 amici
824 1099 912 1137 eius
943 1110 1008 1137 me
1039 1097 1105 1137 illi
1131 1098 1250 1137 nullo
1272 1097 1394 1137 modo
1424 1096 1693 1149 satisfecisse,

226 1153 340 1205 quod
369 1154 412 1193 in
443 1156 632 1194 senatum
661 1167 745 1194 non
776 1155 986 1203 venerim3
1016 1176 1073 1183 —
1123 1156 1316 1194 tamenne
1347 1153 1606 1202 dubit-emus,
1636 1166 1691 1194 an

228 1210 268 1250 ei
306 1223 383 1251 nos
424 1211 551 1251 etiam
593 1224 688 1251 cum
717 1212 911 1264 periculo
940 1210 1224 1259 venditemus,
1274 1211 1446 1262 quicum
1475 1210 1695 1252 coniuncti

226 1332 259 1368 si
284 1333 460 1378 Pompeii
484 1332 601 1376 legati
627 1332 664 1366 in
689 1333 871 1378 Hispania
896 1333 1089 1367 aCaesare
1114 1330 1393 1375 vincentur‚vet
1417 1331 1499 1375 hic,
1525 1337 1566 1366 ut
1589 1337 1698 1367 antea

227 1379 348 1422 dixit,
394 1380 594 1424 Hispanias
621 1380 889 1424 apprehendet.
921 1379 1028 1414 SCH.
1065 1398 1110 1404 —-
1156 1379 1204 1412 111
1228 1389 1296 1421 ego
1322 1382 1449 1412 contra
1471 1383 1580 1424 puto,
1616 1379 1700 1414 Das

226 1425 276 1460 ist
306 1426 398 1459 aber
430 1426 545 1469 grade
580 1426 644 1460 das
671 1426 897 1469 Gegentheil
933 1436 1006 1459 von
1039 1424 1181 1458 meiner
1206 1425 1399 1469 Meinung.
1432 1444 1476 1450 -—-
1523 1427 1698 1459 victorem

227 1471 303 1506 und
329 1483 436 1516 quam
460 1474 597 1506 victum
620 1473 715 1507 kurz
740 1478 826 1506 statt
851 1472 884 1506 si
909 1471 999 1506 vicit
1024 1470 1098 1505 und
1125 1470 1157 1505 si
1173 1471 1291 1506 victus
1318 1478 1393 1513 θεῖς
1426 1482 1467 1505 so
1492 1472 1565 1506 wie
1590 1472 1698 1506 dabi-

227 1521 363 1552 tcmtem
390 1545 396 1552 ,
422 1544 431 1554 .
447 1545 456 1553 .
480 1520 645 1562 fidentem
671 1525 757 1553 statt
782 1530 892 1563 quum
919 1518 1038 1552 adhuc
1064 1517 1210 1552 dubitat
1237 1544 1245 1552 .
1262 1545 1270 1552 .
1289 1544 1296 1552 .
1323 1517 1420 1552 fidit.
1454 1518 1580 1552 Lamb.
1606 1519 1698 1554 1566

229 1564 324 1599 coni.
353 1569 385 1598 et
409 1566 573 1608 fidentem
597 1566 721 1608 magis
745 1577 852 1609 quam
877 1565 1117 1608 diffidentem3
1153 1563 1190 1597 in
1208 1576 1254 1598 m.
1280 1565 1381 1599 1584.
1409 1568 1442 1597 et
1466 1565 1700 1607 confidentem

228 1613 353 1653 magis
384 1622 491 1655 quam
519 1612 636 1654 diffid.
687 1611 780 1647 Vid.
806 1611 971 1645 Ernesti.
1008 1611 1152 1644 caedem
1185 1621 1336 1653 eorum,
1373 1609 1437 1654 qui
1462 1619 1591 1644 contra
1616 1622 1699 1645 eum

228 1664 381 1691 stetere.
416 1677 459 1682 —
508 1659 685 1699 reditum,
724 1657 1072 1700 Zuriickberusung.
1110 1675 1154 1681 -—
1203 1657 1346 1690 tabulas
1382 1668 1514 1701 novas,
1551 1658 1698 1692 Herab-

228 1710 387 1747 setzung
412 1704 505 1737 oder
523 1704 783 1747 Vernichtung
808 1704 875 1737 der
889 1702 1194 1745 Schuldbiicher,
1221 1702 1422 1737 Schulden.
1449 1723 1491 1728 —
1531 1714 1697 1747 regnum,

229 1750 291 1783 ein
318 1750 562 1793 Konigthum.
589 1769 633 1774 —
664 1750 799 1785 Persae
825 1749 898 1783 (1.1.
926 1749 1008 1782 dem
1033 1749 1226 1793 gebornen
1250 1749 1414 1784 Sklaven
1440 1749 1544 1784 eines
1568 1761 1698 1784 unum-

228 1796 452 1830 schrankten
479 1796 726 1839 Herrschers,
754 1796 1007 1830 Machtherrn.

319 1867 354 1899 3.
390 1865 519 1899 Tacita
546 1891 554 1899 .
576 1892 584 1898 .
610 1865 762 1898 nostra?
796 1864 861 1898 Ich
887 1863 1028 1905 selbst,
1057 1862 1132 1897 wie
1156 1861 1298 1896 konnte
1321 1861 1382 1896 ich
1403 1863 1501 1897 mich
1526 1874 1571 1898 zu
1593 1863 1700 1899 einer

230 1912 477 1955 unwiirdigen
503 1912 618 1945 Relle
643 1911 907 1959 heiabgesetzt
930 1910 1044 1943 sehen
1072 1909 1144 1942 und
1171 1909 1409 1953 schweigenZ
1432 1929 1475 1936 —
1519 1921 1599 1944 cum
1626 1911 1701 1946 Ga-

230 1957 352 2001 bimo,
386 1957 434 1991 im
461 1957 599 1992 Senate
624 1968 669 1990 an
695 1936 813 1991 (ἰπὶ-’ὃ
788 1957 893 1991 Seite
920 1956 1024 1989 eines
1050 1955 1251 1998 Gabinius,
1279 1956 1343 2000 qui
1363 1955 1533 1990 Caesaris
1559 1957 1699 1992 amicus

230 2005 276 2037 ab
302 2004 440 2037 exsilio
467 2004 663 2038 restitutus
689 2002 909 2038 sententiam
937 2002 1035 2036 dicet
1062 2002 1099 2035 in
1126 2008 1254 2036 senatu
1293 2008 1329 2035 et
1355 2002 1504 2046 quidem
1529 2009 1614 2036 ante
1639 2015 1699 2038 me

229 2057 397 2094 rogatus.
447 2050 540 2085 Vid.
575 2050 664 2085 Dio.
699 2051 784 2083 libr.
810 2049 997 2083 XXXIX.
1031 2048 1240 2082 MANUT.
1296 2049 1383 2082 Man
1419 2048 1586 2082 erinnert
1618 2050 1698 2084 sich

230 2097 327 2129 noch
353 2107 417 2130 aus
443 2096 514 2130 den
539 2096 695 2130 Briefen
721 2097 788 2130 der
813 2096 920 2129 talu-e
946 2096 1013 2130 695
1040 2106 1076 2128 u.
1102 2096 1188 2136 695,
1231 2094 1316 2128 dass
1343 2106 1407 2136 er,
1446 2095 1511 2127 mit
1536 2096 1578 2129 L.
1605 2096 1698 2130 Piso

230 2142 393 2185 Consul,
437 2143 496 2176 ein
526 2144 620 2176 eben
647 2153 688 2176 so
714 2154 872 2176 warnier
898 2142 1047 2175 Freund
1080 2141 1145 2175 des
1171 2140 1433 2183 beruchtigten
1459 2141 1615 2176 Clodius
1642 2143 1699 2176 als

228 2189 418 2222 erklarter
443 2189 752 2223 Feind-Cicero's
777 2200 867 2222 war.
895 2207 939 2213 -—
984 2187 1163 2221 Clodium.
1213 2187 1280 2220 Est
1307 2186 1411 2221 Sext.
1439 2187 1595 2221 Clodius
1622 2193 1696 2222 tum

231 2236 340 2269 exsul
377 2242 434 2277 et,
483 2243 520 2268 ut
558 2236 646 2269 olim
688 2236 732 2269 P.
759 2235 935 2278 Clodius,
979 2234 1094 2268 Attici
1130 2232 1336 2267 familiaris.
1376 2251 1422 2257 -—
1480 2234 1565 2267 Caii
1595 2235 1700 2269 Ateii

233 2281 426 2326 Capitonis
452 2280 730 2324 iurisconsulti,
756 2281 818 2325 qui
841 2281 925 2315 Ser.
946 2279 1106 2324 Sulpicii
1133 2279 1339 2324 discipulus
1355 2284 1469 2322 erat,
1496 2281 1556 2314 vel
1580 2281 1698 2325 patris

233 2327 352 2370 cliens
386 2327 497 2360 fuerit
529 2328 763 2370 PlagaIeiu-s,
800 2328 907 2361 homo
934 2326 1124 2370 ignobilis.
1152 2344 1195 2350 —
1242 2329 1397 2368 celerOS,
1434 2326 1507 2360 und
1534 2326 1595 2360 die
1620 2328 1698 2362 An-

234 2373 349 2408 deren
371 2374 670 2417 ihresgleichen?
709 2375 900 2407 Ruchlose
926 2373 1121 2407 Satelliten
1148 2371 1213 2404 des
1243 2372 1420 2414 Clodius,
1450 2373 1594 2407 welche
1620 2373 1700 2408 sich

233 2420 317 2454 dem
338 2421 453 2455 Casas
477 2421 531 2454 als
548 2421 666 2454 Lente
685 2420 898 2464 empfohlen
921 2421 1066 2462 hatten,
1091 2417 1152 2451 die
1167 2417 1247 2451 sich
1265 2428 1309 2451 zu
1325 2418 1446 2452 Allem
1461 2419 1700 2463 gebrauchen

234 2465 387 2501 liessen.
423 2486 467 2492 ——-
514 2467 676 2509 colligo,
716 2467 810 2500 zahl'
837 2466 897 2499 ich
923 2466 1003 2499 ausit
1043 2484 1085 2489 —
1134 2475 1157 2496 a
1181 2475 1236 2497 me
1261 2465 1444 2508 defensos,
1489 2476 1561 2498 non
1586 2466 1699 2500 modo

235 2513 405 2547 inimicos
438 2513 503 2547 sed
534 2524 603 2546 nec
635 2523 736 2546 meos
770 2512 1001 2546 necessarios
1035 2510 1244 2562 (clientes),
1285 2510 1350 2555 qni
1381 2522 1439 2544 me
1476 2511 1699 2546 defendente

237 2561 439 2593 condemna
433 2560 473 2593 ti
506 2559 542 2593 in
581 2558 755 2593 exsilium
789 2558 980 2600 abierunt,
1027 2557 1220 2590 restitutos
1257 2567 1277 2589 a
1310 2558 1470 2591 Caesare
1499 2557 1629 2592 videre
1660 2559 1699 2592 in

236 2613 366 2640 senatu
392 2607 472 2639 si1.e
497 2606 629 2639 dolme
653 2612 808 2653 potero,
844 2604 932 2647 quia
954 2603 1102 2648 legibus
1128 2603 1410 2654 condemnatos,
1454 2604 1566 2638 aunis
1590 2604 1700 2639 resti-

238 2659 337 2686 tutos
372 2664 405 2684 v
398 2652 519 2686 i.debo
561 2646 771 2686 MANUT.
807 2670 850 2675 -——
898 2654 936 2683 ut
969 2649 1061 2683 milti
1085 2645 1194 2682 lzc'eat
1227 2648 1264 2682 in
1290 2655 1455 2683 senatum
1480 2650 1622 2685 venire.
1655 2669 1699 2676 -

237 2709 307 2732 uon
333 2701 494 2732 υεηωὶνη
519 2709 540 2732 a
564 2699 722 2733 Caesaie
750 2696 938 2731 invitatus.
965 2714 1009 2721 --
1057 2706 1103 2730 αη
1129 2696 1181 2738 ei,
1218 2695 1382 2730 Caesari.
1408 2715 1454 2722 —
1490 2707 1570 2731 cum
1591 2707 1701 2742 prae-

235 2746 329 2788 mio,
363 2745 578 2788 commodo,
611 2744 882 2786 emolumento,
914 2743 1031 2779 lucr0.
1084 2742 1300 2787 Opponitur
1324 2752 1404 2776 cnm
1419 2742 1599 2788 periculo.

1781 188 1795 1016 -.qu—«⁴..-m-ymmb-...5v-euss
