1795 3043
240 71 342 119 506
492 65 558 112 Μ.
598 65 654 111 Τ.
691 63 1033 112 CICERONIS
1065 63 1440 114 EPISTOLAE.

241 180 486 232 relinquere
512 188 714 231 cogamur
743 178 815 218 aut
843 177 1013 230 impiam
1044 176 1318 230 cupiditatem
1346 179 1495 219 eontra
1514 180 1698 222 vsalutem

242 239 356 278 tuam
385 235 625 276 habeamus,
679 233 877 287 'Denique
906 235 1012 275 illud
1041 236 1201 288 cogita:
1232 234 1343 287 quod
1360 233 1548 285 *offensae
1566 235 1694 279 fuerit

242 294 288 334 in
327 294 407 333 ista
449 292 744 340 cunctatione,
786 294 828 332 te
858 293 1037 333 subisse:
1091 304 1206 332 nunc
1244 294 1287 332 te
1316 293 1465 334 contra
1493 293 1694 337 victorem

241 352 403 396 facere,
443 361 568 400 quem
595 349 734 390 dubiis
762 348 888 390 rebus
917 350 1086 390 laedere
1114 349 1309 396 noluisti,
1341 351 1384 389 et
1412 350 1465 390 ad
1484 362 1552 390 eos
1580 351 1696 404 fuga-

242 408 307 447 tos
336 406 557 457 accedere,
589 419 692 457 quos
721 407 964 447 resistentes
995 407 1116 458 sequi
1143 407 1352 459 nolueris,
1387 419 1567 448 summae
1595 408 1697 448 stul-

241 464 362 504 titiae
392 467 467 505 est.
525 463 649 512 Vide,
681 476 755 512 ne,
787 463 883 504 dum
912 464 1042 517 pudet
1071 465 1113 504 te
1140 475 1292 516 parum
1321 464 1562 516 optimatem
1590 476 1694 512 esse,

190 524 218 565 8
241 533 392 572 parum
414 520 661 573 diligenter,
692 521 794 572 quid
813 521 1014 573 optimum
1038 521 1113 569 sit,
1145 521 1288 574 eligas.
1349 521 1468 577 Quod
1497 522 1532 561 si
1560 521 1696 563 totum

239 577 319 618 tibi
347 577 602 630 persuadere
631 590 714 617 non
744 590 931 630 possum:
977 579 1148 630 saltem,
1188 578 1307 629 dum,
1345 576 1447 628 quid
1477 578 1528 618 de
1545 578 1696 630 Hispa-

237 635 324 676 niis
352 647 546 688 agamus,
595 634 751 687 scitur,
799 639 1018 686 exspecta3
1073 647 1176 687 quas
1215 635 1294 676 tibi
1323 635 1470 675 nuntio
1514 634 1694 676 adventu

238 692 433 732 Caesaris
460 692 553 731 fore
581 692 757 732 nostras.
818 692 951 739 Quam
980 691 1052 732 isti
1081 705 1196 744 spem
1225 692 1408 733 habeant
1438 692 1600 733 amissis
1619 692 1696 732 Hi-

237 749 419 802 spaniis,
460 748 619 790 nescio.
676 747 795 797 Quod
823 761 950 801 porro
979 751 1099 789 tuum
1129 750 1352 790 consilium
1381 750 1437 790 sit
1465 749 1519 790 ad
1548 748 1697 801 despe-

186 812 214 850 4
238 807 352 846 ratos
381 805 607 856 accedere,
647 817 731 845 non
760 806 921 846 medius
950 805 1073 846 fidius
1102 807 1285 858 reperio,
1341 807 1459 856 Hoc,
1507 805 1619 859 quod
1646 807 1693 846 tu

235 875 324 904 non
355 862 533 903 dicendo
563 861 668 902 mihi
698 862 972 916 significasti,
1012 863 1167 904 Caesar
1196 863 1413 912 audierat,
1452 877 1527 916 ac,
1568 863 1694 904 simu-

234 920 403 971 latque,
440 920 573 971 have,
611 919 718 959 mihi
747 920 874 969 dixit,
912 921 1074 973 statim,
1112 920 1213 971 quid
1242 920 1294 960 de
1322 922 1364 960 te
1394 920 1595 972 audisset,
1623 932 1694 961 ex-

233 977 386 1029 posuit.
443 975 604 1030 Negavi
633 988 700 1016 me
729 978 858 1018 scire:
896 977 968 1017 sed
996 979 1136 1018 tamen
1169 976 1221 1019 ab
1254 989 1303 1017 eo
1331 978 1460 1029 petii,
1490 978 1538 1017 ut
1567 977 1619 1017 ad
1649 979 1694 1017 te

232 1034 381 1076 literas
410 1034 620 1085 mitteret,
650 1034 803 1085 quibus
831 1036 1008 1075 maxime
1038 1035 1091 1075 ad
1108 1034 1408 1076 remanendum
1436 1033 1694 1076 commoveri

231 1103 388 1144 posses.
444 1090 515 1130 Me
543 1102 688 1130 secum
715 1091 762 1131 in
791 1091 1041 1143 Hispaniam
1070 1091 1202 1134 ducit.
1259 1091 1389 1140 Nam,
1433 1091 1515 1132 nisi
1543 1091 1605 1132 ita
1632 1091 1694 1131 fa-

232 1150 374 1196 ceret,
422 1159 499 1200 ego
535 1147 676 1199 prius,
723 1160 847 1199 quam
876 1148 928 1187 ad
957 1148 1103 1188 urbem
1131 1148 1397 1196 accederem,
1447 1147 1694 1198 ubicunque

231 1216 370 1252 esses,
423 1204 475 1245 ad
503 1204 546 1243 te
574 1204 879 1254 percurrissem
923 1206 964 1243 et
991 1205 1072 1244 hoc
1103 1218 1129 1244 a
1157 1207 1198 1244 te
1227 1217 1424 1256 praesens
1455 1204 1692 1245 contendis-

179 1264 208 1306 5
231 1274 320 1302 sem
364 1262 489 1312 atque
537 1259 650 1299 omni
694 1260 738 1300 vi
779 1261 822 1299 te
859 1261 1142 1301 retinuissem.
1205 1261 1348 1301 Etiam
1385 1262 1512 1313 atque
1551 1262 1692 1313 etiam,

229 1399 287 1439 (ut
311 1402 368 1430 est
391 1394 503 1430 Attic.
539 1394 604 1429 cfr.
630 1394 679 1428 ad
702 1394 818 1430 Attic.
844 1396 908 1438 ll,
934 1395 976 1430 9:
1008 1396 1157 1437 fortuna
1182 1396 1281 1430 omni
1303 1396 1525 1448 spoliatam).
1572 1398 1692 1442 fortu-

227 1453 296 1476 nas
329 1443 428 1477 Crat.
464 1440 569 1477 Vict
590 1441 621 1475 2.
653 1441 782 1476 Lamb.
817 1441 952 1476 Graev.
988 1441 1080 1477 Er.n
1113 1441 1198 1478 sch.
1226 1442 1283 1476 ed.
1313 1442 1400 1477 min.
1430 1443 1693 1478 ORELLI.—

227 1499 381 1533 emptam
405 1487 548 1532 cupid„
575 1487 667 1521 oder
690 1488 751 1521 fiir
775 1487 840 1522 das
859 1487 1048 1533 Gelingen
1073 1487 1199 1523 dieser
1224 1488 1343 1523 Sache
1368 1488 1475 1523 einen
1501 1490 1690 1544 gottlosen

228 1535 398 1570 Wunsch
428 1544 473 1568 zu
510 1534 626 1577 thun,
665 1534 755 1568 weil
788 1534 922 1568 dessen
953 1534 1156 1578 Erfiillung
1190 1535 1292 1570 Dein
1325 1536 1541 1580 Untergang
1576 1538 1691 1571 ware.

229 1582 344 1622 Nam,
387 1580 420 1615 si
453 1579 622 1633 cupimus
657 1590 737 1613 eam
771 1579 989 1624 victoriam,
1031 1580 1069 1615 in
1103 1592 1175 1624 qua
1199 1582 1297 1617 salus
1321 1588 1448 1616 nostra
1473 1581 1595 1627 posita
1619 1588 1688 1626 est,

231 1627 341 1662 simul
365 1625 570 1671 perniciem
595 1625 762 1670 cupimus
789 1636 937 1670 eorum,
962 1637 1025 1669 qui
1041 1626 1262 1671 Pompeium
1277 1634 1499 1672 sequuntur3
1532 1639 1690 1672 quorum
1742 1650 1750 1656 ι

231 1674 270 1708 in
303 1683 457 1706 numero
491 1672 523 1707 si
552 1672 693 1716 suelis,
731 1682 906 1716 cogemur
938 1671 1053 1717 impie
1086 1683 1223 1717 cupere
1247 1681 1374 1708 contra
1399 1674 1554 1708 salutem
1580 1681 1688 1710 tuam.

230 1718 440 1756 MANUT.
482 1737 527 1743 —
573 1719 667 1761 quod
697 1720 853 1761 offensae
884 1718 995 1763 (apud
1028 1718 1264 1772 Pompeium)
1296 1722 1407 1762 fuerit
1437 1746 1446 1755 .
1467 1746 1475 1755 .
1495 1747 1503 1754 .
1536 1722 1689 1765 subisse,

231 1766 317 1800 dass
340 1766 426 1807 Du,
452 1765 544 1799 Was
568 1764 627 1798 fiir
638 1764 891 1809 Beleidigung
915 1764 981 1799 des
1003 1764 1208 1809 Pompeius
1232 1766 1268 1799 in
1293 1767 1452 1800 Deinem
1476 1766 1692 1812 bisherigen

232 1813 379 1855 Z'ogern
404 1810 532 1855 liegen
556 1817 715 1854 musste,
748 1811 821 1845 Dir
845 1821 918 1844 nun
944 1810 1078 1846 einmal
1104 1821 1321 1856 zugezogen
1345 1814 1441 1846 hast.
1466 1831 1511 1838 —·
1541 1813 1580 1849 τὸ
1605 1825 1689 1848 con-

231 1862 291 1892 tra
316 1860 490 1891 victorem
515 1857 709 1891 Caesarem
733 1859 856 1899 facere
887 1882 895 1890 .
917 1883 924 1891 .
940 1881 949 1890 .
980 1868 1141 1891 summae
1169 1859 1349 1892 stultitiae
1381 1862 1451 1901 est,
1487 1870 1598 1893 wenn
1624 1859 1687 1894 Du

228 1905 322 1939 ietzt
356 1913 478 1948 gegen
510 1902 581 1936 den
615 1903 751 1947 Sieger
781 1902 937 1937 handeln
974 1930 1008 1938 ..
1032 1929 1041 1938 .
1075 1904 1262 1949 wolltest,
1304 1916 1345 1940 so
1379 1906 1478 1939 w'are
1508 1905 1590 1940 Das
1624 1905 1687 1940 die

214 1954 335 1994 -grbs
321 1949 584 1984 s*te'lhorheit.
617 1949 744 1983 Ueber
761 1949 823 1983 die
839 1948 1120 1984 Subiectsinfin.
1136 1961 1166 1984 s.
1183 1951 1331 1986 Ramsh.
1347 1952 1374 1995 §.
1389 1953 1468 1994 168,
1482 1953 1525 1986 A.
1553 1952 1633 1996 108,
1648 1953 1684 1987 3.

229 1997 374 2031 Gr.otef
401 1998 432 2040 ξ.
447 1996 516 2030 304
539 2006 577 2029 u.
603 1995 690 2039 236,
718 1996 898 2031 Zusatz.
931 2015 976 2022 -—
1023 1996 1146 2030 dubiis
1170 1998 1276 2031 rebus
1302 2003 1346 2031 st.
1378 2008 1490 2040 quum
1517 1998 1598 2032 eius
1622 2008 1686 2033 res

228 2043 349 2077 adhuc
373 2042 508 2076 dubiae
533 2047 674 2084 essent,
700 2042 754 2076 als
777 2041 883 2076 seine
905 2041 1048 2078 Sachen
1074 2043 1169 2076 noch
1194 2043 1422 2078 zweitelhast
1445 2043 1613 2078 standen.
1639 2062 1684 2070 -

227 2090 440 2124 laedere-
393 2100 440 2108 —
464 2087 665 2122 offendere.
691 2107 734 2113 —
767 2090 917 2131 fugatos
930 2089 1190 2134 Pompeianos.
1216 2109 1258 2115 —
1289 2090 1684 2134 resistentes=quum

225 2136 349 2170 adhuc
382 2133 560 2169 resistere
592 2140 756 2197 possent.
801 2153 845 2160 —
896 2134 1009 2179 Vide,
1047 2145 1101 2169 ne.
1157 2136 1196 2170 S.
1231 2135 1381 2171 Ramsh.
1405 2137 1433 2179 §.
1456 2137 1544 2178 193,
1606 2137 1681 2179 ,3.

226 2180 373 2216 Grotef.
399 2182 429 2225 §.
450 2180 529 2214 402.
566 2199 610 2205 —-
658 2184 691 2214 te
711 2191 845 2225 parum
869 2184 1077 2226 optimatem
1100 2192 1197 2224 esse,
1236 2182 1298 2215 bei
1329 2181 1398 2215 der
1421 2160 1573 2224 Parte’i‚
1575 2138 1682 2216 ldie

225 2228 307 2264 sich
332 2226 394 2261 die
418 2226 524 2260 beste
548 2232 682 2271 nennt,
714 2238 760 2262 zu
784 2227 922 2264 fehlen.
945 2247 990 2254 —
1022 2227 1153 2272 dilig„
1185 2228 1387 2263 behutsam.
1414 2246 1460 2254 -
1492 2228 1682 2272 optimum,

225 2274 355 2309 Lamb.
380 2273 606 2318 optimatum.

317 2344 351 2378 3.
383 2343 465 2384 fore
496 2345 660 2385 nostras,
699 2342 738 2376 in
775 2353 910 2378 unsern
934 2342 1092 2378 Handen
1121 2341 1201 2377 sein
1232 2342 1397 2376 werden.
1457 2342 1495 2378 S.
1529 2343 1678 2393 Ramsh.

225 2389 366 2434 §.158,
397 2389 439 2427 4,
473 2397 504 2422 a.
541 2407 586 2413 —
635 2388 720 2432 isti,
763 2388 998 2434 Pompeiani.
1035 2408 1090 2415 -
1126 2388 1319 2433 quod..
1345 2387 1560 2433 consilium,
1599 2399 1679 2424 was

223 2436 286 2470 fiir
323 2435 407 2469 eine
429 2413 612 2477 'Klugheit
635 2434 699 2468 Du
730 2434 893 2470 dadurch
929 2434 1152 2480 bewiesest,
1194 2445 1304 2470 wenn
1329 2435 1390 2470 Du
1414 2435 1514 2470 Dich
1539 2445 1585 2470 zu
1608 2435 1678 2470 der

225 2480 531 2525 hoffnungslosen
556 2479 683 2515 Partei
708 2491 774 2524 ges
758 2482 877 2515 „elien
901 2481 1078 2516 wolltest.

315 2551 348 2584 4.
379 2549 484 2591 have,
517 2559 630 2593 guen
655 2549 830 2592 Mmgen'
863 2569 907 2575 —
952 2549 1015 2583 sed
1040 2553 1169 2583 tamen.
1201 2551 1278 2585 Att.
1304 2561 1373 2584 om.
1398 2550 1469 2585 sed.
1503 2568 1548 2575 —
1592 2550 1676 2584 tite-

223 2607 289 2630 ras
319 2598 490 2630 mittet-,et
544 2596 626 2630 Hae
661 2601 767 2638 sunt,
807 2606 959 2639 quarum
990 2597 1198 2641 exemplum
1232 2606 1304 2630 una
1335 2608 1417 2630 cum
1441 2595 1600 2641 epistola
1628 2596 1674 2632 ad

222 2642 384 2678 Atticum
408 2640 521 2676 misit.
546 2641 653 2675 SCI-I.
701 2641 739 2676 S.
764 2642 1120 2685 epWCCCLXXIV
1154 2643 1276 2686 Aniag
1278 2654 1298 2676 e
1322 2643 1441 2677 13.-
1487 2647 1521 2676 et
1545 2641 1610 2676 hoc
1635 2668 1643 2676 .
1663 2666 1672 2675 .

222 2690 501 2730 contendissem,
544 2687 618 2721 und
644 2688 744 2722 hkitte
768 2653 840 2722 Dir
863 2688 1050 2723 miindlich
1075 2688 1196 2724 Deine
1221 2688 1496 2733 Einsvilligung
1521 2688 1557 2723 in
1581 2687 1674 2724 mei-

223 2746 294 2770 nen
322 2736 368 2769 u
372 2735 485 2769 unsch
510 2734 786 2778 abzunothigeu
812 2735 978 2778 gesucht.

1791 2043 1795 2073 -
1787 1714 1795 1975 -—.-.ffl<u⁴—.
