<?xml version="1.0" encoding="UTF-8"?>
<!DOCTYPE html PUBLIC "-//W3C//DTD XHTML 1.0 Transitional//EN"
    "http://www.w3.org/TR/xhtml1/DTD/xhtml1-transitional.dtd">
<html xmlns="http://www.w3.org/1999/xhtml" xml:lang="en" lang="en">
 <head>
  <title>
</title>
<meta http-equiv="Content-Type" content="text/html;charset=utf-8" />
  <meta name='ocr-system' content='tesseract 3.04.00' />
  <meta name='ocr-capabilities' content='ocr_page ocr_carea ocr_par ocr_line ocrx_word'/>
</head>
<body>
  <div class='ocr_page' id='page_1' title='image "./epistolaeadattic02ciceuoft_0505.png"; bbox 0 0 1795 3043; ppageno 0'>
   <div class='ocr_carea' id='block_1_1' title="bbox 506 73 1527 130">
    <p class='ocr_par' dir='ltr' id='par_1_1' title="bbox 506 73 1527 130">
     <span class='ocr_line' id='line_1_1' title="bbox 506 73 1527 130; baseline 0.012 -11"><span class='ocrx_word' id='word_1_1' title='bbox 506 73 818 120; x_wconf 84' lang='lat' dir='ltr'><strong>EPISTOLA</strong></span> <span class='ocrx_word' id='word_1_2' title='bbox 854 74 1110 121; x_wconf 86' lang='lat' dir='ltr'>CCCLXV.</span> <span class='ocrx_word' id='word_1_3' title='bbox 1427 83 1527 130; x_wconf 81' lang='lat'><strong>495</strong></span> 
     </span>
    </p>
   </div>
   <div class='ocr_carea' id='block_1_2' title="bbox 53 186 1571 1608">
    <p class='ocr_par' dir='ltr' id='par_1_2' title="bbox 53 186 1571 1608">
     <span class='ocr_line' id='line_1_2' title="bbox 75 186 1529 239; baseline 0.002 -13"><span class='ocrx_word' id='word_1_4' title='bbox 75 187 232 228; x_wconf 87' lang='lat' dir='ltr'><strong>nicare.</strong></span> <span class='ocrx_word' id='word_1_5' title='bbox 288 187 485 239; x_wconf 86' lang='lat' dir='ltr'><strong>Utinam,</strong></span> <span class='ocrx_word' id='word_1_6' title='bbox 521 186 666 236; x_wconf 84' lang='lat' dir='ltr'><strong>Servi,</strong></span> <span class='ocrx_word' id='word_1_7' title='bbox 711 186 838 227; x_wconf 85' lang='lat' dir='ltr'><strong>salvis</strong></span> <span class='ocrx_word' id='word_1_8' title='bbox 867 186 993 228; x_wconf 88' lang='lat' dir='ltr'><strong>rebus</strong></span> <span class='ocrx_word' id='word_1_9' title='bbox 1027 209 1084 218; x_wconf 88' lang='lat'>—</span> <span class='ocrx_word' id='word_1_10' title='bbox 1139 187 1203 229; x_wconf 88' lang='lat' dir='ltr'><strong>sic</strong></span> <span class='ocrx_word' id='word_1_11' title='bbox 1232 189 1344 229; x_wconf 88' lang='lat' dir='ltr'><strong>enim</strong></span> <span class='ocrx_word' id='word_1_12' title='bbox 1373 191 1437 229; x_wconf 87' lang='lat' dir='ltr'><strong>est</strong></span> <span class='ocrx_word' id='word_1_13' title='bbox 1466 189 1529 230; x_wconf 85' lang='lat' dir='ltr'><strong>di-</strong></span> 
     </span>
     <span class='ocr_line' id='line_1_3' title="bbox 74 244 1527 298; baseline 0.001 -14"><span class='ocrx_word' id='word_1_14' title='bbox 74 244 251 284; x_wconf 89' lang='lat' dir='ltr'><strong>cendum</strong></span> <span class='ocrx_word' id='word_1_15' title='bbox 278 267 335 274; x_wconf 89' lang='lat'><strong>-—</strong></span> <span class='ocrx_word' id='word_1_16' title='bbox 372 244 557 296; x_wconf 85' lang='lat' dir='ltr'>colloqui</span> <span class='ocrx_word' id='word_1_17' title='bbox 587 244 865 296; x_wconf 88' lang='lat' dir='ltr'><strong>potuissemus</strong></span> <span class='ocrx_word' id='word_1_18' title='bbox 894 245 1114 286; x_wconf 83' lang='lat' dir='ltr'><strong>internos!</strong></span> <span class='ocrx_word' id='word_1_19' title='bbox 1153 248 1344 298; x_wconf 83' lang='lat' dir='ltr'><strong>profecto</strong></span> <span class='ocrx_word' id='word_1_20' title='bbox 1362 247 1527 297; x_wconf 87' lang='lat' dir='ltr'><strong>aliquid</strong></span> 
     </span>
     <span class='ocr_line' id='line_1_4' title="bbox 74 301 1526 355; baseline 0.002 -14"><span class='ocrx_word' id='word_1_21' title='bbox 74 302 164 354; x_wconf 89' lang='lat' dir='ltr'><strong>opis</strong></span> <span class='ocrx_word' id='word_1_22' title='bbox 194 301 403 342; x_wconf 87' lang='lat' dir='ltr'><strong>occidenti</strong></span> <span class='ocrx_word' id='word_1_23' title='bbox 433 302 496 341; x_wconf 86' lang='lat' dir='ltr'><strong>rei</strong></span> <span class='ocrx_word' id='word_1_24' title='bbox 515 302 716 354; x_wconf 86' lang='lat' dir='ltr'><strong>publicae</strong></span> <span class='ocrx_word' id='word_1_25' title='bbox 739 301 992 343; x_wconf 87' lang='lat' dir='ltr'><strong>tulissemus.</strong></span> <span class='ocrx_word' id='word_1_26' title='bbox 1052 302 1281 355; x_wconf 81' lang='lat' dir='ltr'><strong>Cognoram</strong></span> <span class='ocrx_word' id='word_1_27' title='bbox 1303 303 1414 343; x_wconf 91' lang='lat' dir='ltr'><strong>enim</strong></span> <span class='ocrx_word' id='word_1_28' title='bbox 1442 305 1526 344; x_wconf 84' lang='lat' dir='ltr'><strong>iam</strong></span> 
     </span>
     <span class='ocr_line' id='line_1_5' title="bbox 73 359 1526 410; baseline 0.002 -12"><span class='ocrx_word' id='word_1_29' title='bbox 73 359 222 399; x_wconf 89' lang='lat' dir='ltr'>absens</span> <span class='ocrx_word' id='word_1_30' title='bbox 262 361 303 399; x_wconf 86' lang='lat' dir='ltr'><strong>te</strong></span> <span class='ocrx_word' id='word_1_31' title='bbox 340 359 446 400; x_wconf 87' lang='lat' dir='ltr'><strong>haec</strong></span> <span class='ocrx_word' id='word_1_32' title='bbox 482 360 591 399; x_wconf 85' lang='lat' dir='ltr'><strong>mala</strong></span> <span class='ocrx_word' id='word_1_33' title='bbox 630 359 761 400; x_wconf 90' lang='lat' dir='ltr'><strong>multo</strong></span> <span class='ocrx_word' id='word_1_34' title='bbox 800 360 897 398; x_wconf 86' lang='lat' dir='ltr'><strong>ante</strong></span> <span class='ocrx_word' id='word_1_35' title='bbox 936 359 1227 410; x_wconf 80' lang='lat' dir='ltr'><strong>providentem</strong></span> <span class='ocrx_word' id='word_1_36' title='bbox 1264 361 1526 402; x_wconf 85' lang='lat' dir='ltr'><strong>defensorem</strong></span> 
     </span>
     <span class='ocr_line' id='line_1_6' title="bbox 70 415 1524 470; baseline 0.001 -14"><span class='ocrx_word' id='word_1_37' title='bbox 70 416 188 468; x_wconf 87' lang='lat' dir='ltr'><strong>pacis</strong></span> <span class='ocrx_word' id='word_1_38' title='bbox 225 417 268 456; x_wconf 85' lang='lat' dir='ltr'><strong>et</strong></span> <span class='ocrx_word' id='word_1_39' title='bbox 303 417 347 456; x_wconf 92' lang='lat' dir='ltr'><strong>in</strong></span> <span class='ocrx_word' id='word_1_40' title='bbox 387 418 611 456; x_wconf 78' lang='lat' dir='ltr'><strong>consulatu</strong></span> <span class='ocrx_word' id='word_1_41' title='bbox 647 419 718 456; x_wconf 91' lang='lat' dir='ltr'><strong>tuo</strong></span> <span class='ocrx_word' id='word_1_42' title='bbox 748 415 790 455; x_wconf 78' lang='lat' dir='ltr'><strong>et</strong></span> <span class='ocrx_word' id='word_1_43' title='bbox 818 420 913 467; x_wconf 79' lang='lat' dir='ltr'><strong>post</strong></span> <span class='ocrx_word' id='word_1_44' title='bbox 942 417 1205 457; x_wconf 85' lang='lat' dir='ltr'><strong>consulatum</strong></span> <span class='ocrx_word' id='word_1_45' title='bbox 1233 419 1376 459; x_wconf 84' lang='lat' dir='ltr'><strong>fuisse.</strong></span> <span class='ocrx_word' id='word_1_46' title='bbox 1433 419 1524 470; x_wconf 82' lang='lat' dir='ltr'><strong>Ego</strong></span> 
     </span>
     <span class='ocr_line' id='line_1_7' title="bbox 69 473 1525 527; baseline 0.002 -15"><span class='ocrx_word' id='word_1_47' title='bbox 69 475 234 526; x_wconf 80' lang='lat' dir='ltr'><strong>autem,</strong></span> <span class='ocrx_word' id='word_1_48' title='bbox 278 486 405 525; x_wconf 89' lang='lat' dir='ltr'><strong>quum</strong></span> <span class='ocrx_word' id='word_1_49' title='bbox 447 474 670 514; x_wconf 89' lang='lat' dir='ltr'><strong>consilium</strong></span> <span class='ocrx_word' id='word_1_50' title='bbox 698 475 813 513; x_wconf 89' lang='lat' dir='ltr'><strong>tuum</strong></span> <span class='ocrx_word' id='word_1_51' title='bbox 843 473 1065 525; x_wconf 83' lang='lat' dir='ltr'><strong>probarem</strong></span> <span class='ocrx_word' id='word_1_52' title='bbox 1106 477 1148 513; x_wconf 88' lang='lat' dir='ltr'><strong>et</strong></span> <span class='ocrx_word' id='word_1_53' title='bbox 1175 474 1287 514; x_wconf 89' lang='lat' dir='ltr'><strong>idem</strong></span> <span class='ocrx_word' id='word_1_54' title='bbox 1315 475 1407 527; x_wconf 89' lang='lat' dir='ltr'><strong>ipse</strong></span> <span class='ocrx_word' id='word_1_55' title='bbox 1434 487 1525 515; x_wconf 87' lang='lat' dir='ltr'><strong>sen-</strong></span> 
     </span>
     <span class='ocr_line' id='line_1_8' title="bbox 68 529 1525 582; baseline 0.003 -13"><span class='ocrx_word' id='word_1_56' title='bbox 68 530 215 582; x_wconf 85' lang='lat' dir='ltr'><strong>tirem,</strong></span> <span class='ocrx_word' id='word_1_57' title='bbox 243 531 355 571; x_wconf 87' lang='lat' dir='ltr'><strong>nihil</strong></span> <span class='ocrx_word' id='word_1_58' title='bbox 382 529 667 582; x_wconf 84' lang='lat' dir='ltr'><strong>proficiebam.</strong></span> <span class='ocrx_word' id='word_1_59' title='bbox 725 530 830 570; x_wconf 86' lang='lat' dir='ltr'><strong>Sero</strong></span> <span class='ocrx_word' id='word_1_60' title='bbox 861 530 974 570; x_wconf 86' lang='lat' dir='ltr'><strong>enim</strong></span> <span class='ocrx_word' id='word_1_61' title='bbox 998 542 1214 571; x_wconf 84' lang='lat' dir='ltr'><strong>veneram:</strong></span> <span class='ocrx_word' id='word_1_62' title='bbox 1254 532 1367 572; x_wconf 88' lang='lat' dir='ltr'><strong>solus</strong></span> <span class='ocrx_word' id='word_1_63' title='bbox 1386 544 1525 573; x_wconf 84' lang='lat' dir='ltr'><strong>eram:</strong></span> 
     </span>
     <span class='ocr_line' id='line_1_9' title="bbox 67 587 1526 642; baseline 0.002 -16"><span class='ocrx_word' id='word_1_64' title='bbox 67 587 185 626; x_wconf 88' lang='lat' dir='ltr'><strong>rudis</strong></span> <span class='ocrx_word' id='word_1_65' title='bbox 203 599 293 627; x_wconf 90' lang='lat' dir='ltr'><strong>esse</strong></span> <span class='ocrx_word' id='word_1_66' title='bbox 311 588 486 628; x_wconf 87' lang='lat' dir='ltr'><strong>videbar</strong></span> <span class='ocrx_word' id='word_1_67' title='bbox 513 587 558 627; x_wconf 91' lang='lat' dir='ltr'><strong>in</strong></span> <span class='ocrx_word' id='word_1_68' title='bbox 580 599 726 628; x_wconf 88' lang='lat' dir='ltr'><strong>causa:</strong></span> <span class='ocrx_word' id='word_1_69' title='bbox 756 587 991 628; x_wconf 83' lang='lat' dir='ltr'><strong>incideram</strong></span> <span class='ocrx_word' id='word_1_70' title='bbox 1010 588 1055 628; x_wconf 87' lang='lat' dir='ltr'><strong>in</strong></span> <span class='ocrx_word' id='word_1_71' title='bbox 1073 589 1290 628; x_wconf 90' lang='lat' dir='ltr'><strong>hominum</strong></span> <span class='ocrx_word' id='word_1_72' title='bbox 1310 589 1526 642; x_wconf 84' lang='lat' dir='ltr'><strong>pugnandi</strong></span> 
     </span>
     <span class='ocr_line' id='line_1_10' title="bbox 67 643 1525 696; baseline 0.002 -13"><span class='ocrx_word' id='word_1_73' title='bbox 67 644 317 696; x_wconf 86' lang='lat' dir='ltr'><strong>cupidorum</strong></span> <span class='ocrx_word' id='word_1_74' title='bbox 350 644 544 686; x_wconf 84' lang='lat' dir='ltr'>insanias.</span> <span class='ocrx_word' id='word_1_75' title='bbox 619 643 765 692; x_wconf 88' lang='lat' dir='ltr'><strong>Nunc,</strong></span> <span class='ocrx_word' id='word_1_76' title='bbox 816 646 1016 695; x_wconf 85' lang='lat' dir='ltr'><strong>quoniam</strong></span> <span class='ocrx_word' id='word_1_77' title='bbox 1055 645 1166 686; x_wconf 88' lang='lat' dir='ltr'><strong>nihil</strong></span> <span class='ocrx_word' id='word_1_78' title='bbox 1209 646 1295 686; x_wconf 87' lang='lat' dir='ltr'><strong>iam</strong></span> <span class='ocrx_word' id='word_1_79' title='bbox 1335 647 1525 687; x_wconf 87' lang='lat' dir='ltr'><strong>videmur</strong></span> 
     </span>
     <span class='ocr_line' id='line_1_11' title="bbox 67 700 1524 755; baseline 0.001 -15"><span class='ocrx_word' id='word_1_80' title='bbox 67 702 270 753; x_wconf 88' lang='lat' dir='ltr'><strong>opitulari</strong></span> <span class='ocrx_word' id='word_1_81' title='bbox 299 714 422 754; x_wconf 90' lang='lat' dir='ltr'><strong>posse</strong></span> <span class='ocrx_word' id='word_1_82' title='bbox 449 701 512 741; x_wconf 87' lang='lat' dir='ltr'><strong>rei</strong></span> <span class='ocrx_word' id='word_1_83' title='bbox 541 700 763 753; x_wconf 80' lang='lat' dir='ltr'><strong>publicae,</strong></span> <span class='ocrx_word' id='word_1_84' title='bbox 802 701 838 741; x_wconf 91' lang='lat' dir='ltr'><strong>si</strong></span> <span class='ocrx_word' id='word_1_85' title='bbox 866 702 968 753; x_wconf 89' lang='lat' dir='ltr'><strong>quid</strong></span> <span class='ocrx_word' id='word_1_86' title='bbox 998 705 1082 755; x_wconf 86' lang='lat' dir='ltr'><strong>est,</strong></span> <span class='ocrx_word' id='word_1_87' title='bbox 1126 703 1172 742; x_wconf 92' lang='lat' dir='ltr'><strong>in</strong></span> <span class='ocrx_word' id='word_1_88' title='bbox 1202 715 1286 754; x_wconf 92' lang='lat' dir='ltr'><strong>quo</strong></span> <span class='ocrx_word' id='word_1_89' title='bbox 1315 703 1524 744; x_wconf 76' lang='lat' dir='ltr'><strong>nobismet</strong></span> 
     </span>
     <span class='ocr_line' id='line_1_12' title="bbox 65 758 1523 812; baseline 0.002 -15"><span class='ocrx_word' id='word_1_90' title='bbox 65 758 170 810; x_wconf 90' lang='lat' dir='ltr'><strong>ipsis</strong></span> <span class='ocrx_word' id='word_1_91' title='bbox 201 760 419 798; x_wconf 81' lang='lat' dir='ltr'><strong>consulere</strong></span> <span class='ocrx_word' id='word_1_92' title='bbox 447 759 671 810; x_wconf 87' lang='lat' dir='ltr'><strong>possimus,</strong></span> <span class='ocrx_word' id='word_1_93' title='bbox 720 770 803 798; x_wconf 89' lang='lat' dir='ltr'><strong>non</strong></span> <span class='ocrx_word' id='word_1_94' title='bbox 843 762 890 799; x_wconf 89' lang='lat' dir='ltr'><strong>ut</strong></span> <span class='ocrx_word' id='word_1_95' title='bbox 929 760 1090 812; x_wconf 84' lang='lat' dir='ltr'><strong>aliquid</strong></span> <span class='ocrx_word' id='word_1_96' title='bbox 1120 772 1173 800; x_wconf 80' lang='lat' dir='ltr'><strong>ex</strong></span> <span class='ocrx_word' id='word_1_97' title='bbox 1200 760 1380 812; x_wconf 87' lang='lat' dir='ltr'><strong>pristino</strong></span> <span class='ocrx_word' id='word_1_98' title='bbox 1410 762 1523 801; x_wconf 86' lang='lat' dir='ltr'><strong>statu</strong></span> 
     </span>
     <span class='ocr_line' id='line_1_13' title="bbox 64 815 1521 870; baseline 0 -14"><span class='ocrx_word' id='word_1_99' title='bbox 64 817 207 857; x_wconf 84' lang='lat' dir='ltr'><strong>nostro</strong></span> <span class='ocrx_word' id='word_1_100' title='bbox 247 816 524 863; x_wconf 78' lang='lat' dir='ltr'><strong>retineamus,</strong></span> <span class='ocrx_word' id='word_1_101' title='bbox 575 815 647 855; x_wconf 90' lang='lat' dir='ltr'><strong>sed</strong></span> <span class='ocrx_word' id='word_1_102' title='bbox 692 817 739 855; x_wconf 90' lang='lat' dir='ltr'><strong>ut</strong></span> <span class='ocrx_word' id='word_1_103' title='bbox 784 828 908 866; x_wconf 86' lang='lat' dir='ltr'><strong>quam</strong></span> <span class='ocrx_word' id='word_1_104' title='bbox 949 817 1240 858; x_wconf 82' lang='lat' dir='ltr'><strong>honestissime</strong></span> <span class='ocrx_word' id='word_1_105' title='bbox 1287 818 1521 870; x_wconf 81' lang='lat' dir='ltr'><strong>lugeamus,</strong></span> 
     </span>
     <span class='ocr_line' id='line_1_14' title="bbox 64 873 1522 926; baseline 0.001 -15"><span class='ocrx_word' id='word_1_106' title='bbox 64 884 187 911; x_wconf 90' lang='lat' dir='ltr'><strong>nemo</strong></span> <span class='ocrx_word' id='word_1_107' title='bbox 219 873 281 911; x_wconf 88' lang='lat' dir='ltr'><strong>est</strong></span> <span class='ocrx_word' id='word_1_108' title='bbox 311 873 518 920; x_wconf 87' lang='lat' dir='ltr'><strong>omnium,</strong></span> <span class='ocrx_word' id='word_1_109' title='bbox 551 873 720 924; x_wconf 90' lang='lat' dir='ltr'><strong>quicum</strong></span> <span class='ocrx_word' id='word_1_110' title='bbox 740 873 881 923; x_wconf 86' lang='lat' dir='ltr'><strong>potius</strong></span> <span class='ocrx_word' id='word_1_111' title='bbox 902 874 1028 921; x_wconf 80' lang='lat' dir='ltr'><strong>mihi,</strong></span> <span class='ocrx_word' id='word_1_112' title='bbox 1060 887 1187 926; x_wconf 84' lang='lat' dir='ltr'><strong>quam</strong></span> <span class='ocrx_word' id='word_1_113' title='bbox 1217 876 1377 925; x_wconf 86' lang='lat' dir='ltr'><strong>tecum,</strong></span> <span class='ocrx_word' id='word_1_114' title='bbox 1409 886 1522 915; x_wconf 91' lang='lat' dir='ltr'><strong>com-</strong></span> 
     </span>
     <span class='ocr_line' id='line_1_15' title="bbox 63 929 1523 982; baseline 0.003 -15"><span class='ocrx_word' id='word_1_115' title='bbox 63 929 361 969; x_wconf 80' lang='lat' dir='ltr'><strong>municandum</strong></span> <span class='ocrx_word' id='word_1_116' title='bbox 385 931 538 982; x_wconf 87' lang='lat' dir='ltr'><strong>putem.</strong></span> <span class='ocrx_word' id='word_1_117' title='bbox 595 929 684 970; x_wconf 79' lang='lat' dir='ltr'><strong>Nec</strong></span> <span class='ocrx_word' id='word_1_118' title='bbox 705 929 816 969; x_wconf 89' lang='lat' dir='ltr'><strong>enim</strong></span> <span class='ocrx_word' id='word_1_119' title='bbox 837 931 1171 971; x_wconf 78' lang='lat' dir='ltr'><strong>clarissimorum</strong></span> <span class='ocrx_word' id='word_1_120' title='bbox 1190 932 1389 979; x_wconf 81' lang='lat' dir='ltr'><strong>virorum,</strong></span> <span class='ocrx_word' id='word_1_121' title='bbox 1420 944 1523 982; x_wconf 90' lang='lat' dir='ltr'><strong>quo·</strong></span> 
     </span>
     <span class='ocr_line' id='line_1_16' title="bbox 63 985 1520 1039; baseline 0.003 -14"><span class='ocrx_word' id='word_1_122' title='bbox 63 997 156 1025; x_wconf 85' lang='lat' dir='ltr'><strong>rum</strong></span> <span class='ocrx_word' id='word_1_123' title='bbox 193 985 351 1026; x_wconf 87' lang='lat' dir='ltr'><strong>similes</strong></span> <span class='ocrx_word' id='word_1_124' title='bbox 391 998 481 1026; x_wconf 88' lang='lat' dir='ltr'><strong>esse</strong></span> <span class='ocrx_word' id='word_1_125' title='bbox 517 985 734 1038; x_wconf 87' lang='lat' dir='ltr'><strong>debemus,</strong></span> <span class='ocrx_word' id='word_1_126' title='bbox 780 989 972 1039; x_wconf 85' lang='lat' dir='ltr'><strong>exempla</strong></span> <span class='ocrx_word' id='word_1_127' title='bbox 1000 1000 1138 1039; x_wconf 88' lang='lat' dir='ltr'><strong>neque</strong></span> <span class='ocrx_word' id='word_1_128' title='bbox 1168 987 1520 1036; x_wconf 76' lang='lat' dir='ltr'><strong>doctissimorum,</strong></span> 
     </span>
     <span class='ocr_line' id='line_1_17' title="bbox 63 1044 1521 1097; baseline 0.002 -16"><span class='ocrx_word' id='word_1_129' title='bbox 63 1054 165 1093; x_wconf 86' lang='lat' dir='ltr'><strong>quos</strong></span> <span class='ocrx_word' id='word_1_130' title='bbox 208 1055 372 1094; x_wconf 86' lang='lat' dir='ltr'><strong>semper</strong></span> <span class='ocrx_word' id='word_1_131' title='bbox 418 1044 611 1092; x_wconf 84' lang='lat' dir='ltr'><strong>coluisti,</strong></span> <span class='ocrx_word' id='word_1_132' title='bbox 658 1046 886 1094; x_wconf 83' lang='lat' dir='ltr'><strong>praecepta</strong></span> <span class='ocrx_word' id='word_1_133' title='bbox 923 1047 965 1084; x_wconf 85' lang='lat' dir='ltr'><strong>te</strong></span> <span class='ocrx_word' id='word_1_134' title='bbox 1002 1046 1180 1097; x_wconf 78' lang='lat' dir='ltr'><strong>fugiunt.</strong></span> <span class='ocrx_word' id='word_1_135' title='bbox 1249 1045 1388 1095; x_wconf 83' lang='lat' dir='ltr'><strong>Atque</strong></span> <span class='ocrx_word' id='word_1_136' title='bbox 1424 1045 1521 1096; x_wconf 81' lang='lat' dir='ltr'><strong>ipse</strong></span> 
     </span>
     <span class='ocr_line' id='line_1_18' title="bbox 61 1099 1518 1154; baseline 0.001 -14"><span class='ocrx_word' id='word_1_137' title='bbox 61 1101 184 1140; x_wconf 86' lang='lat' dir='ltr'><strong>antea</strong></span> <span class='ocrx_word' id='word_1_138' title='bbox 210 1099 262 1139; x_wconf 88' lang='lat' dir='ltr'><strong>ad</strong></span> <span class='ocrx_word' id='word_1_139' title='bbox 284 1101 326 1138; x_wconf 88' lang='lat' dir='ltr'><strong>te</strong></span> <span class='ocrx_word' id='word_1_140' title='bbox 355 1099 615 1150; x_wconf 82' lang='lat' dir='ltr'><strong>scripsissem</strong></span> <span class='ocrx_word' id='word_1_141' title='bbox 644 1101 705 1154; x_wconf 50' lang='lat' dir='ltr'><strong>te·</strong></span> <span class='ocrx_word' id='word_1_142' title='bbox 716 1100 873 1138; x_wconf 80' lang='lat' dir='ltr'><strong>frustra</strong></span> <span class='ocrx_word' id='word_1_143' title='bbox 899 1100 945 1139; x_wconf 86' lang='lat' dir='ltr'><strong>in</strong></span> <span class='ocrx_word' id='word_1_144' title='bbox 974 1103 1164 1140; x_wconf 81' lang='lat' dir='ltr'><strong>senatum</strong></span> <span class='ocrx_word' id='word_1_145' title='bbox 1193 1101 1281 1140; x_wconf 86' lang='lat' dir='ltr'><strong>sive</strong></span> <span class='ocrx_word' id='word_1_146' title='bbox 1303 1102 1442 1153; x_wconf 87' lang='lat' dir='ltr'><strong>potius</strong></span> <span class='ocrx_word' id='word_1_147' title='bbox 1471 1102 1518 1142; x_wconf 90' lang='lat' dir='ltr'><strong>in</strong></span> 
     </span>
     <span class='ocr_line' id='line_1_19' title="bbox 59 1157 1520 1209; baseline 0.001 -13"><span class='ocrx_word' id='word_1_148' title='bbox 59 1158 315 1197; x_wconf 85' lang='lat' dir='ltr'><strong>conventum</strong></span> <span class='ocrx_word' id='word_1_149' title='bbox 343 1158 580 1196; x_wconf 83' lang='lat' dir='ltr'><strong>senatorum</strong></span> <span class='ocrx_word' id='word_1_150' title='bbox 611 1168 699 1196; x_wconf 88' lang='lat' dir='ltr'><strong>esse</strong></span> <span class='ocrx_word' id='word_1_151' title='bbox 728 1158 974 1209; x_wconf 79' lang='lat' dir='ltr'><strong>venturum,</strong></span> <span class='ocrx_word' id='word_1_152' title='bbox 1014 1157 1059 1197; x_wconf 85' lang='lat' dir='ltr'><strong>ni</strong></span> <span class='ocrx_word' id='word_1_153' title='bbox 1088 1158 1249 1198; x_wconf 86' lang='lat' dir='ltr'><strong>veritus</strong></span> <span class='ocrx_word' id='word_1_154' title='bbox 1278 1169 1431 1207; x_wconf 86' lang='lat' dir='ltr'><strong>essem,</strong></span> <span class='ocrx_word' id='word_1_155' title='bbox 1463 1170 1520 1199; x_wconf 81' lang='lat' dir='ltr'><strong>ne</strong></span> 
     </span>
     <span class='ocr_line' id='line_1_20' title="bbox 61 1211 1519 1267; baseline 0.002 -15"><span class='ocrx_word' id='word_1_156' title='bbox 61 1213 153 1253; x_wconf 91' lang='lat' dir='ltr'><strong>eius</strong></span> <span class='ocrx_word' id='word_1_157' title='bbox 182 1213 365 1254; x_wconf 90' lang='lat' dir='ltr'><strong>animum</strong></span> <span class='ocrx_word' id='word_1_158' title='bbox 395 1211 670 1260; x_wconf 83' lang='lat' dir='ltr'><strong>offenderem,</strong></span> <span class='ocrx_word' id='word_1_159' title='bbox 714 1212 787 1263; x_wconf 90' lang='lat' dir='ltr'><strong>qui</strong></span> <span class='ocrx_word' id='word_1_160' title='bbox 817 1227 842 1253; x_wconf 83' lang='lat' dir='ltr'><strong>a</strong></span> <span class='ocrx_word' id='word_1_161' title='bbox 871 1226 960 1261; x_wconf 90' lang='lat' dir='ltr'><strong>me,</strong></span> <span class='ocrx_word' id='word_1_162' title='bbox 999 1217 1047 1254; x_wconf 87' lang='lat' dir='ltr'><strong>ut</strong></span> <span class='ocrx_word' id='word_1_163' title='bbox 1077 1217 1119 1255; x_wconf 89' lang='lat' dir='ltr'><strong>te</strong></span> <span class='ocrx_word' id='word_1_164' title='bbox 1147 1215 1362 1262; x_wconf 82' lang='lat' dir='ltr'><strong>imitarer,</strong></span> <span class='ocrx_word' id='word_1_165' title='bbox 1403 1217 1519 1267; x_wconf 86' lang='lat' dir='ltr'><strong>pete-</strong></span> 
     </span>
     <span class='ocr_line' id='line_1_21' title="bbox 59 1269 1519 1323; baseline 0.001 -13"><span class='ocrx_word' id='word_1_166' title='bbox 59 1269 146 1311; x_wconf 87' lang='lat' dir='ltr'><strong>bat.</strong></span> <span class='ocrx_word' id='word_1_167' title='bbox 205 1270 283 1310; x_wconf 84' lang='lat' dir='ltr'><strong>Cui</strong></span> <span class='ocrx_word' id='word_1_168' title='bbox 322 1269 490 1320; x_wconf 89' lang='lat' dir='ltr'><strong>quidem</strong></span> <span class='ocrx_word' id='word_1_169' title='bbox 524 1281 624 1321; x_wconf 82' lang='lat' dir='ltr'><strong>ego,</strong></span> <span class='ocrx_word' id='word_1_170' title='bbox 672 1281 740 1308; x_wconf 90' lang='lat' dir='ltr'><strong>me</strong></span> <span class='ocrx_word' id='word_1_171' title='bbox 776 1281 903 1320; x_wconf 90' lang='lat' dir='ltr'><strong>quum</strong></span> <span class='ocrx_word' id='word_1_172' title='bbox 943 1273 1135 1323; x_wconf 81' lang='lat' dir='ltr'><strong>rogaret,</strong></span> <span class='ocrx_word' id='word_1_173' title='bbox 1181 1274 1230 1311; x_wconf 90' lang='lat' dir='ltr'><strong>ut</strong></span> <span class='ocrx_word' id='word_1_174' title='bbox 1257 1272 1442 1312; x_wconf 86' lang='lat' dir='ltr'><strong>adessem</strong></span> <span class='ocrx_word' id='word_1_175' title='bbox 1470 1273 1519 1313; x_wconf 88' lang='lat' dir='ltr'><strong>in</strong></span> 
     </span>
     <span class='ocr_line' id='line_1_22' title="bbox 58 1326 1516 1380; baseline 0.002 -14"><span class='ocrx_word' id='word_1_176' title='bbox 58 1327 230 1378; x_wconf 83' lang='lat' dir='ltr'><strong>senatu,</strong></span> <span class='ocrx_word' id='word_1_177' title='bbox 277 1326 421 1366; x_wconf 88' lang='lat' dir='ltr'><strong>eadem</strong></span> <span class='ocrx_word' id='word_1_178' title='bbox 450 1326 613 1378; x_wconf 85' lang='lat' dir='ltr'><strong>omnia,</strong></span> <span class='ocrx_word' id='word_1_179' title='bbox 658 1338 765 1377; x_wconf 87' lang='lat' dir='ltr'><strong>quae</strong></span> <span class='ocrx_word' id='word_1_180' title='bbox 805 1340 829 1366; x_wconf 88' lang='lat' dir='ltr'><strong>a</strong></span> <span class='ocrx_word' id='word_1_181' title='bbox 859 1329 900 1366; x_wconf 82' lang='lat' dir='ltr'><strong>te</strong></span> <span class='ocrx_word' id='word_1_182' title='bbox 930 1327 980 1367; x_wconf 88' lang='lat' dir='ltr'><strong>de</strong></span> <span class='ocrx_word' id='word_1_183' title='bbox 1008 1340 1116 1380; x_wconf 86' lang='lat' dir='ltr'><strong>pace</strong></span> <span class='ocrx_word' id='word_1_184' title='bbox 1145 1329 1187 1368; x_wconf 87' lang='lat' dir='ltr'><strong>et</strong></span> <span class='ocrx_word' id='word_1_185' title='bbox 1217 1328 1268 1368; x_wconf 89' lang='lat' dir='ltr'><strong>de</strong></span> <span class='ocrx_word' id='word_1_186' title='bbox 1296 1329 1516 1380; x_wconf 84' lang='lat' dir='ltr'><strong>Hispaniis</strong></span> 
     </span>
     <span class='ocr_line' id='line_1_23' title="bbox 58 1382 1571 1437; baseline 0.002 -14"><span class='ocrx_word' id='word_1_187' title='bbox 58 1383 174 1424; x_wconf 85' lang='lat' dir='ltr'><strong>dicta</strong></span> <span class='ocrx_word' id='word_1_188' title='bbox 202 1386 322 1432; x_wconf 89' lang='lat' dir='ltr'><strong>sunt,</strong></span> <span class='ocrx_word' id='word_1_189' title='bbox 365 1383 528 1422; x_wconf 86' lang='lat' dir='ltr'><strong>ostendi</strong></span> <span class='ocrx_word' id='word_1_190' title='bbox 557 1395 624 1423; x_wconf 88' lang='lat' dir='ltr'><strong>me</strong></span> <span class='ocrx_word' id='word_1_191' title='bbox 654 1394 743 1422; x_wconf 88' lang='lat' dir='ltr'><strong>esse</strong></span> <span class='ocrx_word' id='word_1_192' title='bbox 772 1382 996 1424; x_wconf 88' lang='lat' dir='ltr'><strong>dicturum.</strong></span> <span class='ocrx_word' id='word_1_193' title='bbox 1055 1385 1137 1425; x_wconf 91' lang='lat' dir='ltr'><strong>Res</strong></span> <span class='ocrx_word' id='word_1_194' title='bbox 1165 1385 1283 1425; x_wconf 89' lang='lat' dir='ltr'><strong>vides</strong></span> <span class='ocrx_word' id='word_1_195' title='bbox 1310 1386 1515 1437; x_wconf 90' lang='lat' dir='ltr'><strong>quomodo</strong></span> <span class='ocrx_word' id='word_1_196' title='bbox 1537 1390 1571 1431; x_wconf 82' lang='grc'><strong><em>2</em></strong></span> 
     </span>
     <span class='ocr_line' id='line_1_24' title="bbox 57 1440 1516 1494; baseline 0.002 -14"><span class='ocrx_word' id='word_1_197' title='bbox 57 1453 102 1480; x_wconf 89' lang='lat' dir='ltr'><strong>se</strong></span> <span class='ocrx_word' id='word_1_198' title='bbox 141 1440 315 1480; x_wconf 85' lang='lat' dir='ltr'><strong>habeat:</strong></span> <span class='ocrx_word' id='word_1_199' title='bbox 370 1440 516 1480; x_wconf 89' lang='lat' dir='ltr'><strong>orbem</strong></span> <span class='ocrx_word' id='word_1_200' title='bbox 554 1442 785 1488; x_wconf 84' lang='lat' dir='ltr'><strong>terrarum,</strong></span> <span class='ocrx_word' id='word_1_201' title='bbox 827 1440 1018 1492; x_wconf 88' lang='lat' dir='ltr'><strong>imperiis</strong></span> <span class='ocrx_word' id='word_1_202' title='bbox 1048 1441 1310 1494; x_wconf 83' lang='lat' dir='ltr'><strong>distributis,</strong></span> <span class='ocrx_word' id='word_1_203' title='bbox 1365 1443 1516 1483; x_wconf 86' lang='lat' dir='ltr'><strong>ardere</strong></span> 
     </span>
     <span class='ocr_line' id='line_1_25' title="bbox 58 1490 1516 1551; baseline 0.002 -15"><span class='ocrx_word' id='word_1_204' title='bbox 58 1497 193 1538; x_wconf 90' lang='lat' dir='ltr'><strong>bello:</strong></span> <span class='ocrx_word' id='word_1_205' title='bbox 242 1496 391 1537; x_wconf 91' lang='lat' dir='ltr'><strong>urbem</strong></span> <span class='ocrx_word' id='word_1_206' title='bbox 419 1497 511 1537; x_wconf 88' lang='lat' dir='ltr'><strong>sine</strong></span> <span class='ocrx_word' id='word_1_207' title='bbox 540 1490 731 1550; x_wconf 81' lang='lat' dir='ltr'><strong>legibus,</strong></span> <span class='ocrx_word' id='word_1_208' title='bbox 760 1497 872 1537; x_wconf 67' lang='lat' dir='ltr'><strong>”sine</strong></span> <span class='ocrx_word' id='word_1_209' title='bbox 901 1498 1098 1551; x_wconf 84' lang='lat' dir='ltr'><strong>iudiciis,</strong></span> <span class='ocrx_word' id='word_1_210' title='bbox 1150 1499 1242 1539; x_wconf 89' lang='lat' dir='ltr'><strong>sine</strong></span> <span class='ocrx_word' id='word_1_211' title='bbox 1270 1499 1387 1547; x_wconf 90' lang='lat' dir='ltr'><strong>iure,</strong></span> <span class='ocrx_word' id='word_1_212' title='bbox 1423 1499 1516 1540; x_wconf 88' lang='lat' dir='ltr'><strong>sine</strong></span> 
     </span>
     <span class='ocr_line' id='line_1_26' title="bbox 53 1552 1517 1608; baseline 0.002 -14"><span class='ocrx_word' id='word_1_213' title='bbox 53 1552 138 1595; x_wconf 87' lang='lat' dir='ltr'><strong>fide</strong></span> <span class='ocrx_word' id='word_1_214' title='bbox 173 1554 366 1596; x_wconf 86' lang='lat' dir='ltr'><strong>relictam</strong></span> <span class='ocrx_word' id='word_1_215' title='bbox 403 1553 633 1607; x_wconf 84' lang='lat' dir='ltr'><strong>direptioni</strong></span> <span class='ocrx_word' id='word_1_216' title='bbox 671 1556 714 1594; x_wconf 88' lang='lat' dir='ltr'><strong>et</strong></span> <span class='ocrx_word' id='word_1_217' title='bbox 752 1554 976 1597; x_wconf 84' lang='lat' dir='ltr'><strong>incendiis.</strong></span> <span class='ocrx_word' id='word_1_218' title='bbox 1043 1556 1194 1608; x_wconf 85' lang='lat' dir='ltr'><strong>Itaque</strong></span> <span class='ocrx_word' id='word_1_219' title='bbox 1229 1556 1336 1597; x_wconf 88' lang='lat' dir='ltr'><strong>mihi</strong></span> <span class='ocrx_word' id='word_1_220' title='bbox 1369 1557 1517 1598; x_wconf 85' lang='lat' dir='ltr'><strong>venire</strong></span> 
     </span>
    </p>
   </div>
   <div class='ocr_carea' id='block_1_3' title="bbox 0 1677 1516 2788">
    <p class='ocr_par' dir='ltr' id='par_1_3' title="bbox 48 1677 1516 2324">
     <span class='ocr_line' id='line_1_27' title="bbox 52 1677 1515 1722; baseline 0.002 -10"><span class='ocrx_word' id='word_1_221' title='bbox 52 1677 151 1721; x_wconf 89' lang='lat' dir='ltr'><strong>Das,</strong></span> <span class='ocrx_word' id='word_1_222' title='bbox 198 1687 278 1712; x_wconf 82' lang='lat' dir='ltr'><strong>was</strong></span> <span class='ocrx_word' id='word_1_223' title='bbox 319 1688 387 1712; x_wconf 91' lang='lat' dir='ltr'><strong>uns</strong></span> <span class='ocrx_word' id='word_1_224' title='bbox 422 1677 557 1712; x_wconf 91' lang='lat' dir='ltr'><strong>beiden</strong></span> <span class='ocrx_word' id='word_1_225' title='bbox 595 1687 641 1711; x_wconf 94' lang='lat' dir='ltr'><strong>zu</strong></span> <span class='ocrx_word' id='word_1_226' title='bbox 681 1677 771 1711; x_wconf 87' lang='lat' dir='ltr'><strong>thun</strong></span> <span class='ocrx_word' id='word_1_227' title='bbox 808 1678 984 1722; x_wconf 83' lang='lat' dir='ltr'><strong>obliege,</strong></span> <span class='ocrx_word' id='word_1_228' title='bbox 1026 1677 1092 1712; x_wconf 90' lang='lat' dir='ltr'><strong>mit</strong></span> <span class='ocrx_word' id='word_1_229' title='bbox 1130 1678 1201 1712; x_wconf 91' lang='lat' dir='ltr'><strong>mir</strong></span> <span class='ocrx_word' id='word_1_230' title='bbox 1235 1681 1428 1715; x_wconf 86' lang='lat' dir='ltr'><strong>berathen.</strong></span> <span class='ocrx_word' id='word_1_231' title='bbox 1469 1700 1515 1707; x_wconf 88' lang='lat'>-</span> 
     </span>
     <span class='ocr_line' id='line_1_28' title="bbox 51 1723 1516 1771; baseline 0.002 -13"><span class='ocrx_word' id='word_1_232' title='bbox 51 1725 167 1758; x_wconf 80' lang='lat' dir='ltr'><strong>salvis</strong></span> <span class='ocrx_word' id='word_1_233' title='bbox 188 1735 234 1758; x_wconf 90' lang='lat'><strong>:=</strong></span> <span class='ocrx_word' id='word_1_234' title='bbox 258 1723 417 1768; x_wconf 84' lang='lat' dir='ltr'><strong>integris</strong></span> <span class='ocrx_word' id='word_1_235' title='bbox 440 1725 565 1768; x_wconf 63' lang='lat' dir='ltr'><strong>rehu-5⁸,</strong></span> <span class='ocrx_word' id='word_1_236' title='bbox 600 1725 647 1757; x_wconf 85' lang='lat' dir='ltr'><strong>da</strong></span> <span class='ocrx_word' id='word_1_237' title='bbox 669 1724 767 1758; x_wconf 92' lang='lat' dir='ltr'><strong>noch</strong></span> <span class='ocrx_word' id='word_1_238' title='bbox 789 1724 921 1759; x_wconf 84' lang='lat' dir='ltr'><strong>Nichts</strong></span> <span class='ocrx_word' id='word_1_239' title='bbox 946 1724 1121 1759; x_wconf 86' lang='lat' dir='ltr'><strong>verloren</strong></span> <span class='ocrx_word' id='word_1_240' title='bbox 1145 1737 1235 1759; x_wconf 85' lang='lat' dir='ltr'><strong>war.</strong></span> <span class='ocrx_word' id='word_1_241' title='bbox 1276 1726 1321 1761; x_wconf 91' lang='lat' dir='ltr'><strong>In</strong></span> <span class='ocrx_word' id='word_1_242' title='bbox 1346 1731 1398 1761; x_wconf 81' lang='lat' dir='ltr'><strong>est</strong></span> <span class='ocrx_word' id='word_1_243' title='bbox 1419 1727 1516 1771; x_wconf 82' lang='lat' dir='ltr'><strong>liegt</strong></span> 
     </span>
     <span class='ocr_line' id='line_1_29' title="bbox 52 1770 1513 1817; baseline 0.001 -12"><span class='ocrx_word' id='word_1_244' title='bbox 52 1771 120 1805; x_wconf 88' lang='lat' dir='ltr'><strong>der</strong></span> <span class='ocrx_word' id='word_1_245' title='bbox 143 1770 294 1814; x_wconf 83' lang='lat' dir='ltr'><strong>Begriff</strong></span> <span class='ocrx_word' id='word_1_246' title='bbox 313 1781 418 1805; x_wconf 78' lang='lat' dir='ltr'><strong>nunc.</strong></span> <span class='ocrx_word' id='word_1_247' title='bbox 442 1789 488 1797; x_wconf 92' lang='lat'><strong>—-</strong></span> <span class='ocrx_word' id='word_1_248' title='bbox 529 1771 698 1815; x_wconf 84' lang='lat' dir='ltr'><strong>provid.,</strong></span> <span class='ocrx_word' id='word_1_249' title='bbox 729 1771 862 1814; x_wconf 79' lang='lat' dir='ltr'><strong>Margo</strong></span> <span class='ocrx_word' id='word_1_250' title='bbox 889 1772 988 1806; x_wconf 85' lang='lat' dir='ltr'><strong>Crat.</strong></span> <span class='ocrx_word' id='word_1_251' title='bbox 1011 1771 1295 1814; x_wconf 78' lang='lat' dir='ltr'><strong>praevidentem.</strong></span> <span class='ocrx_word' id='word_1_252' title='bbox 1324 1791 1368 1799; x_wconf 90' lang='lat'><strong>—</strong></span> <span class='ocrx_word' id='word_1_253' title='bbox 1406 1773 1513 1817; x_wconf 87' lang='lat' dir='ltr'><strong>Sero,</strong></span> 
     </span>
     <span class='ocr_line' id='line_1_30' title="bbox 52 1816 1514 1863; baseline 0.003 -13"><span class='ocrx_word' id='word_1_254' title='bbox 52 1828 99 1851; x_wconf 92' lang='lat' dir='ltr'><strong>zu</strong></span> <span class='ocrx_word' id='word_1_255' title='bbox 125 1818 218 1861; x_wconf 70' lang='lat' dir='ltr'><strong>spat.</strong></span> <span class='ocrx_word' id='word_1_256' title='bbox 244 1835 288 1841; x_wconf 92' lang='lat'>—</span> <span class='ocrx_word' id='word_1_257' title='bbox 320 1817 425 1850; x_wconf 79' lang='lat' dir='ltr'><strong>rudis</strong></span> <span class='ocrx_word' id='word_1_258' title='bbox 450 1842 459 1851; x_wconf 85' lang='lat'><strong>.</strong></span> <span class='ocrx_word' id='word_1_259' title='bbox 476 1842 483 1850; x_wconf 96' lang='lat'><strong><em>.</em></strong></span> <span class='ocrx_word' id='word_1_260' title='bbox 504 1842 512 1850; x_wconf 93' lang='lat'><strong>.</strong></span> <span class='ocrx_word' id='word_1_261' title='bbox 538 1819 577 1850; x_wconf 80' lang='lat' dir='ltr'><strong>in</strong></span> <span class='ocrx_word' id='word_1_262' title='bbox 602 1827 732 1860; x_wconf 81' lang='lat' dir='ltr'><strong>causa,</strong></span> <span class='ocrx_word' id='word_1_263' title='bbox 765 1827 846 1850; x_wconf 88' lang='lat' dir='ltr'><strong>man</strong></span> <span class='ocrx_word' id='word_1_264' title='bbox 863 1817 1037 1861; x_wconf 81' lang='lat' dir='ltr'><strong>glaubte,</strong></span> <span class='ocrx_word' id='word_1_265' title='bbox 1063 1816 1123 1850; x_wconf 88' lang='lat' dir='ltr'><strong>ich</strong></span> <span class='ocrx_word' id='word_1_266' title='bbox 1139 1818 1195 1851; x_wconf 91' lang='lat' dir='ltr'><strong>sei</strong></span> <span class='ocrx_word' id='word_1_267' title='bbox 1218 1829 1350 1863; x_wconf 84' lang='lat' dir='ltr'><strong>wegen</strong></span> <span class='ocrx_word' id='word_1_268' title='bbox 1370 1820 1514 1854; x_wconf 89' lang='lat' dir='ltr'><strong>meiner</strong></span> 
     </span>
     <span class='ocr_line' id='line_1_31' title="bbox 50 1862 1512 1907; baseline 0.002 -10"><span class='ocrx_word' id='word_1_269' title='bbox 50 1862 268 1906; x_wconf 83' lang='lat' dir='ltr'><strong>bisherigen</strong></span> <span class='ocrx_word' id='word_1_270' title='bbox 285 1862 553 1896; x_wconf 78' lang='lat' dir='ltr'><strong>Abwesenheit</strong></span> <span class='ocrx_word' id='word_1_271' title='bbox 575 1862 677 1896; x_wconf 87' lang='lat' dir='ltr'><strong>nicht</strong></span> <span class='ocrx_word' id='word_1_272' title='bbox 701 1874 900 1907; x_wconf 82' lang='lat' dir='ltr'><strong>genugsam</strong></span> <span class='ocrx_word' id='word_1_273' title='bbox 927 1874 998 1897; x_wconf 87' lang='lat' dir='ltr'><strong>von</strong></span> <span class='ocrx_word' id='word_1_274' title='bbox 1026 1863 1094 1897; x_wconf 91' lang='lat' dir='ltr'><strong>der</strong></span> <span class='ocrx_word' id='word_1_275' title='bbox 1109 1862 1230 1898; x_wconf 81' lang='lat' dir='ltr'><strong>sache</strong></span> <span class='ocrx_word' id='word_1_276' title='bbox 1250 1866 1512 1900; x_wconf 81' lang='lat' dir='ltr'><strong>unterrichtet.</strong></span> 
     </span>
     <span class='ocr_line' id='line_1_32' title="bbox 53 1909 1513 1956; baseline 0.002 -14"><span class='ocrx_word' id='word_1_277' title='bbox 53 1927 98 1934; x_wconf 89' lang='lat'>—</span> <span class='ocrx_word' id='word_1_278' title='bbox 131 1910 305 1951; x_wconf 79' lang='lat' dir='ltr'><strong>retinere,</strong></span> <span class='ocrx_word' id='word_1_279' title='bbox 339 1915 473 1943; x_wconf 85' lang='lat' dir='ltr'><strong>retten.</strong></span> <span class='ocrx_word' id='word_1_280' title='bbox 506 1927 548 1933; x_wconf 92' lang='lat'>-</span> <span class='ocrx_word' id='word_1_281' title='bbox 597 1909 786 1951; x_wconf 79' lang='lat' dir='ltr'><strong>lugeamus</strong></span> <span class='ocrx_word' id='word_1_282' title='bbox 809 1911 952 1944; x_wconf 88' lang='lat' dir='ltr'><strong>amissa.</strong></span> <span class='ocrx_word' id='word_1_283' title='bbox 989 1928 1033 1935; x_wconf 94' lang='lat'><strong>-—-</strong></span> <span class='ocrx_word' id='word_1_284' title='bbox 1081 1911 1368 1956; x_wconf 83' lang='lat' dir='ltr'><strong>communicare,</strong></span> <span class='ocrx_word' id='word_1_285' title='bbox 1406 1912 1513 1947; x_wconf 84' lang='lat' dir='ltr'><strong>seine</strong></span> 
     </span>
     <span class='ocr_line' id='line_1_33' title="bbox 51 1954 1513 1993; baseline 0.001 -3"><span class='ocrx_word' id='word_1_286' title='bbox 51 1954 257 1990; x_wconf 88' lang='lat' dir='ltr'><strong>Gedanken</strong></span> <span class='ocrx_word' id='word_1_287' title='bbox 289 1955 357 1989; x_wconf 88' lang='lat' dir='ltr'><strong>mit</strong></span> <span class='ocrx_word' id='word_1_288' title='bbox 380 1955 591 1989; x_wconf 89' lang='lat' dir='ltr'><strong>lemandem</strong></span> <span class='ocrx_word' id='word_1_289' title='bbox 621 1955 714 1989; x_wconf 80' lang='lat' dir='ltr'><strong>iiber</strong></span> <span class='ocrx_word' id='word_1_290' title='bbox 737 1956 865 1990; x_wconf 85' lang='lat' dir='ltr'><strong>Etwas</strong></span> <span class='ocrx_word' id='word_1_291' title='bbox 897 1957 1155 1991; x_wconf 82' lang='lat' dir='ltr'><strong>austauschen.</strong></span> <span class='ocrx_word' id='word_1_292' title='bbox 1188 1977 1234 1982; x_wconf 97' lang='lat'><strong>—</strong></span> <span class='ocrx_word' id='word_1_293' title='bbox 1280 1958 1359 1992; x_wconf 89' lang='lat' dir='ltr'><strong>Nec</strong></span> <span class='ocrx_word' id='word_1_294' title='bbox 1384 1985 1393 1993; x_wconf 89' lang='lat'><strong>.</strong></span> <span class='ocrx_word' id='word_1_295' title='bbox 1412 1984 1421 1992; x_wconf 93' lang='lat'>.</span> <span class='ocrx_word' id='word_1_296' title='bbox 1441 1984 1451 1993; x_wconf 88' lang='lat'><em>.</em></span> <span class='ocrx_word' id='word_1_297' title='bbox 1477 1962 1513 1991; x_wconf 75' lang='lat' dir='ltr'><strong>ie</strong></span> 
     </span>
     <span class='ocr_line' id='line_1_34' title="bbox 50 2001 1510 2047; baseline 0.003 -13"><span class='ocrx_word' id='word_1_298' title='bbox 50 2002 218 2044; x_wconf 78' lang='lat' dir='ltr'><strong>fugiunt,</strong></span> <span class='ocrx_word' id='word_1_299' title='bbox 250 2002 344 2035; x_wconf 90' lang='lat' dir='ltr'><strong>auch</strong></span> <span class='ocrx_word' id='word_1_300' title='bbox 368 2001 452 2035; x_wconf 85' lang='lat' dir='ltr'><strong>sind</strong></span> <span class='ocrx_word' id='word_1_301' title='bbox 478 2001 550 2034; x_wconf 88' lang='lat' dir='ltr'><strong>Dir</strong></span> <span class='ocrx_word' id='word_1_302' title='bbox 573 2001 702 2035; x_wconf 91' lang='lat' dir='ltr'><strong>weder</strong></span> <span class='ocrx_word' id='word_1_303' title='bbox 727 2028 758 2037; x_wconf 91' lang='lat'><strong>..</strong></span> <span class='ocrx_word' id='word_1_304' title='bbox 779 2029 788 2037; x_wconf 82' lang='lat'><strong>.</strong></span> <span class='ocrx_word' id='word_1_305' title='bbox 813 2003 910 2036; x_wconf 89' lang='lat' dir='ltr'><strong>noch</strong></span> <span class='ocrx_word' id='word_1_306' title='bbox 935 2027 944 2037; x_wconf 89' lang='lat'><strong><em>.</em></strong></span> <span class='ocrx_word' id='word_1_307' title='bbox 962 2029 969 2037; x_wconf 91' lang='lat'><strong>.</strong></span> <span class='ocrx_word' id='word_1_308' title='bbox 986 2029 994 2037; x_wconf 90' lang='lat'><strong><em>.</em></strong></span> <span class='ocrx_word' id='word_1_309' title='bbox 1021 2002 1246 2037; x_wconf 85' lang='lat' dir='ltr'><strong>unbekannt.</strong></span> <span class='ocrx_word' id='word_1_310' title='bbox 1273 2023 1317 2029; x_wconf 97' lang='lat'>—</span> <span class='ocrx_word' id='word_1_311' title='bbox 1353 2005 1510 2047; x_wconf 80' lang='lat' dir='ltr'><strong>frustra.</strong></span> 
     </span>
     <span class='ocr_line' id='line_1_35' title="bbox 50 2047 1511 2093; baseline 0.001 -12"><span class='ocrx_word' id='word_1_312' title='bbox 50 2048 148 2082; x_wconf 86' lang='lat' dir='ltr'><strong>ohne</strong></span> <span class='ocrx_word' id='word_1_313' title='bbox 172 2048 299 2081; x_wconf 83' lang='lat' dir='ltr'><strong>Etwas</strong></span> <span class='ocrx_word' id='word_1_314' title='bbox 323 2047 602 2090; x_wconf 75' lang='lat' dir='ltr'><strong>auszurichten‚</strong></span> <span class='ocrx_word' id='word_1_315' title='bbox 641 2048 740 2081; x_wconf 85' lang='lat' dir='ltr'><strong>ohne</strong></span> <span class='ocrx_word' id='word_1_316' title='bbox 763 2048 903 2082; x_wconf 85' lang='lat' dir='ltr'><strong>Frucht</strong></span> <span class='ocrx_word' id='word_1_317' title='bbox 927 2049 1001 2083; x_wconf 91' lang='lat' dir='ltr'><strong>und</strong></span> <span class='ocrx_word' id='word_1_318' title='bbox 1026 2050 1185 2083; x_wconf 86' lang='lat' dir='ltr'><strong>Nutzen.</strong></span> <span class='ocrx_word' id='word_1_319' title='bbox 1208 2068 1252 2074; x_wconf 90' lang='lat'><strong>-—-</strong></span> <span class='ocrx_word' id='word_1_320' title='bbox 1285 2053 1324 2084; x_wconf 84' lang='lat' dir='ltr'><strong>in</strong></span> <span class='ocrx_word' id='word_1_321' title='bbox 1348 2053 1511 2093; x_wconf 78' lang='lat' dir='ltr'><strong>convent,</strong></span> 
     </span>
     <span class='ocr_line' id='line_1_36' title="bbox 48 2093 1512 2140; baseline 0.003 -13"><span class='ocrx_word' id='word_1_322' title='bbox 48 2099 187 2137; x_wconf 59' lang='lat' dir='ltr'><strong>senat„</strong></span> <span class='ocrx_word' id='word_1_323' title='bbox 223 2093 260 2127; x_wconf 89' lang='lat' dir='ltr'><strong>in</strong></span> <span class='ocrx_word' id='word_1_324' title='bbox 285 2093 357 2127; x_wconf 88' lang='lat' dir='ltr'><strong>den</strong></span> <span class='ocrx_word' id='word_1_325' title='bbox 382 2093 629 2128; x_wconf 81' lang='lat' dir='ltr'><strong>Conventikel</strong></span> <span class='ocrx_word' id='word_1_326' title='bbox 654 2094 800 2138; x_wconf 83' lang='lat' dir='ltr'><strong>einiger</strong></span> <span class='ocrx_word' id='word_1_327' title='bbox 823 2106 895 2129; x_wconf 92' lang='lat' dir='ltr'><strong>von</strong></span> <span class='ocrx_word' id='word_1_328' title='bbox 920 2096 1036 2130; x_wconf 68' lang='lat' dir='ltr'><strong>casar</strong></span> <span class='ocrx_word' id='word_1_329' title='bbox 1060 2096 1512 2140; x_wconf 81' lang='lat' dir='ltr'><strong>zusammengetriebener</strong></span> 
     </span>
     <span class='ocr_line' id='line_1_37' title="bbox 49 2139 1512 2186; baseline 0.003 -12"><span class='ocrx_word' id='word_1_330' title='bbox 49 2139 266 2175; x_wconf 85' lang='lat' dir='ltr'><strong>Senatoren.</strong></span> <span class='ocrx_word' id='word_1_331' title='bbox 313 2141 406 2174; x_wconf 90' lang='lat' dir='ltr'><strong>Nam</strong></span> <span class='ocrx_word' id='word_1_332' title='bbox 432 2141 564 2186; x_wconf 87' lang='lat' dir='ltr'><strong>plenus</strong></span> <span class='ocrx_word' id='word_1_333' title='bbox 589 2147 736 2174; x_wconf 84' lang='lat' dir='ltr'><strong>senatus</strong></span> <span class='ocrx_word' id='word_1_334' title='bbox 762 2140 838 2175; x_wconf 90' lang='lat' dir='ltr'><strong>dici</strong></span> <span class='ocrx_word' id='word_1_335' title='bbox 861 2152 935 2175; x_wconf 89' lang='lat' dir='ltr'><strong>non</strong></span> <span class='ocrx_word' id='word_1_336' title='bbox 960 2147 1127 2186; x_wconf 74' lang='lat' dir='ltr'><strong>poterat,</strong></span> <span class='ocrx_word' id='word_1_337' title='bbox 1153 2143 1371 2177; x_wconf 87' lang='lat' dir='ltr'><strong>consulibus</strong></span> <span class='ocrx_word' id='word_1_338' title='bbox 1395 2155 1437 2178; x_wconf 86' lang='lat' dir='ltr'><strong>ac</strong></span> <span class='ocrx_word' id='word_1_339' title='bbox 1456 2147 1512 2177; x_wconf 81' lang='lat' dir='ltr'><strong>tot</strong></span> 
     </span>
     <span class='ocr_line' id='line_1_38' title="bbox 49 2186 1508 2232; baseline 0.002 -12"><span class='ocrx_word' id='word_1_340' title='bbox 49 2186 134 2221; x_wconf 88' lang='lat' dir='ltr'><strong>aliis</strong></span> <span class='ocrx_word' id='word_1_341' title='bbox 159 2186 434 2231; x_wconf 82' lang='lat' dir='ltr'><strong>magistratibus</strong></span> <span class='ocrx_word' id='word_1_342' title='bbox 459 2186 679 2221; x_wconf 83' lang='lat' dir='ltr'><strong>absentibus.</strong></span> <span class='ocrx_word' id='word_1_343' title='bbox 713 2187 821 2221; x_wconf 89' lang='lat' dir='ltr'><strong>SCH.</strong></span> <span class='ocrx_word' id='word_1_344' title='bbox 871 2188 961 2232; x_wconf 83' lang='lat' dir='ltr'><strong>Vgl.</strong></span> <span class='ocrx_word' id='word_1_345' title='bbox 988 2198 1045 2232; x_wconf 81' lang='lat' dir='ltr'><strong>ep.</strong></span> <span class='ocrx_word' id='word_1_346' title='bbox 1062 2189 1150 2222; x_wconf 85' lang='lat'><strong>361.</strong></span> <span class='ocrx_word' id='word_1_347' title='bbox 1177 2188 1209 2223; x_wconf 88' lang='lat'><strong>2.</strong></span> <span class='ocrx_word' id='word_1_348' title='bbox 1238 2209 1277 2214; x_wconf 96' lang='lat'><strong>—</strong></span> <span class='ocrx_word' id='word_1_349' title='bbox 1327 2192 1405 2223; x_wconf 71' lang='lat' dir='ltr'><strong>eius</strong></span> <span class='ocrx_word' id='word_1_350' title='bbox 1428 2189 1453 2224; x_wconf 90' lang='lat' dir='ltr'><strong>i.</strong></span> <span class='ocrx_word' id='word_1_351' title='bbox 1474 2201 1508 2224; x_wconf 86' lang='lat' dir='ltr'><strong>e.</strong></span> 
     </span>
     <span class='ocr_line' id='line_1_39' title="bbox 50 2233 1509 2279; baseline 0.002 -12"><span class='ocrx_word' id='word_1_352' title='bbox 50 2233 221 2267; x_wconf 87' lang='lat' dir='ltr'><strong>Caesaris</strong></span> <span class='ocrx_word' id='word_1_353' title='bbox 245 2235 417 2267; x_wconf 83' lang='lat' dir='ltr'><strong>animum.</strong></span> <span class='ocrx_word' id='word_1_354' title='bbox 445 2252 486 2257; x_wconf 88' lang='lat'>—</span> <span class='ocrx_word' id='word_1_355' title='bbox 527 2234 676 2267; x_wconf 71' lang='lat' dir='ltr'><strong>ostendi.</strong></span> <span class='ocrx_word' id='word_1_356' title='bbox 713 2234 752 2268; x_wconf 83' lang='lat' dir='ltr'><strong>S.</strong></span> <span class='ocrx_word' id='word_1_357' title='bbox 780 2244 837 2278; x_wconf 90' lang='lat' dir='ltr'><strong>ep.</strong></span> <span class='ocrx_word' id='word_1_358' title='bbox 851 2235 933 2268; x_wconf 85' lang='lat'><strong>359.</strong></span> <span class='ocrx_word' id='word_1_359' title='bbox 959 2252 1001 2258; x_wconf 97' lang='lat'><strong>—</strong></span> <span class='ocrx_word' id='word_1_360' title='bbox 1039 2234 1082 2267; x_wconf 84' lang='lat' dir='ltr'><strong>de</strong></span> <span class='ocrx_word' id='word_1_361' title='bbox 1104 2234 1231 2279; x_wconf 63' lang='lat' dir='ltr'><strong>Hisp„</strong></span> <span class='ocrx_word' id='word_1_362' title='bbox 1258 2236 1352 2269; x_wconf 85' lang='lat' dir='ltr'><strong>iiber</strong></span> <span class='ocrx_word' id='word_1_363' title='bbox 1375 2235 1509 2270; x_wconf 88' lang='lat' dir='ltr'><strong>seinen</strong></span> 
     </span>
     <span class='ocr_line' id='line_1_40' title="bbox 50 2278 1415 2324; baseline 0.003 -12"><span class='ocrx_word' id='word_1_364' title='bbox 50 2279 347 2322; x_wconf 80' lang='lat' dir='ltr'><strong>beabsichtigten</strong></span> <span class='ocrx_word' id='word_1_365' title='bbox 371 2279 546 2323; x_wconf 86' lang='lat' dir='ltr'><strong>Heerzug</strong></span> <span class='ocrx_word' id='word_1_366' title='bbox 572 2280 665 2313; x_wconf 85' lang='lat' dir='ltr'><strong>nach</strong></span> <span class='ocrx_word' id='word_1_367' title='bbox 689 2278 864 2324; x_wconf 87' lang='lat' dir='ltr'><strong>Spanien.</strong></span> <span class='ocrx_word' id='word_1_368' title='bbox 890 2299 934 2304; x_wconf 96' lang='lat'><strong>—</strong></span> <span class='ocrx_word' id='word_1_369' title='bbox 982 2280 1079 2314; x_wconf 78' lang='lat' dir='ltr'><strong>dicta</strong></span> <span class='ocrx_word' id='word_1_370' title='bbox 1103 2285 1184 2313; x_wconf 80' lang='lat' dir='ltr'><strong>sunt</strong></span> <span class='ocrx_word' id='word_1_371' title='bbox 1209 2281 1245 2315; x_wconf 89' lang='lat' dir='ltr'><strong>in</strong></span> <span class='ocrx_word' id='word_1_372' title='bbox 1272 2288 1415 2316; x_wconf 85' lang='lat' dir='ltr'><strong>senatu.</strong></span> 
     </span>
    </p>

    <p class='ocr_par' dir='ltr' id='par_1_4' title="bbox 0 2325 1509 2788">
     <span class='ocr_line' id='line_1_41' title="bbox 138 2325 1509 2369; baseline 0.003 -11"><span class='ocrx_word' id='word_1_373' title='bbox 138 2326 172 2359; x_wconf 86' lang='lat'><strong>2.</strong></span> <span class='ocrx_word' id='word_1_374' title='bbox 206 2325 358 2358; x_wconf 76' lang='lat' dir='ltr'><strong>habeant</strong></span> <span class='ocrx_word' id='word_1_375' title='bbox 381 2326 470 2360; x_wconf 88' lang='lat' dir='ltr'><strong>Ern.</strong></span> <span class='ocrx_word' id='word_1_376' title='bbox 496 2326 636 2359; x_wconf 89' lang='lat' dir='ltr'><strong>Bened.</strong></span> <span class='ocrx_word' id='word_1_377' title='bbox 665 2326 904 2369; x_wconf 60' lang='lat' dir='ltr'><strong>Mam-Lag.</strong></span> <span class='ocrx_word' id='word_1_378' title='bbox 939 2325 1024 2360; x_wconf 81' lang='lat' dir='ltr'><strong>Sch.</strong></span> <span class='ocrx_word' id='word_1_379' title='bbox 1073 2326 1240 2362; x_wconf 86' lang='lat' dir='ltr'><strong>Pluralis</strong></span> <span class='ocrx_word' id='word_1_380' title='bbox 1266 2328 1416 2361; x_wconf 89' lang='lat' dir='ltr'><strong>minime</strong></span> <span class='ocrx_word' id='word_1_381' title='bbox 1441 2338 1509 2362; x_wconf 56' lang='lat' dir='ltr'><strong>nee</strong></span> 
     </span>
     <span class='ocr_line' id='line_1_42' title="bbox 49 2371 1505 2417; baseline 0.001 -11"><span class='ocrx_word' id='word_1_382' title='bbox 49 2371 245 2406; x_wconf 87' lang='lat' dir='ltr'><strong>cessarius.</strong></span> <span class='ocrx_word' id='word_1_383' title='bbox 286 2371 351 2405; x_wconf 87' lang='lat' dir='ltr'><strong>cfr.</strong></span> <span class='ocrx_word' id='word_1_384' title='bbox 378 2372 449 2416; x_wconf 88' lang='lat' dir='ltr'><strong>Ep.</strong></span> <span class='ocrx_word' id='word_1_385' title='bbox 478 2383 555 2415; x_wconf 88' lang='lat' dir='ltr'><strong>seq.</strong></span> <span class='ocrx_word' id='word_1_386' title='bbox 583 2373 611 2414; x_wconf 84' lang='lat'><strong>§.</strong></span> <span class='ocrx_word' id='word_1_387' title='bbox 629 2374 668 2407; x_wconf 85' lang='lat'><strong>3:</strong></span> <span class='ocrx_word' id='word_1_388' title='bbox 701 2383 804 2415; x_wconf 78' lang='lat' dir='ltr'><strong>quem</strong></span> <span class='ocrx_word' id='word_1_389' title='bbox 826 2373 866 2405; x_wconf 76' lang='lat' dir='ltr'><strong>in</strong></span> <span class='ocrx_word' id='word_1_390' title='bbox 889 2373 1007 2406; x_wconf 77' lang='lat' dir='ltr'><strong>locum</strong></span> <span class='ocrx_word' id='word_1_391' title='bbox 1031 2384 1090 2406; x_wconf 80' lang='lat' dir='ltr'><strong>res</strong></span> <span class='ocrx_word' id='word_1_392' title='bbox 1113 2373 1266 2407; x_wconf 82' lang='lat' dir='ltr'><strong>deducta</strong></span> <span class='ocrx_word' id='word_1_393' title='bbox 1288 2376 1356 2417; x_wconf 80' lang='lat' dir='ltr'><strong>sit,</strong></span> <span class='ocrx_word' id='word_1_394' title='bbox 1390 2374 1505 2410; x_wconf 78' lang='lat' dir='ltr'><strong>vides,</strong></span> 
     </span>
     <span class='ocr_line' id='line_1_43' title="bbox 0 2417 1503 2463; baseline 0.003 -12"><span class='ocrx_word' id='word_1_395' title='bbox 0 2442 1 2458; x_wconf 45' lang='lat'>2</span> <span class='ocrx_word' id='word_1_396' title='bbox 47 2417 162 2452; x_wconf 85' lang='lat' dir='ltr'><strong>Initio</strong></span> <span class='ocrx_word' id='word_1_397' title='bbox 188 2418 411 2462; x_wconf 82' lang='lat' dir='ltr'><strong>paragraphi</strong></span> <span class='ocrx_word' id='word_1_398' title='bbox 435 2428 512 2452; x_wconf 80' lang='lat' dir='ltr'><strong>rem</strong></span> <span class='ocrx_word' id='word_1_399' title='bbox 535 2418 628 2453; x_wconf 90' lang='lat' dir='ltr'><strong>Cdd.</strong></span> <span class='ocrx_word' id='word_1_400' title='bbox 663 2418 752 2461; x_wconf 90' lang='lat' dir='ltr'><strong>aliq.</strong></span> <span class='ocrx_word' id='word_1_401' title='bbox 788 2418 888 2453; x_wconf 84' lang='lat' dir='ltr'><strong>Vict.</strong></span> <span class='ocrx_word' id='word_1_402' title='bbox 915 2419 947 2453; x_wconf 89' lang='lat'><strong>2.</strong></span> <span class='ocrx_word' id='word_1_403' title='bbox 981 2419 1096 2463; x_wconf 83' lang='lat' dir='ltr'><strong>Beng.</strong></span> <span class='ocrx_word' id='word_1_404' title='bbox 1131 2420 1225 2453; x_wconf 86' lang='lat' dir='ltr'><strong>Lall.</strong></span> <span class='ocrx_word' id='word_1_405' title='bbox 1260 2426 1390 2453; x_wconf 87' lang='lat' dir='ltr'><strong>contra</strong></span> <span class='ocrx_word' id='word_1_406' title='bbox 1423 2420 1503 2455; x_wconf 84' lang='lat' dir='ltr'><strong>Md.</strong></span> 
     </span>
     <span class='ocr_line' id='line_1_44' title="bbox 50 2463 1504 2509; baseline 0.002 -12"><span class='ocrx_word' id='word_1_407' title='bbox 50 2464 146 2498; x_wconf 57' lang='lat' dir='ltr'><em>OR.&#39;</em></span> <span class='ocrx_word' id='word_1_408' title='bbox 173 2463 367 2497; x_wconf 84' lang='lat' dir='ltr'><strong>Letzteres</strong></span> <span class='ocrx_word' id='word_1_409' title='bbox 402 2466 504 2498; x_wconf 70' lang='lat' dir='ltr'><strong>ware</strong></span> <span class='ocrx_word' id='word_1_410' title='bbox 528 2465 738 2498; x_wconf 79' lang='lat' dir='ltr'><strong>Attraction</strong></span> <span class='ocrx_word' id='word_1_411' title='bbox 772 2464 837 2499; x_wconf 87' lang='lat' dir='ltr'><strong>des</strong></span> <span class='ocrx_word' id='word_1_412' title='bbox 863 2465 1132 2508; x_wconf 87' lang='lat' dir='ltr'><strong>Hellenismus,</strong></span> <span class='ocrx_word' id='word_1_413' title='bbox 1174 2466 1247 2499; x_wconf 83' lang='lat' dir='ltr'><strong>wie</strong></span> <span class='ocrx_word' id='word_1_414' title='bbox 1272 2477 1315 2509; x_wconf 80' lang='lat' dir='ltr'><strong>er</strong></span> <span class='ocrx_word' id='word_1_415' title='bbox 1339 2466 1416 2500; x_wconf 89' lang='lat' dir='ltr'><strong>sich</strong></span> <span class='ocrx_word' id='word_1_416' title='bbox 1442 2466 1504 2501; x_wconf 84' lang='lat' dir='ltr'><strong>bei</strong></span> 
     </span>
     <span class='ocr_line' id='line_1_45' title="bbox 47 2510 1503 2556; baseline 0.001 -12"><span class='ocrx_word' id='word_1_417' title='bbox 47 2510 182 2544; x_wconf 89' lang='lat' dir='ltr'><strong>Cicero</strong></span> <span class='ocrx_word' id='word_1_418' title='bbox 207 2510 309 2544; x_wconf 87' lang='lat' dir='ltr'><strong>nicht</strong></span> <span class='ocrx_word' id='word_1_419' title='bbox 333 2510 451 2544; x_wconf 83' lang='lat' dir='ltr'><strong>selten</strong></span> <span class='ocrx_word' id='word_1_420' title='bbox 478 2510 605 2545; x_wconf 87' lang='lat' dir='ltr'><strong>findet.</strong></span> <span class='ocrx_word' id='word_1_421' title='bbox 637 2510 676 2545; x_wconf 92' lang='lat' dir='ltr'><strong>S.</strong></span> <span class='ocrx_word' id='word_1_422' title='bbox 694 2511 838 2545; x_wconf 83' lang='lat' dir='ltr'><strong>Grotes.</strong></span> <span class='ocrx_word' id='word_1_423' title='bbox 866 2512 894 2554; x_wconf 80' lang='lat'><strong>§.</strong></span> <span class='ocrx_word' id='word_1_424' title='bbox 911 2513 989 2546; x_wconf 79' lang='lat'><strong>440.</strong></span> <span class='ocrx_word' id='word_1_425' title='bbox 1016 2530 1060 2537; x_wconf 91' lang='lat'><strong>——</strong></span> <span class='ocrx_word' id='word_1_426' title='bbox 1090 2513 1257 2556; x_wconf 80' lang='lat' dir='ltr'><strong>imperiis</strong></span> <span class='ocrx_word' id='word_1_427' title='bbox 1281 2513 1503 2556; x_wconf 81' lang='lat' dir='ltr'><strong>distributis,</strong></span> 
     </span>
     <span class='ocr_line' id='line_1_46' title="bbox 47 2556 1503 2603; baseline 0.001 -13"><span class='ocrx_word' id='word_1_428' title='bbox 47 2556 204 2590; x_wconf 86' lang='lat' dir='ltr'><strong>seitdem</strong></span> <span class='ocrx_word' id='word_1_429' title='bbox 229 2556 296 2601; x_wconf 76' lang='lat' dir='ltr'><strong>qd.</strong></span> <span class='ocrx_word' id='word_1_430' title='bbox 322 2556 448 2590; x_wconf 89' lang='lat' dir='ltr'><strong>indem</strong></span> <span class='ocrx_word' id='word_1_431' title='bbox 473 2557 569 2591; x_wconf 88' lang='lat' dir='ltr'><strong>zwei</strong></span> <span class='ocrx_word' id='word_1_432' title='bbox 594 2557 774 2591; x_wconf 88' lang='lat' dir='ltr'><strong>einander</strong></span> <span class='ocrx_word' id='word_1_433' title='bbox 798 2557 1064 2603; x_wconf 83' lang='lat' dir='ltr'><strong>bek&#39;ampsende</strong></span> <span class='ocrx_word' id='word_1_434' title='bbox 1078 2559 1330 2602; x_wconf 82' lang='lat' dir='ltr'><strong>Imperatoren</strong></span> <span class='ocrx_word' id='word_1_435' title='bbox 1359 2559 1437 2592; x_wconf 88' lang='lat' dir='ltr'><strong>sich</strong></span> <span class='ocrx_word' id='word_1_436' title='bbox 1463 2559 1503 2593; x_wconf 87' lang='lat' dir='ltr'><strong>in</strong></span> 
     </span>
     <span class='ocr_line' id='line_1_47' title="bbox 45 2601 1502 2647; baseline 0.003 -12"><span class='ocrx_word' id='word_1_437' title='bbox 45 2602 111 2636; x_wconf 87' lang='lat' dir='ltr'><strong>das</strong></span> <span class='ocrx_word' id='word_1_438' title='bbox 135 2601 381 2636; x_wconf 77' lang='lat' dir='ltr'><strong>Romerreich</strong></span> <span class='ocrx_word' id='word_1_439' title='bbox 404 2603 562 2647; x_wconf 81' lang='lat' dir='ltr'><strong>getheilt</strong></span> <span class='ocrx_word' id='word_1_440' title='bbox 585 2603 716 2639; x_wconf 85' lang='lat' dir='ltr'><strong>haben.</strong></span> <span class='ocrx_word' id='word_1_441' title='bbox 742 2623 788 2631; x_wconf 88' lang='lat'><strong>—-</strong></span> <span class='ocrx_word' id='word_1_442' title='bbox 818 2605 896 2638; x_wconf 81' lang='lat' dir='ltr'><strong>sine</strong></span> <span class='ocrx_word' id='word_1_443' title='bbox 919 2605 1090 2646; x_wconf 75' lang='lat' dir='ltr'><strong>iudiciis,</strong></span> <span class='ocrx_word' id='word_1_444' title='bbox 1113 2608 1191 2638; x_wconf 70' lang='lat' dir='ltr'><strong>cine</strong></span> <span class='ocrx_word' id='word_1_445' title='bbox 1216 2605 1296 2638; x_wconf 81' lang='lat' dir='ltr'><strong>iure</strong></span> <span class='ocrx_word' id='word_1_446' title='bbox 1321 2605 1346 2639; x_wconf 87' lang='lat' dir='ltr'><strong>i.</strong></span> <span class='ocrx_word' id='word_1_447' title='bbox 1362 2616 1394 2639; x_wconf 90' lang='lat' dir='ltr'><strong>e.</strong></span> <span class='ocrx_word' id='word_1_448' title='bbox 1420 2604 1502 2640; x_wconf 89' lang='lat' dir='ltr'><strong>sine</strong></span> 
     </span>
     <span class='ocr_line' id='line_1_48' title="bbox 46 2647 1502 2695; baseline 0.003 -13"><span class='ocrx_word' id='word_1_449' title='bbox 46 2647 198 2683; x_wconf 87' lang='lat' dir='ltr'><strong>iudiciis</strong></span> <span class='ocrx_word' id='word_1_450' title='bbox 231 2648 392 2694; x_wconf 88' lang='lat' dir='ltr'><strong>publicis</strong></span> <span class='ocrx_word' id='word_1_451' title='bbox 429 2660 471 2683; x_wconf 86' lang='lat' dir='ltr'><strong>ac</strong></span> <span class='ocrx_word' id='word_1_452' title='bbox 503 2649 761 2685; x_wconf 82' lang='lat' dir='ltr'><strong>iurisdictione</strong></span> <span class='ocrx_word' id='word_1_453' title='bbox 792 2650 951 2695; x_wconf 82' lang='lat' dir='ltr'><strong>privata.</strong></span> <span class='ocrx_word' id='word_1_454' title='bbox 988 2651 1095 2685; x_wconf 84' lang='lat' dir='ltr'><strong><em>SCH.</em></strong></span> <span class='ocrx_word' id='word_1_455' title='bbox 1150 2654 1228 2684; x_wconf 77' lang='lat' dir='ltr'><strong>sine</strong></span> <span class='ocrx_word' id='word_1_456' title='bbox 1255 2652 1333 2694; x_wconf 86' lang='lat' dir='ltr'><strong>fide.</strong></span> <span class='ocrx_word' id='word_1_457' title='bbox 1382 2651 1502 2686; x_wconf 84' lang='lat' dir='ltr'><strong>Recte</strong></span> 
     </span>
     <span class='ocr_line' id='line_1_49' title="bbox 44 2694 1500 2742; baseline 0.003 -14"><span class='ocrx_word' id='word_1_458' title='bbox 44 2694 234 2729; x_wconf 84' lang='lat' dir='ltr'><strong>Manutius</strong></span> <span class='ocrx_word' id='word_1_459' title='bbox 258 2695 330 2728; x_wconf 84' lang='lat' dir='ltr'><strong>hoc</strong></span> <span class='ocrx_word' id='word_1_460' title='bbox 353 2694 399 2729; x_wconf 88' lang='lat' dir='ltr'><strong>ad</strong></span> <span class='ocrx_word' id='word_1_461' title='bbox 414 2694 575 2732; x_wconf 81' lang='lat' dir='ltr'><strong>creditas</strong></span> <span class='ocrx_word' id='word_1_462' title='bbox 590 2696 768 2741; x_wconf 86' lang='lat' dir='ltr'><strong>pecunias</strong></span> <span class='ocrx_word' id='word_1_463' title='bbox 792 2696 984 2742; x_wconf 86' lang='lat' dir='ltr'><strong>pertinere</strong></span> <span class='ocrx_word' id='word_1_464' title='bbox 996 2696 1158 2740; x_wconf 82' lang='lat' dir='ltr'><strong>monuit,</strong></span> <span class='ocrx_word' id='word_1_465' title='bbox 1183 2703 1395 2742; x_wconf 85' lang='lat' dir='ltr'><strong>comparato</strong></span> <span class='ocrx_word' id='word_1_466' title='bbox 1413 2698 1500 2732; x_wconf 88' lang='lat' dir='ltr'><strong>loco</strong></span> 
     </span>
     <span class='ocr_line' id='line_1_50' title="bbox 43 2740 1501 2788; baseline 0.003 -13"><span class='ocrx_word' id='word_1_467' title='bbox 43 2740 149 2776; x_wconf 87' lang='lat' dir='ltr'><strong>Caes.</strong></span> <span class='ocrx_word' id='word_1_468' title='bbox 174 2741 222 2778; x_wconf 87' lang='lat' dir='ltr'><strong>de</strong></span> <span class='ocrx_word' id='word_1_469' title='bbox 245 2741 290 2777; x_wconf 89' lang='lat' dir='ltr'><strong>B.</strong></span> <span class='ocrx_word' id='word_1_470' title='bbox 309 2740 390 2778; x_wconf 85' lang='lat' dir='ltr'><strong>Civ.</strong></span> <span class='ocrx_word' id='word_1_471' title='bbox 415 2741 490 2787; x_wconf 90' lang='lat'>111,</span> <span class='ocrx_word' id='word_1_472' title='bbox 514 2743 554 2779; x_wconf 88' lang='lat'><strong>1:</strong></span> <span class='ocrx_word' id='word_1_473' title='bbox 586 2753 693 2788; x_wconf 80' lang='lat' dir='ltr'><strong>qaum</strong></span> <span class='ocrx_word' id='word_1_474' title='bbox 715 2743 804 2786; x_wconf 74' lang='lat' dir='ltr'><strong>fides</strong></span> <span class='ocrx_word' id='word_1_475' title='bbox 826 2746 904 2780; x_wconf 84' lang='lat' dir='ltr'><strong>tota</strong></span> <span class='ocrx_word' id='word_1_476' title='bbox 917 2743 1034 2779; x_wconf 76' lang='lat' dir='ltr'><strong>Italia</strong></span> <span class='ocrx_word' id='word_1_477' title='bbox 1058 2747 1147 2778; x_wconf 81' lang='lat' dir='ltr'><strong>esset</strong></span> <span class='ocrx_word' id='word_1_478' title='bbox 1173 2744 1368 2787; x_wconf 77' lang='lat' dir='ltr'><strong>angustior</strong></span> <span class='ocrx_word' id='word_1_479' title='bbox 1390 2754 1501 2788; x_wconf 77' lang='lat' dir='ltr'><strong>neque</strong></span> 
     </span>
    </p>
   </div>
  </div>
 </body>
</html>
