1795 3043
541 88 854 161 EpisTonA
890 89 1138 139 cccmu.
1471 100 1573 149 469

112 204 158 244 at
185 213 314 255 quam
344 201 641 255 expeditatua
668 200 867 258 consilia,
915 214 1039 253 quam
1076 203 1278 258 evigilata
1305 204 1391 247 tuis
1419 207 1572 259 cogita-

109 259 300 302 tionibus
328 259 628 313 quaitineris,
661 272 746 311 qua
772 259 1074 312 navigationis,
1106 273 1464 316 qua·congressus
1489 276 1572 304 ser-

107 318 327 369 monisque
367 329 463 359 cum
493 316 689 358 Caesare!
748 317 889 358 omnia
925 317 1015 357 tum
1051 318 1253 367 honesta,
1303 322 1393 359 tum
1431 322 1571 362 cauta.

107 374 158 414 In
176 375 355 427 Epirum
383 386 484 416 vero
500 374 696 414 invitatio
725 385 849 425 quam
865 374 1024 422 suavis,
1057 387 1182 425 quam
1200 376 1415 429 liberalis,
1445 389 1570 428 quam

105 431 315 472 fraterna!
375 431 440 472 De
459 430 684 484 Dionysio,
714 443 805 470 sum
834 430 1084 472 admiratum
1119 433 1194 483 qui
1217 434 1329 485 apud
1346 446 1412 473 me
1439 435 1569 474 hono·
1593 437 1621 478 2

105 488 240 529 ratior
268 487 374 541 fuit,
416 500 540 539 quam
570 488 681 540 apud
710 486 952 539 Scipionem
982 488 1229 530 Panaetiust
1272 504 1297 530 a
1325 503 1408 541 quo
1437 492 1572 544 impu·

104 545 271 585 rissime
300 546 408 585 haec
437 546 583 585 nostra
611 546 783 584 fortuna
812 544 1010 597 despecta
1041 546 1117 586 est.
1176 546 1255 586 Odi
1284 547 1495 588 hominem
1528 548 1571 588 et

103 602 251 644 oderot
291 602 454 642 utinam
478 601 631 642 ulcisci
652 602 839 653 possem!
891 601 975 642 Sed
1003 601 1127 643 illum
1144 604 1406 644 ulciscentur
1433 617 1571 645 mores

102 658 183 702 sui.
242 659 332 712 Tu,
369 670 546 711 quaese,
585 670 699 698 nunc
729 659 797 699 vel
828 659 1031 707 maxime,
1082 659 1185 712 quid
1213 660 1419 713 agendum
1448 661 1570 702 nobis
1594 662 1622 701 3

102 715 180 765 sit,
232 717 383 770 cogita.
440 715 595 767 Populi
627 714 804 756 Romani
841 717 1053 757 exercitus
1096 716 1172 759 Cn.
1202 718 1450 770 Pompeium
1491 718 1572 759 cir-

101 773 331 825 cumsidet3
368 774 481 812 fossa
511 773 552 812 et
581 773 695 813 vallo
723 774 888 824 septum
916 774 1052 822 tenct3
1090 775 1194 827 fuga
1222 775 1444 827 prohibet:
1489 787 1570 815 nos

99 828 306 871 vivimus?
364 830 422 870 Et
450 829 534 869 stat
561 829 663 870 urbs
692 829 795 879 ista3
844 832 1065 882 praetores
1094 831 1160 873 ius
1190 831 1361 882 dicunt3
1412 832 1571 872 aediles

98 886 221 927 ludos
249 887 402 939 parant
413 899 427 936 3
466 886 550 927 viri
570 885 671 926 boni
700 898 849 927 usuras
879 887 1172 939 perscribunt:
1209 901 1285 941 ego
1304 889 1393 941 ipse
1409 886 1570 930 sedeo?

101 943 240 984 Coner
257 944 363 984 illuc
384 944 468 996 ire,
498 944 546 984 ut
566 942 766 985 insanus?
807 943 1037 996 implorare
1065 943 1190 985 fidem
1211 947 1568 997 municipiorum?

99 1000 208 1041 Boni
237 1013 323 1041 non
352 1002 608 1051 sequentur-3
642 1001 759 1041 leves
786 999 1054 1051 irridebunt3
1095 1014 1235 1043 rerum
1264 1015 1468 1043 novarum
1498 1015 1569 1042 cu-

97 1057 214 1111 pidi,
253 1057 437 1098 victores
463 1057 712 1109 praesertim
742 1058 784 1096 et
812 1059 984 1106 armati,
1027 1058 1113 1098 vim
1136 1061 1178 1098 et
1206 1072 1354 1099 manus
1377 1057 1567 1100 afferent.

98 1114 207 1163 Quid
240 1126 386 1155 censes
415 1113 574 1166 igitur‘ss>
614 1113 866 1164 ecquidnam
894 1116 957 1153 est
987 1114 1051 1154 tui
1081 1115 1285 1156 consilii?
1321 1116 1446 1167 ecqui
1469 1115 1566 1155 finis
1590 1115 1618 1154 4

96 1171 223 1211 huius
252 1170 512 1211 miserrimae
541 1168 685 1211 vitae?
742 1168 867 1212 Nunc
893 1170 1032 1220 doleo,
1062 1183 1176 1212 nunc
1195 1174 1411 1224 torqueor,
1438 1184 1570 1224 quum

96 1228 346 1280 quibusdam
382 1228 455 1268 aut
494 1227 663 1279 sapiens
700 1226 871 1275 videor,
925 1228 1038 1280 quod
1067 1241 1152 1269 una
1181 1241 1267 1269 non
1297 1229 1444 1279 ierim,
1491 1230 1568 1271 aut

95 1347 252 1391 accidit,
290 1358 400 1391 quem
425 1346 678 1392 Damasippus
709 1347 913 1384 interfecit.
947 1349 1054 1384 SCH.
1102 1351 1157 1385 Er
1191 1351 1322 1387 wurde
1347 1353 1413 1385 auf
1430 1352 1566 1386 Befehl

95 1393 163 1427 der
187 1395 358 1438 Haupter
381 1393 449 1427 der
462 1393 754 1427 Mariussischen
772 1394 903 1428 Partei
929 1401 1039 1429 unter
1063 1396 1131 1431 der
1155 1397 1340 1433 Vorhalle
1366 1398 1431 1432 des
1457 1399 1566 1432 Tem-

95 1440 178 1485 pels
210 1440 277 1475 des
310 1440 477 1484 Iupiters
509 1439 574 1472 auf
603 1439 686 1472 dem
712 1440 862 1484 Capitol
895 1441 1094 1477 ermordet.
1129 1462 1174 1469 --
1221 1445 1295 1487 At,
1341 1449 1382 1478 ut
1413 1445 1566 1478 redeam

95 1486 140 1521 ad
168 1493 247 1521 tuas
271 1484 414 1521 literaS.
448 1504 491 1510 —
539 1486 726 1530 expedita,
764 1487 849 1520 klar
873 1497 940 1521 aus
966 1487 1146 1522 einander
1170 1495 1326 1532 gesetzt.
1352 1509 1397 1515 —
1444 1491 1566 1533 evigi-

94 1533 171 1566 lata
202 1536 226 1566 t.
255 1533 391 1576 cogit„
426 1531 492 1565 aus
512 1532 658 1566 Kosten
683 1530 826 1566 Deines
851 1532 998 1568 Schlafs
1024 1534 1270 1571 durchdacht.
1314 1547 1421 1580 quam
1444 1538 1566 1579 evigi-

95 1579 191 1612 Iatae
216 1582 299 1613 tuae
323 1578 567 1620 cogitationes
590 1578 716 1612 Lamb.
744 1579 846 1614 1566.
871 1579 979 1623 prob.
1006 1578 1093 1613 Sch.
1120 1599 1164 1604 —
1211 1585 1275 1615 tua
1298 1591 1395 1616 cons.
1425 1608 1432 1615 .
1457 1608 1468 1616 .
1493 1594 1565 1626 qua

95 1625 242 1658 itineris
265 1630 338 1659 cet.
381 1623 506 1658 Deine
531 1624 784 1668 Rathschlag'e
807 1624 847 1657 in
871 1625 1017 1658 Betreff
1039 1625 1182 1660 meiner
1206 1627 1320 1662 Reise
1345 1639 1427 1662 znm
1449 1629 1564 1663 Pom-

94 1671 202 1715 peius
229 1682 264 1705 u.
292 1681 322 1704 s.
346 1681 396 1704 w.
444 1670 573 1704 Ueber
597 1681 668 1714 qua
692 1694 702 1703 .
721 1696 727 1704 .
745 1695 754 1704 .
780 1681 851 1715 qua
876 1682 922 1703 =
945 1671 1082 1716 partim
1107 1699 1114 1706 .
1132 1699 1139 1707 .
1160 1699 1168 1707 .
1195 1674 1330 1718 partim
1355 1686 1384 1709 s.
1410 1675 1561 1709 Ramsh.

93 1718 122 1762 ξ.
140 1718 220 1760 159,
246 1718 283 1761 3,
308 1717 332 1750 s.
377 1716 522 1751 Grotes.
545 1717 627 1760 359,
652 1716 687 1750 2.
713 1735 755 1741 —
806 1717 937 1752 Omnia
963 1723 1024 1752 tua
1049 1718 1210 1755 consilia
1234 1731 1348 1766 super
1373 1719 1431 1756 his
1449 1721 1565 1757 rebus

92 1769 176 1798 sunt
200 1774 308 1808 quum
332 1767 404 1798 cet.

184 1820 219 1855 2.
253 1820 309 1855 De
333 1819 536 1864 Dionysio,
568 1829 647 1854 was
672 1819 745 1853 den
769 1819 981 1866 Dionysius
1007 1821 1164 1858 betrifft.
1214 1823 1255 1859 S.
1282 1834 1342 1869 ep.
1366 1824 1447 1860 327.
1481 1824 1562 1860 328.

92 1867 172 1902 333.
206 1885 249 1891 —
297 1866 498 1899 demiratus
527 1876 608 1899 sum
638 1865 799 1909 (Lamb.)
841 1867 923 1902 scil.
959 1868 1060 1911 quod
1100 1869 1223 1914 ipsum
1257 1869 1484 1905 defenderis.
1519 1890 1564 1897 --

93 1913 190 1958 apud
214 1911 431 1956 Scipionem
446 1911 660 1946 Africanum
687 1911 864 1948 maiorem
880 1913 1099 1959 Panaetius,
1125 1914 1299 1959 Stoicus,
1326 1916 1431 1951 cuius
1450 1916 1565 1951 disci-

92 1959 219 2003 plinae
244 1957 311 1992 ille
335 1969 376 1993 se
402 1958 569 1992 tradidit.
618 1958 705 1993 Vid.
733 1957 811 1993 Cic.
838 1959 885 1994 de
901 1960 1033 1997 Officc.
1059 1963 1098 2001 l,
1123 1961 1182 1995 26.
1209 1981 1252 1987 -
1301 1963 1563 2006 impurissime,

93 2005 159 2039 auf
189 2005 254 2038 das
278 2003 654 2048 Niedertrachtigste.
704 2004 766 2038 Da
798 2016 840 2039 er
871 2006 992 2050 siem,
1034 2007 1119 2042 dass
1150 2007 1215 2042 das
1241 2008 1365 2042 Gliick
1395 2008 1466 2042 mir
1491 2009 1564 2042 deu

93 2051 251 2086 Riicken
288 2050 488 2093 zuwende‚
527 2051 720 2085 verachtet
751 2061 793 2085 er
829 2051 940 2087 mich.
983 2071 1029 2079 —-
1082 2054 1189 2088 a'llum
1217 2054 1366 2098 ulei-sc„
1409 2055 1563 2090 werden

71 2136 78 2146 Α
94 2098 221 2132 Rache
246 2107 291 2131 an
317 2097 393 2130 ihm
419 2097 587 2130 nehmen.

182 2146 215 2180 3.
247 2144 485 2178 circumsedet
507 2143 635 2177 Lamb.
661 2143 699 2177 in
717 2155 763 2178 m.
784 2145 886 2180 1584.
911 2164 956 2171 —
992 2144 1163 2189 prohibet
1187 2156 1270 2179 eum
1296 2146 1394 2191 suga.
1420 2166 1465 2172 -—
1507 2148 1566 2181 ius

94 2189 147 2224 ibi
173 2191 309 2225 dicunt.
340 2208 385 2215 ·—
418 2189 496 2223 viri
521 2190 605 2223 boni
630 2200 760 2223 usuras
780 2192 1027 2236 perscribunt,
1057 2191 1150 2234 „die
1175 2192 1347 2227 wackern
1368 2193 1565 2227 Patrioten

95 2236 179 2271 sind
206 2235 355 2270 bemiiht
376 2234 437 2269 ihr
462 2235 559 2270 Geld
594 2236 658 2270 auf
688 2237 786 2270 liohe
813 2237 950 2272 Zinsen
976 2237 1254 2272 auszuleihen.”
1301 2239 1411 2276 Hohe
1437 2239 1566 2274 Ironie

94 2283 159 2316 auf
189 2281 252 2316 die
282 2288 535 2325 sogenannten
566 2281 764 2317 Patrioten
797 2284 833 2317 d.
860 2284 884 2318 i.
917 2283 1144 2318 Riimischen
1174 2284 1321 2328 Hister,
1365 2285 1427 2319 die
1457 2286 1566 2319 dasiir

95 2328 250 2362 wollten
283 2329 495 2371 angesehen
534 2328 637 2371 sein,
684 2329 775 2363 aber
816 2329 872 2363 als
903 2330 1169 2374 Capitalis-ten,
1213 2331 1458 2365 Geldmiikler
1490 2332 1564 2364 und

94 2375 307 2409 Wucherer
330 2374 411 2408 sich
436 2385 506 2408 nur
530 2386 590 2408 um
611 2375 773 2419 Fiillung
798 2376 901 2409 ihrer
921 2375 1059 2410 Cassen
1080 2376 1380 2420 bekiimmerten‚
1407 2378 1466 2410 fur
1491 2377 1564 2411 den
1610 2405 1613 2407 .

95 2420 280 2456 Freistaat
303 2418 406 2453 nicht
430 2421 632 2455 aufsassen.
659 2441 703 2446 -
751 2422 843 2456 illuc
867 2422 944 2466 ire,
969 2422 1036 2456 mit
1051 2422 1200 2457 Gewalt
1225 2424 1263 2457 in
1284 2424 1345 2457 die
1371 2423 1565 2466 belagerte

96 2467 205 2503 Stadt
230 2466 523 2509 einzudringentt
560 2468 603 2500 In
627 2468 892 2502 Brundisium!
926 2486 970 2493 -—-
1017 2470 1143 2512 fidem,
1177 2469 1238 2503 die
1262 2469 1396 2512 fflssfe,
1421 2469 1483 2503 die
1509 2469 1565 2504 sie

97 2512 286 2548 redlicher
305 2511 436 2590 KiVeiSe
466 2513 534 2547 der
553 2513 746 2559 Republik
781 2514 954 2559 schuldig
978 2514 1074 2549 sind.
1107 2534 1150 2540 --
1192 2515 1291 2549 Boni
1315 2515 1367 2549 ita
1391 2515 1495 2549 dicti.
1521 2534 1565 2542 -

97 2571 118 2594 a
149 2563 248 2593 erent
272 2558 320 2591 mi
336 2557 375 2592 11.

121 2562 151 2604 ff
187 2606 222 2639 4.
257 2604 359 2648 ecqui
383 2604 477 2646 fini-9.
527 2603 591 2639 Sic
615 2605 682 2640 cd.
707 2605 744 2640 in
772 2607 927 2642 Graevii
951 2607 1044 2644 Var.
1069 2606 1197 2648 Lem,
1234 2610 1273 2640 ut
1295 2607 1368 2651 Ep.
1391 2606 1449 2650 20,
1475 2608 1504 2650 §.
1522 2608 1561 2642 4:

101 2661 192 2696 quae
217 2650 314 2685 enim
338 2651 421 2693 finis
442 2652 783 2694 peregrinationis?
811 2654 885 2689 ΟΒ.
932 2653 1023 2689 ‘Wie
1055 2653 1117 2686 die
1143 2652 1304 2687 Gefiihle
1336 2654 1374 2687 in
1400 2653 1565 2689 Cicero's

100 2698 284 2732 Gemiithe
317 2697 528 2730 wechseln'.
582 2698 725 2732 Darum
761 2700 920 2735 braucht
951 2711 1032 2734 man
1067 2700 1157 2733 aber
1194 2698 1296 2732 nicht
1328 2698 1392 2734 mit
1426 2699 1565 2734 Schinz

102 2744 165 2778 bei
189 2744 218 2787 ξ.
237 2745 260 2780 :3
286 2742 357 2778 den
384 2743 529 2788 Ansang
556 2743 658 2779 einer
685 2756 804 2781 neuen
830 2746 976 2791 Epistel
1007 2745 1274 2780 anzunohmen.
1312 2765 1355 2771 —
1394 2756 1464 2779 una
1486 2757 1564 2780 cum
