1795 3043
448 66 759 118 EPISTOLA
795 69 1121 115 CCCXLVIII.
1416 74 1517 124 445

68 184 102 225 si
117 183 290 237 valebit,
317 183 500 237 tegulam
529 182 650 224 illum
678 182 722 222 in
735 181 861 222 Italia
881 182 1039 222 nullam
1060 182 1321 226 relicturum.
1368 183 1518 231 „Tene

66 241 196 293 igitur
215 240 393 282 socio?''
451 240 609 280 Contra
636 239 877 279 mehercule
906 251 1045 278 meum
1075 240 1279 282 iudicium
1308 241 1350 281 et
1369 243 1518 281 contra

67 299 254 338 omnium
271 297 538 349 antiquorum
567 295 880 337 auctoritatem:
920 308 999 335 nec
1029 297 1114 336 tam
1143 299 1190 337 ut
1213 298 1290 338 illa
1306 296 1516 345 adiuvem,

67 367 191 406 quam
220 356 268 394 ut
297 355 402 394 haec
430 366 484 393 ne
512 353 698 406 videam,
737 352 862 404 cupio
891 351 1119 393 discedere.
1175 353 1275 395 Noli
1303 353 1413 394 enim
1442 367 1518 406 pu-

65 412 158 451 tare
185 411 427 451 tolerabiles
455 411 607 451 horum
642 409 826 450 insanias
869 420 948 448 nce
987 409 1224 450 uniusmodi
1262 412 1366 452 fore.
1424 411 1520 451 Etsi

66 467 170 518 quid
208 469 251 507 te
288 468 439 507 horum
474 466 613 520 fugit?
670 465 873 517 Legibus,
912 465 1099 513 iudiciis,
1145 469 1292 507 senatu
1335 467 1518 516 sublato,

65 523 289 575 libidines,
330 523 550 571 audacias,
588 524 800 574 sumptus,
838 524 1039 575 egestates
1068 523 1130 562 tot
1157 525 1520 576 egentissimorum

66 580 285 621 hominum
313 593 393 621 nec
420 581 604 632 privatas
620 591 741 631 posse
769 591 838 620 res
857 591 937 619 nec
957 591 1046 619 rem
1060 578 1275 631 publicam
1296 582 1519 625 sustinere.

66 637 274 678 Abeamus
303 637 435 689 igitur
460 636 560 676 inde
589 635 776 687 qualibet
803 636 1090 688 navigatione:
1138 637 1218 677 etsi
1256 637 1300 677 id
1336 638 1520 690 quidem,

68 695 116 733 ut
154 693 234 734 tibi
270 693 505 734 videbitur:
553 692 624 732 sed
653 694 768 733 certe
798 691 1010 733 abeamus.
1071 694 1260 734 Sciemus
1289 696 1427 743 enim,
1472 695 1517 735 id

67 750 179 801 quod
208 752 446 802 exspectas,
475 749 576 801 quid
605 749 817 789 Brundisii
845 751 983 790 actum
1012 749 1079 789 sit.
1138 751 1267 791 Bonis
1286 752 1388 792 viris
1406 751 1516 804 quod
1539 748 1571 788 6

67 807 128 847 ais
157 806 348 858 probari,
386 819 494 858 quae
522 806 659 846 adhuc
687 806 935 858 fecerimus,
964 807 1149 858 scirique
1178 808 1297 849 abiis
1326 821 1403 849 nos
1431 821 1517 849 non

65 864 303 915 prosectos,
332 863 456 904 valde
483 863 665 916 gaudeo3
708 863 744 903 si
774 865 835 903 est
863 876 977 904 nunc
1004 865 1116 904 ullus
1145 865 1352 916 gaudendi
1380 867 1516 907 locus.

66 920 131 960 De
159 919 340 960 Lentulo
370 920 631 972 investigabo
662 919 925 971 diligentius:
973 921 1016 960 id
1045 921 1240 962 mandavi
1269 922 1517 973 Philotimo,

66 976 229 1016 homiui
258 977 358 1017 forti
388 989 438 1017 ac
473 977 651 1017 nimium
686 976 893 1029 optimati.
950 978 1197 1017 Extremum
1228 980 1313 1030 est,
1353 981 1401 1018 ut
1440 979 1521 1019 tibi
1541 975 1571 1017 ’²

65 1035 360 1087 argumentum
389 1033 441 1074 ad
462 1033 728 1074 scribendum
756 1034 933 1073 fortasse
962 1035 1048 1074 iam
1070 1033 1195 1074 desit:
1213 1056 1271 1064 ——-
1306 1047 1387 1075 nec
1408 1036 1522 1075 enim

65 1091 153 1130 alia
189 1089 240 1130 de
277 1102 324 1130 re
364 1102 478 1130 nunc
517 1091 606 1130 ulla
643 1088 771 1129 scribi
810 1092 971 1141 potest;
1029 1092 1071 1130 et
1111 1090 1161 1130 de
1189 1091 1272 1131 hac
1301 1092 1405 1142 quid
1433 1093 1521 1132 iam

65 1146 245 1198 amplius
272 1146 454 1187 inveniri
481 1145 648 1198 potest?
675 1167 733 1174 —
779 1145 850 1186 sed
880 1147 1077 1197 quoniam
1105 1149 1147 1188 et
1175 1147 1394 1201 ingenium
1422 1161 1522 1201 sup-

64 1204 226 1255 peditat
262 1225 318 1233 —
375 1203 470 1243 dico
497 1203 759 1252 mehercule,
801 1204 848 1242 ut
876 1204 1011 1244 sentio
1046 1225 1104 1234 —-
1161 1207 1205 1244 et
1239 1217 1382 1253 amor,
1434 1218 1519 1256 quo

67 1261 110 1299 et
137 1272 274 1300 meum
304 1259 519 1312 ingenium
549 1258 774 1308 incitatum
832 1271 982 1311 perge,
1033 1262 1080 1300 ut
1115 1261 1245 1308 facis,
1293 1263 1335 1301 et
1363 1262 1520 1314 scribe,

66 1317 268 1367 quantum
297 1320 428 1368 potes.
485 1316 533 1355 In
564 1315 744 1366 Epirum
774 1315 884 1366 quod
912 1328 978 1355 me
1005 1329 1090 1356 non
1119 1317 1295 1366 invitas,
1325 1319 1522 1358 comitem

67 1384 152 1412 non
182 1373 425 1424 molestum,
468 1371 728 1412 subirascor:
765 1371 837 1411 sed
866 1373 973 1412 vale.
1031 1372 1164 1426 Nam,
1193 1376 1240 1414 ut
1269 1374 1347 1414 tibi
1376 1375 1523 1415 amhn·

66 1516 169 1551 dunt.
200 1517 307 1552 SCH.
340 1535 386 1541 —
438 1516 474 1550 εἰ
495 1515 647 1559 valebit,
687 1527 795 1550 wenn
821 1527 863 1550 er
886 1517 1044 1551 Meister
1074 1517 1183 1552 wird.
1218 1537 1263 1543 —
1310 1519 1435 1562 „Tene
1458 1546 1522 1556 ...

65 1564 221 1597 sotio?”
258 1562 357 1607 „und
390 1563 453 1596 Du
485 1562 591 1596 wirst
625 1573 696 1596 von
729 1563 796 1597 der
819 1563 947 1596 Partie
974 1563 1106 1597 sein3”
1127 1583 1173 1590 —
1221 1568 1384 1605 auctor„
1416 1567 1524 1601 Vor-

67 1620 175 1653 gang.
202 1627 248 1634 —-
295 1619 358 1641 nec
381 1613 512 1642 tamen.
540 1627 582 1633 —
630 1612 669 1642 ut
693 1608 780 1642 haec
803 1619 846 1641 ne
869 1609 1032 1653 videam,
1058 1619 1154 1653 quae
1180 1610 1316 1644 Caesar
1337 1611 1522 1646 faciet.—

67 1655 215 1698 horum,
245 1653 558 1688 Caesarianorum.
585 1673 630 1679 —
675 1655 837 1689 sublato.
872 1655 917 1688 da
942 1681 950 1689 .
967 1681 976 1690 .
995 1681 1003 1690 .
1031 1666 1072 1689 so
1098 1662 1164 1700 gut
1186 1657 1262 1690 wie
1286 1658 1521 1701 aufgehoben

66 1701 164 1735 sind.
189 1719 234 1725 --
271 1700 398 1741 libid„
432 1700 492 1734 die
519 1700 622 1734 Gier.
645 1719 691 1726 —
724 1704 877 1745 sumpt„
902 1702 1298 1747 Verschwendungen.
1326 1722 1370 1728 —
1409 1705 1522 1737 susti-

64 1758 169 1788 nere,
202 1746 286 1779 dass
307 1746 436 1780 weder
460 1747 524 1780 das
548 1746 775 1790 Eigenthum
802 1747 869 1780 der
894 1747 1211 1791 Privatpersonen
1234 1749 1331 1782 noch
1357 1748 1426 1783 der
1444 1750 1523 1783 Re-

66 1792 199 1837 publik
224 1791 443 1825 hinreichen
467 1792 596 1826 werde
620 1792 683 1827 die
708 1819 716 1827 .
735 1818 744 1827 .
765 1818 774 1827 .
797 1802 843 1828 zu
869 1793 1114 1838 befriedigen.
1138 1812 1186 1821 —
1231 1795 1409 1839 qualibet,
1440 1795 1522 1830 sive

0 1862 1 1866 =
65 1849 203 1884 supero
228 1837 307 1871 sive
333 1836 453 1871 iniero
477 1837 580 1872 mari.

161 1919 193 1953 6.
229 1918 347 1952 Bonis
376 1918 488 1949 viris.
534 1921 575 1950 ut
604 1915 710 1952 Sext.
741 1919 962 1963 Peducaeo,
1006 1919 1112 1954 Serv.
1143 1919 1317 1965 Sulpicio
1355 1925 1444 1956 cett.
1473 1939 1513 1946 —

65 1964 101 1997 si
125 1990 132 1998 .
153 1990 161 1998 .
181 1990 189 1997 .
216 1964 335 2002 locus,
375 1973 484 1996 wenn
514 1973 595 1996 man
627 1963 706 1997 sich
738 1966 873 1999 anders
904 1966 1001 1999 noch
1027 1972 1142 2000 etwas
1167 1967 1296 2000 freuen
1328 1966 1443 2000 kann.
1473 1985 1520 1991 --

65 2010 109 2043 de
133 2010 285 2043 Lentulo
312 2008 524 2052 Spinthere,
571 2008 663 2044 Vid.
699 2021 756 2054 ep.
781 2011 891 2045 XCII
927 2011 974 2045 im
1001 2012 1182 2055 Anfange.
1214 2031 1261 2037 —
1305 2011 1518 2047 Philotimo.

66 2055 104 2090 S.
131 2067 189 2100 ep.
207 2055 383 2097 CCCXL‚
407 2056 441 2089 1.
466 2073 510 2078 —
553 2055 706 2088 nimium
730 2058 914 2100 optimati,
941 2058 1014 2091 und
1038 2057 1205 2101 Patriot,
1228 2068 1308 2091 was
1331 2059 1398 2092 das
1413 2059 1521 2102 Zeug

65 2101 166 2143 halt,
205 2100 264 2134 ist.
324 2100 457 2133 Cicero
487 2100 653 2134 schreibt
686 2101 783 2137 diess
819 2103 867 2137 im
897 2103 1053 2138 Scherz.
1105 2104 1192 2138 Man
1225 2104 1317 2139 sebe
1355 2115 1426 2139 nur
1458 2116 1518 2150 ep.

65 2146 315 2190 CCLXVIII,
333 2148 366 2182 3.
392 2145 465 2179 und
492 2146 695 2181 CCLXIX.

154 2217 185 2250 7.
218 2216 323 2249 Eur.
349 2241 358 2250 .
376 2241 384 2250 .
406 2240 414 2249 .
441 2216 553 2258 desit,
595 2214 830 2250 schliesslich
860 2215 957 2250 kann
992 2216 1051 2251 ich
1075 2216 1146 2251 mir
1167 2217 1394 2260 vorstellen,
1432 2217 1519 2252 dass

10 2258 11 2261 ’
64 2260 132 2294 der
168 2260 268 2295 Stoff
293 2271 375 2295 zum
404 2261 709 2295 Briefschrciben
740 2261 812 2295 Dir
846 2263 1078 2307 nachgerade
1112 2264 1300 2307 ausgehen
1324 2275 1436 2298 muss.
1470 2283 1518 2288 —

64 2310 98 2339 et
122 2312 254 2341 tamen.
279 2326 324 2331 -
370 2307 456 2351 quid
481 2311 555 2341 iam
581 2333 588 2341 .
608 2334 615 2341 .
631 2334 639 2341 .
658 2308 826 2341 ⁴inveniri
844 2310 989 2352 potest?
1013 2309 1085 2343 und
1109 2310 1252 2344 welche
1277 2320 1371 2343 neue
1387 2309 1517 2343 Seiten

63 2351 202 2386 konnte
227 2362 307 2385 man
332 2353 427 2386 noch
453 2364 498 2386 an
523 2352 664 2387 diesem
691 2353 809 2388 Stoffe
840 2354 936 2397 (dem
972 2354 1010 2388 in
1035 2355 1175 2390 diesem
1199 2355 1328 2389 Briese
1359 2355 1517 2388 verban-

63 2397 204 2439 delten)
239 2397 466 2432 entdeckenz
501 2418 544 2423 —
590 2400 778 2441 ingenium
804 2406 904 2433 tuum
929 2411 1051 2444 supp„
1098 2406 1131 2434 et
1156 2412 1260 2434 amor
1284 2406 1369 2433 tuus
1393 2400 1431 2434 in
1456 2411 1516 2435 me

63 2443 295 2487 suppeditat,
328 2444 418 2477 weil
442 2444 540 2478 Dein
566 2445 685 2479 Genie
709 2445 853 2480 sowohl
879 2446 933 2480 als
957 2447 1081 2481 Deine
1105 2447 1222 2481 Liebe
1246 2456 1291 2479 zu
1317 2447 1389 2479 mir
1418 2447 1515 2480 noch

64 2488 192 2523 immer
208 2489 337 2522 Etwas
362 2500 406 2522 an
432 2489 492 2523 die
508 2491 614 2524 Hand
639 2492 730 2535 gibt.
755 2510 800 2517 —
839 2495 960 2526 comit.
983 2504 1054 2527 non
1078 2493 1162 2526 mol.
1188 2499 1232 2526 st.
1259 2502 1369 2533 quum
1390 2503 1515 2526 comes

62 2545 135 2568 non
151 2535 328 2568 molestus
347 2534 434 2578 sim,
461 2536 506 2569 da
516 2536 578 2570 Du
604 2537 700 2571 doch
725 2537 859 2572 keinen
875 2539 1189 2574 beschwerlichen
1206 2537 1514 2580 Reisegesahrten

63 2591 107 2614 an
132 2581 201 2614 mir
226 2581 373 2614 hattest.
402 2599 443 2605 —
481 2582 614 2624 subin,
639 2583 800 2618 dariiber
824 2586 938 2618 ziirne
962 2585 1023 2618 ich
1049 2585 1107 2618 ein
1123 2583 1256 2626 wenig.
1281 2602 1326 2607 —
1363 2584 1512 2626 ambul„

61 2637 149 2668 ung.
175 2626 398 2660 valetudinis
423 2636 551 2669 causa,
582 2629 681 2670 quod
704 2629 811 2664 febre
835 2637 1012 2673 quartana
1036 2631 1234 2663 laboraret.
1265 2628 1372 2662 SCH.
1408 2630 1514 2673 „wie

19 2673 20 2679 ¹
63 2672 122 2705 Du
147 2673 211 2706 auf
231 2672 292 2705 die
318 2672 569 2713 Promenade,
594 2673 662 2707 in's
686 2674 766 2708 Bad
790 2677 910 2719 gehen
934 2677 1085 2709 inusst.''
1130 2674 1280 2708 Attikus
1305 2675 1403 2708 hatte
1428 2687 1513 2709 ver-

20 2733 21 2762 }
63 2717 241 2752 muthlich
265 2717 327 2752 die
344 2717 471 2751 Kurze
497 2718 618 2753 seines
633 2719 758 2755 Briess
782 2722 895 2756 damit
919 2720 1182 2764 entschuldigt.
1215 2724 1248 2753 et
1262 2730 1349 2762 ung.
1374 2721 1463 2755 Asc.
1478 2723 1511 2756 1.
