1795 3043
451 61 762 108 EPISTOLA
796 61 1126 108 CCCXLVIII.
1420 68 1520 116 443

73 189 164 218 cam
203 175 437 216 habituros.
502 174 567 215 Ita
606 185 744 226 neque
782 172 834 213 de
870 173 956 213 otio
997 176 1142 214 nostro
1178 186 1301 226 spero
1328 174 1412 215 iam
1441 187 1521 216 nec

72 234 203 274 ullam
239 231 512 273 acerbitatem
552 242 714 272 recuso.
772 230 911 271 Unum
939 230 1047 271 illud
1076 230 1424 284 extimescebam,
1467 245 1522 272 ne

74 290 177 341 quid
214 289 396 341 turpiter
435 288 642 340 facerem,
691 288 785 335 vel,
833 286 992 338 dicam,
1036 288 1119 329 iam
1147 287 1392 331 effecissem.
1449 284 1574 330 Sicz

73 359 171 399 ergo
194 346 375 394 habeto,
405 345 609 385 salutares
636 346 679 386 te
707 342 814 384 mihi
842 343 988 383 literas
1016 345 1202 394 misisse;
1230 355 1368 397 neque
1385 347 1523 388 solum

73 404 148 444 has
184 404 418 455 longiores,
464 401 618 452 quibus
657 401 767 441 nihil
802 401 941 452 potest
971 412 1061 440 esse
1091 402 1369 454 explicatius,
1413 403 1524 444 nihil

71 460 332 512 perfectiu53
382 457 453 498 sed
483 459 609 499 etiam
638 458 736 498 illas
765 456 1005 508 breviores,
1052 458 1098 497 in
1129 460 1280 510 quibus
1307 462 1389 501 hoc
1418 460 1524 501 mihi

73 516 420 557 iucundissimum
448 515 552 562 fuit,
599 514 824 556 consilium
853 515 1096 566 factumque
1125 518 1314 557 nostrum
1344 532 1368 558 a
1397 518 1524 559 Sexto

72 573 269 626 probari:
310 574 631 625 pergratumque
658 571 762 612 mihi
792 573 838 612 tu
866 572 1026 622 fecisti,
1055 586 1080 612 a
1108 585 1191 624 quo
1219 573 1340 627 diligi
1371 587 1437 614 me
1466 576 1525 621 et,

74 630 175 682 quid
204 631 368 670 rectum
397 630 477 681 sit,
515 628 698 681 intelligi
726 629 829 669 scio.
890 629 1074 681 Longior
1101 642 1201 670 vero
1237 632 1310 670 tua
1346 633 1524 684 epistola

73 699 157 727 non
185 699 252 728 me
271 688 429 733 solum,
459 685 532 726 sed
561 698 675 726 meos
699 697 841 726 omnes
871 685 1131 738 aegritudine
1148 688 1319 728 levavit.
1377 690 1524 740 Itaque

74 747 168 784 utar
209 745 282 783 tuo
319 742 497 783 consilio
536 745 578 783 et
617 755 690 783 ero
730 742 773 782 in
803 743 1052 784 Formiano:
1100 757 1154 784 ne
1191 747 1263 785 aut
1293 745 1344 786 ad
1375 745 1524 786 urbem

73 797 295 848 ἀπάντησις
333 811 427 840 mea
467 800 848 849 animadvertatur,
905 801 999 852 aut,
1045 801 1082 840 si
1110 813 1190 842 nec
1220 802 1290 842 hic
1319 815 1399 843 nec
1427 803 1523 843 illic

73 870 165 897 eum
184 856 352 908 videro,
380 856 611 897 devitatum
640 869 685 896 se
714 870 739 896 a
760 869 826 896 me
854 858 989 907 putet.
1049 858 1166 905 Quod
1190 861 1328 899 autem
1358 860 1521 908 suades,
1547 854 1575 893 3

73 916 120 954 ut
149 913 202 953 ab
233 925 282 953 eo
312 915 476 965 petam,
505 916 553 953 ut
581 914 685 954 mihi
715 913 940 961 concedat,
980 916 1027 953 ut
1054 915 1165 955 idem
1195 916 1377 957 tribuam
1405 918 1526 958 Pom-

74 971 196 1022 pelo,
237 969 348 1021 quod
377 970 462 1022 ipsi
490 971 732 1011 tribuerim:
779 970 822 1009 id
851 983 918 1010 me
946 970 1029 1010 iam
1057 972 1220 1023 pridem
1250 985 1374 1026 agere
1403 974 1528 1014 intel-

73 1028 178 1079 liges
207 1040 259 1066 ex
289 1027 426 1066 literis
452 1027 576 1068 Balbi
605 1029 648 1068 et
677 1027 826 1079 0ppii3
871 1040 1048 1078 quarum
1090 1031 1281 1081 exempla
1308 1030 1388 1070 tibi
1416 1030 1527 1073 misi.

74 1084 174 1124 Misi
205 1084 329 1123 etiam
360 1083 548 1124 Caesaris
578 1085 629 1124 ad
659 1095 729 1122 eos
759 1096 860 1123 sana
877 1086 1017 1123 mente
1046 1085 1250 1137 scriptas;
1291 1099 1373 1138 quo
1404 1087 1527 1128 modo

73 1141 117 1180 in
149 1142 265 1180 tanta
286 1140 463 1180 insania.
525 1140 601 1181 Sin
622 1140 726 1180 mihi
749 1140 903 1180 Caesar
929 1142 1011 1181 hoc
1042 1154 1124 1182 non
1148 1143 1374 1193 concedat3
1402 1144 1526 1185 video

74 1197 154 1238 tibi
183 1199 356 1250 placere
385 1196 516 1244 illud,
548 1210 615 1237 me
643 1197 864 1245 πολίτευμα
891 1197 942 1238 de
972 1212 1077 1249 pace
1108 1201 1345 1252 suscipere:
1375 1202 1417 1241 in
1444 1214 1529 1253 quo

73 1267 158 1294 non
189 1254 416 1294 extimesco
444 1254 697 1305 periculum.
757 1254 894 1300 Quum
922 1255 1033 1295 enim
1055 1256 1117 1295 tot
1133 1257 1423 1310 impendeant,
1453 1270 1530 1298 cur

76 1323 158 1351 non
188 1309 481 1350 honestissimo
511 1310 723 1362 depecisci
741 1311 893 1351 velim?
952 1311 1035 1352 Sed
1064 1324 1227 1365 vereor,
1256 1326 1310 1355 ne
1330 1314 1530 1368 Pompeio

77 1367 179 1419 quid
202 1368 341 1406 oneris
370 1366 603 1418 imponam;

188 1421 254 1472 Μή
282 1437 351 1472 μοι
379 1424 568 1472 γοργείην
597 1421 778 1474 κεφαλήν
808 1426 955 1462 δεινοῖο
983 1422 1164 1474 πελώρου

1387 1512 1530 1519 ’.ῃ-...-

79 1545 144 1580 hoc
169 1557 258 1588 une,
295 1546 479 1589 Caesare,
505 1545 604 1580 vivo.
630 1565 670 1572 -
721 1558 830 1591 neque
854 1548 897 1580 de
922 1549 996 1580 otio
1022 1559 1056 1580 n.
1082 1559 1133 1593 sp.
1149 1574 1160 1592 ,
1203 1548 1261 1582 ich
1295 1548 1390 1583 habe
1414 1549 1532 1584 daher

79 1593 183 1627 einer
209 1592 309 1627 Seits
342 1593 470 1626 weder
495 1593 703 1636 Hoffnung‚
749 1593 786 1626 ie
816 1592 853 1626 in
880 1593 987 1627 Ruhe
1022 1593 1092 1627 mir
1125 1595 1198 1628 und
1231 1595 1303 1628 den
1328 1596 1459 1630 Musen
1485 1606 1531 1629 zu

78 1639 207 1678 leben,
238 1638 334 1671 noch
359 1638 525 1682 weigere
550 1639 609 1671 ich
634 1639 729 1672 mich
755 1638 913 1674 anderer
937 1639 1038 1674 Seits
1063 1640 1148 1675 iede
1171 1641 1376 1676 Bitterkeit
1401 1652 1447 1676 zu
1472 1653 1533 1676 er-

79 1692 228 1729 tragen,
263 1684 525 1728 auszuleeren,
559 1695 604 1719 zu
630 1685 822 1719 bestehen.

167 1742 202 1776 2.
242 1743 444 1786 factumque
476 1752 612 1785 meum,
659 1742 734 1776 und
772 1741 868 1775 mein
903 1742 1114 1786 bisheriges
1148 1744 1374 1778 Benehmen.
1412 1763 1457 1770 —
1511 1756 1536 1777 α

79 1789 187 1823 Sexto
224 1788 422 1823 Peducaeo
462 1793 647 1823 senatore.
702 1788 741 1823 S.
785 1799 843 1833 ep.
875 1789 944 1822 IX.
995 1790 1228 1834 CCLXXX‚
1268 1792 1300 1825 1.
1347 1790 1533 1826 LXVIII.

80 1834 246 1870 LXVII.
293 1832 456 1867 LXXII.
488 1852 533 1859 —
579 1838 613 1866 et
636 1845 697 1868 ero
722 1846 767 1868 =
790 1835 966 1878 manebo,
1001 1837 1271 1871 commorabor.
1308 1855 1351 1861 —
1397 1837 1537 1872 α’πάν·

80 1894 227 1923 τησις,
266 1879 517 1913 obviam-itio
547 1880 626 1913 scil.
659 1880 832 1924 Caesari,
873 1881 1033 1924 ,‚damit‚
1072 1893 1180 1916 wenn
1214 1883 1274 1916 ich
1306 1883 1388 1917 dem
1423 1883 1537 1917 casat-

83 1927 148 1961 auf
168 1926 306 1960 seinem
332 1925 505 1960 Marsche
529 1926 623 1959 nach
647 1927 742 1960 Rom
767 1932 950 1971 entgegen
983 1928 1103 1971 gehen
1129 1929 1262 1970 sollte,
1300 1929 1400 1962 diess
1434 1928 1537 1962 nicht

84 1971 120 2006 in
147 1971 207 2005 die
222 1974 354 2015 Augen
378 1972 480 2006 falle.
506 1991 550 1997 —
588 1982 652 2006 nec
676 1971 736 2006 Mc
759 1983 822 2006 nec
845 1973 944 2014 illic,
971 1985 1039 2007 nec
1053 1974 1212 2008 Formiis
1238 1985 1305 2007 nec
1325 1975 1370 2008 ad
1397 1975 1538 2009 urbem.

82 2018 232 2053 Formiii
256 2019 319 2063 lag
346 2017 382 2052 in
407 2018 540 2052 Casars
563 2019 687 2062 Wege
710 2029 782 2053 von
806 2019 1047 2054 Brundisium
1074 2021 1165 2053 nach
1190 2021 1296 2054 Rom.

173 2077 208 2111 3.
227 2076 261 2110 4.
295 2076 453 2119 scriptas
477 2075 618 2119 literas,
645 2082 684 2110 ut
708 2075 844 2110 habent
865 2077 944 2110 Md.
971 2087 992 2110 a
1016 2088 1091 2111 sec.
1116 2089 1161 2111 m.
1196 2079 1316 2112 Oxon.
1342 2078 1375 2110 2.
1402 2077 1487 2111 Asc.
1505 2077 1536 2110 1.

84 2122 184 2156 Crat.
244 2122 418 2156 Ceterum
455 2121 625 2157 Schiitzii
671 2122 880 2166 exemplum
921 2122 1085 2157 imitatus
1128 2124 1254 2157 harum
1298 2123 1540 2168 epistolarum

85 2167 258 2213 exempla
282 2167 458 2202 subiunxi
483 2167 570 2201 huic
595 2166 778 2212 epistolae
802 2169 834 2202 7.
871 2169 983 2213 Apud
1004 2169 1105 2205 Vici.
1130 2170 1256 2203 Lamb.
1279 2170 1366 2203 Bos.
1394 2169 1540 2213 positae

86 2220 170 2248 sunt
194 2219 279 2258 post
291 2214 393 2258 Ep.8
427 2214 685 2248 Goenantz'bus:
719 2214 817 2258 apud
843 2214 977 2249 Graev.
1002 2222 1039 2248 et
1063 2215 1154 2249 Ern.
1180 2222 1264 2260 post
1288 2216 1358 2260 Ep.
1385 2217 1428 2250 6:
1460 2214 1540 2249 Nos

87 2259 214 2294 adhuc.
253 2260 451 2294 ORELLI.
482 2279 529 2285 —
575 2272 643 2304 quo
674 2261 780 2294 modo
812 2260 851 2294 in
883 2264 984 2295 tanta
1009 2262 1155 2296 insania
1178 2261 1294 2296 scribi
1320 2261 1463 2305 potuit,
1500 2265 1542 2293 ut

88 2315 160 2338 non
191 2316 343 2349 prorsus
374 2316 463 2340 sana
493 2318 526 2340 m
555 2314 616 2341 nte
648 2307 807 2351 scriptas
839 2306 1018 2349 affirmet,
1057 2308 1122 2341 sed
1154 2319 1224 2352 pro
1261 2307 1402 2341 insania
1438 2304 1541 2339 illius

88 2361 176 2385 sana
200 2358 331 2385 mente.
363 2352 516 2386 MALA
542 2353 588 2387 Ῥ.
622 2371 665 2377 -—
714 2355 965 2397 πολίτευμα
995 2354 1037 2386 de
1058 2364 1147 2398 pace
1183 2355 1208 2388 i.
1234 2365 1266 2388 e.
1304 2363 1399 2385 nova
1419 2351 1544 2385 studia

88 2408 216 2442 pacem
242 2397 338 2430 inter
362 2399 558 2432 Caesarem
583 2405 621 2433 et
643 2397 863 2443 Pompeium
888 2398 1069 2434 faciendi.
1108 2399 1197 2444 „ich
1229 2399 1324 2433 solie
1359 2397 1543 2432 abermals

89 2442 151 2476 die
176 2443 289 2477 Rolle
321 2442 423 2477 eines
446 2444 772 2480 Friedensstisters
803 2445 1086 2481 iibernehmen.”
1115 2466 1155 2471 —
1206 2449 1258 2478 tot
1286 2443 1466 2488 pericula.
1498 2461 1544 2468 «-

91 2488 224 2522 honest.
251 2488 422 2534 periculo
447 2491 625 2533 depecisci
664 2494 729 2535 (=
761 2491 943 2534 depacisci
977 2493 1061 2526 Asc.
1091 2494 1123 2526 1.
1156 2493 1254 2525 Crat.
1292 2490 1393 2524 Vict.
1421 2491 1451 2524 1.
1486 2489 1543 2530 2.)

92 2535 217 2577 velim,
256 2545 397 2569 warum
427 2537 539 2570 sollte
569 2537 629 2571 ich
660 2537 758 2572 mich
790 2537 836 2570 da
866 2537 933 2570 der
965 2538 1268 2571 ehrenvollesten
1294 2535 1433 2569 Gefahr
1465 2539 1546 2567 ent-

93 2581 225 2615 ziehen
255 2581 418 2623 wollen,
464 2582 525 2615 die
549 2583 616 2616 mit
639 2582 1023 2617 Friedenstiften
1049 2583 1250 2626 verkniipst
1273 2582 1352 2615 sein
1378 2580 1544 2614 mlichte‘l

93 2645 137 2652 --
169 2627 255 2671 que‘d
285 2627 407 2660 oneris
439 2629 541 2672 imp.‚
579 2628 832 2662 conditionem
863 2628 965 2673 pacis
1006 2630 1140 2662 nullam
1176 2626 1364 2672 probanti.
1403 2626 1543 2660 CORR.

97 2672 205 2715 „dem
222 2672 423 2717 Pompeius
447 2673 561 2708 damit
588 2675 796 2719 ungelegen
822 2684 866 2708 zu
891 2675 1098 2708 kommen.‘’
1125 2693 1164 2698 —
1200 2672 1275 2715 Μή
1298 2687 1375 2717 μοι
1397 2686 1429 2707 κ.
1454 2685 1485 2708 τ.
1511 2673 1544 2705 2.

97 2729 142 2757 ue
178 2718 268 2754 mihi
292 2719 532 2764 Gorgoneum
568 2727 681 2765 caput
711 2719 887 2754 horrendi
921 2728 959 2755 et
992 2719 1115 2763 gravis
1139 2718 1293 2754 monstri
1324 2718 1547 2762 intorqueat,
