1795 3043
207 120 310 175 528
477 117 542 164 Μ.
570 118 627 165 Τ.
652 117 990 167 CICERONIS
1025 118 1396 169 EPISTOLAE.

386 241 699 290 EPISTOLA
735 243 1035 291 CCCLxxv.
1081 243 1165 304 (aa
1198 246 1298 305 Λα.
1325 246 1381 293 x.
1418 247 1494 306 9.)

330 330 411 366 Ser.
441 329 480 365 in
505 331 668 366 Cumano
701 331 760 371 V.
777 332 874 366 Non.
901 332 990 368 Mai.
1015 332 1060 366 A.
1084 332 1130 366 U.
1158 333 1196 369 C.
1222 334 1302 368 705.
1334 336 1383 378 (a.
1408 334 1449 369 C.
1476 334 1551 378 49.)

212 412 349 446 Nmrat
372 410 522 445 nuntios
547 422 568 446 a
591 411 798 446 Philotimo
824 413 958 447 allatos
983 423 1130 456 omnes,
1167 412 1232 456 qui
1259 424 1382 447 secum
1407 413 1503 458 sint,
1542 412 1673 449 exani·

415 468 554 503 masse;
597 458 858 503 significatque
883 471 922 494 se
948 459 1115 494 Melitam
1139 459 1318 503 cogitare.
1350 460 1467 495 1-2,

701 539 886 574 CICERO
912 540 1106 574 ATTICO
1141 538 1180 575 S.

323 607 539 650 Adventus
566 609 789 650 Philotimi
818 631 874 638 -——
917 611 960 651 at
990 610 1109 650 cuius
1139 610 1342 659 hominis,
1374 623 1500 663 quam
1523 610 1674 650 insulsi

210 667 253 706 et
290 678 416 717 quam
456 679 581 718 saepe
621 679 697 718 pro
737 667 939 718 Pompeio
981 668 1244 709 mentientis!
1295 688 1353 696 —-
1418 666 1674 708 exanimavit

208 736 374 771 omnes,
427 723 502 774 qui
542 735 707 764 mecum
738 726 870 764 erant.
929 723 1037 764 Nam
1067 725 1159 777 ipse
1189 725 1383 765 obdurui.
1441 723 1675 765 Dubitabat

208 782 399 821 nostrum
428 793 574 827 nemo,
616 781 716 832 quin
748 781 899 822 Caesar
927 781 1081 821 itinera
1111 783 1376 833 repressisset
1413 803 1469 812 —
1525 782 1672 822 volare

208 838 367 878 dicitur
409 859 467 866 —
535 838 729 878 Petreius
772 851 867 879 cum
905 837 1081 878 Afranio
1124 840 1408 879 coniunxisset
1444 852 1507 879 set
1561 838 1671 878 nihil

208 893 333 935 affert
371 895 590 936 eiusmodi.
650 895 759 942 Quid
802 895 999 946 quaeris?
1058 896 1199 935 Etiam
1238 895 1344 935 illud
1384 898 1474 936 erat
1503 907 1671 948 persua-

207 965 339 992 sumt=
361 952 607 1003 Pompeium
638 965 735 993 cum
766 953 927 1005 magnis
957 951 1091 1004 copiis
1119 953 1200 992 iter
1230 951 1272 992 in
1299 953 1564 993 Germaniam
1593 964 1671 1004 per

205 1009 428 1062 Illyricum
456 1010 627 1058 secisse3
659 1010 701 1050 id
721 1010 833 1049 enim
861 1006 1112 1050 αὐθεντικοὸς
1128 1008 1416 1049 nuntiabatur.
1476 1009 1670 1049 Melitam

205 1067 357 1120 igitur,
389 1067 563 1118 opinor,
595 1079 885 1118 capessamus,
925 1067 1047 1119 dum,
1087 1067 1188 1118 quid
1219 1067 1262 1106 in
1291 1066 1520 1117 Hispania:
1561 1065 1673 1117 quod

206 1123 374 1176 quidem
407 1124 711 1175 propemodum
740 1124 887 1163 videor
917 1136 968 1164 ex
990 1124 1180 1163 Caesaris
1208 1123 1345 1163 literis
1373 1124 1508 1175 ipsius
1527 1124 1672 1164 volun-

202 1183 290 1221 tate
330 1181 472 1221 facere
509 1191 656 1232 posse3
702 1181 775 1231 qui
805 1182 929 1232 negat
957 1193 1095 1232 neque
1126 1181 1344 1220 honestius
1375 1193 1510 1231 neque
1540 1180 1673 1220 tutius

204 1238 308 1278 mihi
347 1238 575 1289 quidquam
617 1249 727 1283 esse,
779 1249 905 1287 quam
946 1237 998 1277 ab
1043 1236 1158 1276 omni
1199 1238 1470 1277 contentione
1509 1236 1669 1277 abesse.

155 1301 184 1342 2
206 1295 357 1342 Dices,
407 1294 481 1334 ubi
519 1305 618 1346 ergo
650 1295 746 1333 tuus
776 1294 852 1332 ille
884 1294 1069 1341 animus,
1115 1306 1239 1345 quem
1270 1294 1474 1345 proximis
1503 1292 1670 1334 literis?

203 1352 334 1393 Adest
372 1353 414 1390 et
450 1350 561 1390 idem
601 1352 678 1391 est.
740 1349 822 1389 Sed
860 1350 1022 1390 utinam
1061 1362 1152 1391 meo
1191 1351 1326 1390 solum
1357 1351 1498 1404 capite
1527 1350 1675 1392 decer-

203 1414 369 1451 nerem!
430 1408 652 1448 Lacrimae
681 1419 871 1447 meorum
902 1419 968 1446 me
997 1407 1207 1447 interdum
1241 1408 1456 1457 molliunt,
1495 1419 1673 1459 precan-

202 1467 330 1518 tium,
370 1466 418 1505 ut
447 1465 499 1504 de
523 1465 741 1517 Hispaniis
772 1467 1075 1516 exspectemus.
1133 1464 1191 1504 M.
1226 1463 1360 1504 Caelii
1389 1464 1555 1517 quidem
1585 1464 1673 1517 epi-

205 1524 358 1563 stolam
387 1524 591 1574 scriptam
620 1522 945 1570 miserabiliter,
988 1534 1118 1573 quum
1160 1522 1242 1561 hoc
1274 1521 1384 1562 idem
1415 1522 1670 1568 obsecraret,

204 1583 252 1620 ut
282 1581 595 1633 exspectarem,
640 1591 693 1618 ne
729 1580 919 1619 fortunas
958 1592 1092 1626 meas,
1132 1591 1187 1618 ne
1217 1579 1390 1620 unicum
1417 1578 1575 1627 filium,
1617 1591 1669 1618 ne

202 1650 319 1678 meos
357 1649 501 1677 omnes
539 1638 626 1677 tam
663 1638 822 1675 temere
860 1637 1104 1687 proderem,
1150 1648 1234 1675 non
1266 1636 1357 1676 siue
1386 1648 1536 1688 magno
1565 1635 1670 1676 fletu

202 1696 398 1748 legerunt
426 1695 550 1746 pueri
580 1693 737 1734 nostriz
789 1693 868 1732 etsi
897 1705 1016 1733 meus
1037 1691 1204 1744 quidem
1237 1695 1301 1733 est
1317 1693 1490 1742 fortior,
1535 1704 1669 1745 eoque

1590 1777 1662 1785 ...-

293 1819 326 1851 1.
361 1816 605 1857 exanimavit,
639 1816 702 1849 hat
726 1814 762 1848 in
790 1814 851 1848 die
876 1816 1061 1849 {iusserste
1086 1815 1321 1859 Bestiirzung
1346 1821 1520 1850 versetzt.
1569 1817 1670 1851 Dass

201 1861 327 1896 dieser
342 1863 454 1896 Brief
475 1863 564 1896 kein
585 1862 698 1896 Theil
724 1861 788 1894 des
816 1861 991 1904 vorigen,
1018 1861 1090 1895 wie
1105 1861 1294 1895 Manutius
1321 1862 1476 1905 meinte,
1505 1863 1668 1898 sonderu

202 1909 262 1943 ein
289 1910 443 1953 eigener
469 1908 579 1941 Brief
601 1908 663 1950 ist,
703 1907 860 1940 erhellet
894 1918 958 1940 aus
984 1908 1055 1941 den
1081 1909 1259 1941 *Wortenz
1297 1908 1360 1941 ubi
1384 1918 1475 1950 ergo
1500 1913 1582 1942 tuus
1605 1910 1671 1943 ille

201 1956 365 1999 animus,
399 1966 500 1999 quem
522 1954 705 1998 proximis
729 1954 876 1987 literis?
916 1953 977 1987 die
1008 1954 1088 1987 sich
1121 1955 1185 1987 aus
1214 1965 1271 1998 ep.
1290 1955 1357 1989 374
1384 1955 1575 1989 beziehen.
1626 1956 1665 1990 S.

202 2002 339 2036 Graev.
373 2012 417 2034 zu
444 2001 479 2034 d.
509 2001 571 2034 Er.
603 2020 648 2025 —
693 2011 762 2044 pro
788 1999 935 2044 Pomp,
972 2011 1054 2034 zum
1081 2001 1261 2036 Vortheil
1288 2001 1352 2034 des
1379 2001 1595 2045 Pompeius.
1623 2021 1668 2028 --·

200 2050 288 2093 quin
321 2048 459 2082 Caesar
490 2047 627 2080 itinera
663 2046 698 2079 in
725 2046 943 2091 Hispaniam
976 2058 1096 2090 repr„
1143 2047 1226 2080 dass
1259 2047 1396 2081 Caesar
1433 2048 1498 2081 auf
1526 2047 1668 2082 seinem

197 2095 374 2130 Marscbe
399 2094 491 2127 nach
516 2093 678 2138 Spanien
704 2093 868 2137 langsam
892 2093 1141 2127 forzschreite.
1171 2111 1214 2119 —
1261 2092 1426 2127 Petreius
1451 2093 1525 2127 und
1549 2095 1668 2136 Afra-

197 2141 305 2184 nius,
332 2140 394 2174 die
421 2140 557 2174 beiden
573 2140 779 2181 Generale,
807 2139 868 2172 die
894 2139 941 2172 im
967 2139 1107 2173 Namen
1133 2139 1198 2173 des
1218 2139 1420 2184 Pompeius
1446 2139 1485 2173 in
1502 2139 1668 2183 Spanien

198 2186 504 2222 commandirten.
529 2204 575 2213 -—-
619 2187 726 2228 affert
750 2185 989 2220 Philotimus.
1016 2204 1061 2210 —-
1101 2189 1180 2218 erat
1200 2196 1319 2229 per-su,
1351 2185 1423 2219 wir
1447 2185 1573 2219 hatten
1599 2196 1667 2220 uns

198 2234 294 2269 auch
319 2244 431 2277 sogar
455 2233 724 2267 welssmachen
750 2232 884 2266 lassen.
923 2251 964 2256 —-
1015 2232 1054 2265 in
1081 2232 1337 2273 Germaniam,
1379 2241 1448 2275 pro
1475 2243 1549 2275 quo
1578 2232 1668 2266 Gal·

197 2281 289 2318 liam
315 2280 443 2313 nescio
469 2279 534 2322 qui
560 2279 657 2323 apud
675 2278 831 2313 Corrad.
860 2278 934 2312 ΟΕ.
968 2276 1008 2313 S.
1035 2289 1093 2322 ep.
1110 2277 1346 2320 CCCLXIX,
1370 2280 1402 2312 3.
1428 2295 1473 2301 —
1503 2279 1669 2314 αὐθεν-

196 2322 342 2369 ῑικῶς,
381 2330 483 2359 certo
517 2332 689 2369 auctore,
731 2324 806 2359 wie
843 2324 926 2358 eine
951 2323 1155 2358 Nachricht
1187 2333 1252 2357 aus
1283 2323 1352 2357 der
1382 2329 1509 2357 ersten
1544 2324 1666 2368 Hand,

198 2384 273 2408 von
299 2373 469 2407 sichercr
493 2371 612 2406 Hand.
644 2390 686 2396 --
736 2381 896 2415 capess.,
927 2370 987 2405 ich
1012 2370 1095 2405 will
1119 2369 1198 2403 also
1225 2370 1318 2404 nach
1341 2369 1457 2403 Malta
1481 2369 1595 2404 eilen.
1622 2388 1667 2397 —

199 2419 289 2464 quid
320 2419 361 2453 in
392 2418 576 2462 Hispania
610 2422 796 2462 geratur„
828 2417 986 2452 accidat.
1019 2429 1062 2441 ›—
1109 2417 1204 2459 quod
1227 2415 1252 2450 i.
1281 2427 1315 2450 e.
1341 2415 1510 2450 Melitam
1535 2426 1666 2461 capes-

199 2477 287 2501 sere
312 2492 321 2500 .
340 2492 348 2500 .
369 2491 377 2499 .
404 2465 533 2499 videor
559 2490 568 2498 .
588 2490 597 2499 .
617 2490 626 2498 .
651 2465 774 2507 facere
800 2474 921 2508 posse.
957 2481 1000 2488 --
1050 2461 1184 2496 abesse.
1233 2461 1273 2497 S.
1300 2462 1372 2497 den
1398 2462 1517 2506 vorig.
1543 2461 1665 2508 Brief,

199 2513 345 2556 Anlage
363 2511 408 2545 B.
442 2512 471 2554 §.
497 2511 532 2546 2.

289 2559 325 2592 2.
356 2558 538 2602 proximis
563 2556 683 2590 literis
707 2554 945 2598 significasti3
978 2565 1038 2599 ep.
1063 2555 1143 2590 374.
1167 2572 1213 2580 ·—-·
1260 2555 1512 2589 decernerem!
1546 2555 1664 2598 Aber,

199 2605 332 2639 wollte
348 2605 458 2647 Gott,
485 2614 524 2638 es
550 2603 679 2637 stande
704 2608 809 2636 sonst
832 2601 964 2637 Nichts
990 2600 1044 2634 als
1071 2600 1169 2634 mein
1194 2601 1302 2645 Kopf
1321 2600 1385 2635 auf
1407 2601 1491 2634 dem
1511 2600 1663 2645 Spiele!

200 2670 245 2676 -
274 2652 318 2684 de
342 2651 537 2694 Hispaniis
560 2649 641 2684 scil.
668 2648 830 2682 nuntios.
864 2667 907 2672 —
954 2646 1014 2681 M.
1042 2645 1163 2681 Caelii
1186 2648 1378 2691 epistolam
1403 2647 1664 2689 (CCCLXVII

199 2697 236 2731 h.
264 2697 340 2738 ed.)
373 2696 634 2730 miserabiliter
664 2695 862 2742 scriptam,
906 2692 1149 2736 Klagebrief,
1192 2694 1240 2727 im
1271 2692 1520 2736 kliiglichsten
1555 2693 1663 2727 Tone

199 2743 496 2787 gesem-iebenen
531 2741 651 2776 Brief.
688 2760 732 2766 -
781 2751 888 2784 quum
918 2750 965 2772 z:
999 2749 1068 2782 qua
1101 2739 1232 2776 Lamb.
1267 2758 1312 2765 —-·
1359 2739 1506 2772 unicum
1528 2739 1661 2782 filium,

199 2789 273 2825 wie
295 2791 385 2833 367,
411 2790 441 2833 θ.
458 2789 493 2825 2.
542 2788 694 2823 Andere
717 2786 820 2822 lesen
845 2785 992 2820 unicam
1014 2785 1143 2828 filiam.
1181 2804 1226 2812 —
1272 2789 1404 2819 temere
1422 2784 1532 2830 prod.
1545 2809 1558 2829 ,
1596 2795 1663 2820 un-
