1795 3043
561 88 878 138 EPISTOLA
922 88 1103 138 CCXII.
1509 91 1576 142 ’73

117 198 278 240 nissent
319 199 363 241 in
401 201 538 243 castra
578 202 631 244 ad
671 201 864 244 Iconium
905 216 944 245 a.
986 202 1025 242 d.
1057 213 1128 242 111.
1156 198 1266 243 Non.
1305 200 1577 253 Septembres

117 257 233 308 iique
278 259 385 299 mihi
423 260 687 300 nuntiassent
735 261 848 313 regis
887 260 1145 300 Parthorum
1182 258 1338 306 filium,
1390 271 1576 310 quocum

118 316 226 354 esset
264 319 395 368 nupta
433 317 543 370 regis
579 317 876 358 Armeniorum
915 328 1056 364 soror,
1095 316 1147 356 ad
1177 316 1439 368 Euphratem
1480 328 1576 355 cum

116 372 308 412 maximis
337 374 592 414 Parthorum
631 375 766 425 copiis
794 375 1106 424 multarumque
1136 375 1358 424 praeterea
1388 373 1576 425 gentium

117 440 266 480 magna
301 443 429 470 manu
469 432 632 472 venisse
660 432 1009 483 Euphratemque
1047 430 1132 469 iam
1163 429 1343 469 transire
1385 430 1576 482 coepisse

117 484 285 537 dicique
313 488 558 528 Armenium
586 501 729 541 regem
758 489 803 528 in
825 487 1134 540 Cappadociam
1164 487 1367 538 impetum
1398 499 1486 526 esse
1516 488 1576 527 fa-

118 543 304 584 cturum:
336 545 481 597 put-avi
508 558 586 598 pro
616 547 759 585 nostra
788 545 1102 586 necessitudine
1131 555 1198 582 me
1218 544 1300 583 hoc
1332 544 1383 583 ad
1412 545 1454 583 te
1473 544 1577 584 scri-

43 633 54 649 ,
118 598 218 640 bere
248 605 456 653 oportere.
517 601 697 644 Publice
736 605 911 655 propter
942 602 1044 641 duas
1083 601 1230 641 causas
1259 601 1370 641 nihil
1400 601 1573 653 scripsi:
1596 597 1626 637 2

118 658 230 707 quod
267 662 308 699 et
346 659 482 712 ipsum
522 660 849 713 Commagenum
889 660 1019 712 legati
1054 658 1252 698 dicebant
1290 657 1342 698 ad
1382 660 1576 698 senatum

117 715 257 755 statim
286 716 455 756 nuntios
485 717 713 768 literasque
744 718 925 765 misisse3
958 718 998 756 et
1027 715 1320 756 existimabam
1358 715 1417 756 M.
1448 715 1577 756 Bibu-

115 771 206 811 lum
235 775 556 824 proconsulem,
599 775 672 827 qui
702 774 876 815 circiter
903 773 1003 814 Idus
1034 773 1215 814 Sextiles
1246 772 1298 812 ab
1328 773 1499 824 Epheso
1528 773 1576 812 in

116 829 282 882 Syriam
320 831 499 872 navibus
538 834 754 884 profectus
784 833 898 878 erat,
943 831 1055 882 quod
1085 829 1290 870 secundos
1327 831 1474 870 ventos
1502 830 1578 870 ha-

115 883 294 936 buisset,
340 890 422 929 iam
454 889 499 929 in
528 890 792 942 provinciam
821 900 940 929 suam
978 887 1243 941 pervenisse3
1282 887 1401 927 cuius
1439 887 1577 928 literis

114 945 254 984 omnia
285 947 469 987 certiora
496 948 707 999 perlatum
737 947 792 987 iri
822 947 874 987 ad
904 947 1094 985 senatum
1122 943 1335 997 putabam.
1371 943 1497 992 Mihi,
1528 946 1577 985 ut

117 999 164 1040 in
195 1002 396 1043 eiusmodi
426 1016 472 1043 re
503 1006 703 1055 tantoque
726 1003 855 1052 bello,
887 1003 1094 1043 maximae
1115 1007 1242 1042 curae
1265 1003 1339 1048 est,
1371 1003 1434 1047 ut,
1467 1014 1577 1052 quae

115 1059 250 1111 copiis
281 1062 321 1100 et
359 1061 509 1113 opibus
540 1063 684 1101 tenere
714 1063 786 1102 vix
815 1073 1060 1114 possumus,
1102 1072 1153 1098 ea
1182 1058 1504 1098 mansuetudine
1533 1060 1576 1099 et

115 1117 376 1158 continentia
404 1120 563 1166 nostra,
594 1119 805 1158 sociorum
834 1117 1039 1158 fidelitate
1069 1118 1298 1158 teneamus.
1338 1116 1402 1156 Tu
1430 1116 1575 1170 velim,

114 1174 160 1212 ut
188 1175 419 1223 consuesti,
452 1189 528 1216 nos
558 1176 752 1216 absentes
782 1176 933 1229 diligas
964 1176 1007 1215 et
1036 1173 1250 1215 defendas.

206 1296 237 1329 1.
285 1297 456 1330 Antioch.
471 1298 708 1341 Commagen.
734 1296 974 1340 s.Asiaticus‚
1001 1296 1188 1332 (191·501111
1204 1308 1276 1330 von
1297 1296 1506 1331 Antiochus
1521 1297 1573 1330 X.

116 1339 175 1374 od.
202 1341 306 1376 Pius.
357 1343 436 1376 Ihm
462 1344 563 1377 hatte
588 1345 792 1389 Pompeius
817 1345 884 1377 der
912 1344 1052 1377 Grosse
1079 1343 1215 1389 Syrien
1232 1369 1242 1386 ‚
1278 1343 1443 1377 welches
1470 1355 1510 1377 er
1536 1343 1574 1376 in

116 1386 200 1419 eine
210 1388 407 1422 Romische
420 1390 586 1423 Provinz
596 1391 862 1433 vei-wandelte,
875 1401 1091 1433 genommen
1102 1390 1174 1423 und
1186 1400 1254 1423 nur
1270 1389 1340 1422 den
1354 1389 1575 1423 nordlichen

117 1432 228 1467 Theil
249 1434 442 1468 desselben
456 1462 465 1478 ‚
487 1437 746 1479 Commagene,
767 1437 939 1470 diesseits
958 1437 1223 1479 desEuphrats
1240 1435 1305 1468 mit
1321 1435 1388 1468 der
1400 1437 1573 1480 Hauptst.

118 1478 328 1520 Samosata,
368 1482 440 1515 und
474 1483 544 1516 den
583 1483 814 1527 Kiinigstitel
850 1483 1034 1526 gelassen.
1083 1482 1122 1516 5.
1148 1482 1251 1516 Ρ1111.
1286 1482 1333 1515 Η.
1359 1482 1405 1515 N.
1438 1483 1487 1522 V,
1513 1483 1572 1516 24.

116 1525 192 1559 Die
231 1527 445 1561 Schwester
486 1529 684 1562 desselben
726 1540 806 1561 war
853 1529 914 1561 die
959 1528 1178 1562 Gemahlinn
1221 1528 1286 1561 des
1324 1528 1573 1562 Parthischen

116 1572 263 1617 Konigs
290 1575 436 1608 Orodes
461 1575 491 1610 Ι.
518 1575 611 1608 oder
635 1576 794 1608 Arsaces
819 1575 927 1617 XIV,
957 1575 1090 1608 desscn
1116 1574 1217 1609 501111
1235 1575 1403 1608 Pacorus
1429 1575 1573 1619 gleich-

117 1620 201 1653 falls
237 1621 398 1654 bekannt
432 1621 493 1654 ist.
544 1620 582 1655 S.
607 1621 684 1655 Dio
710 1621 854 1656 XLIX.
882 1640 924 1645 ·-
951 1622 1138 1660 Iconium,
1171 1620 1263 1654 ietzt
1292 1621 1444 1655 Kuniah
1479 1621 1574 1655 oder

118 1666 251 1709 Cogni,
279 1667 316 1700 in
340 1667 572 1712 Lycaoniem
600 1667 663 1700 das
691 1668 784 1700 auch
809 1678 855 1700 zu
882 1667 1045 1701 Cicero⁷s
1060 1667 1227 1701 Provinz
1253 1667 1421 1710 gehorte.
1447 1666 1486 1703 S.
1514 1679 1573 1712 ep.

117 1713 270 1755 CCXII,
298 1716 329 1747 1.
358 1714 532 1753 CCXIII,
551 1715 584 1748 6.
612 1714 807 1757 CCXXII,
828 1714 862 1748 5.
890 1714 1192 1755 CCXXVIII,2.
1219 1733 1265 1739 —
1291 1724 1325 1747 α.
1341 1715 1375 1747 d.
1391 1727 1459 1748 111.
1473 1714 1572 1749 Non.

115 1758 329 1804 Septembr„
354 1771 409 1793 arn
435 1762 468 1795 3.
497 1760 731 1804 September.
759 1771 792 1794 α.
819 1761 854 1795 d.
879 1772 948 1794 nr.
973 1760 1064 1794 Kal.
1092 1759 1188 1803 Sept.
1217 1761 1288 1802 (am
1313 1762 1370 1794 30.
1395 1762 1573 1804 August.)

117 1806 163 1840 de
188 1808 330 1840 Manut.
365 1806 462 1840 coni.
497 1806 583 1841 5911.
618 1807 714 1841 Liin.
751 1807 823 1840 ΟΒ.
857 1807 960 1841 Aber
993 1807 1126 1840 Cicero
1152 1817 1232 1839 war
1264 1806 1332 1839 in’s
1361 1806 1486 1851 Lager
1511 1807 1574 1841 bei

0 1863 2 1890 ς
116 1852 283 1886 Iconium
320 1863 374 1886 arn
409 1853 467 1888 26.
494 1854 591 1896 Aug.
625 1853 867 1897 gekommen,
904 1852 1008 1886 blieb
1042 1852 1207 1886 daselbst
1241 1854 1284 1887 10
1312 1853 1416 1896 Tage
1451 1855 1500 1896 (s.
1527 1854 1574 1887 ad

0 1900 2 1935 1
116 1899 230 1933 Attic.
268 1899 317 1941 V,
343 1900 400 1934 20.
438 1899 498 1933 od.
524 1910 584 1944 ep.
611 1900 829 1941 CCXXIX)
863 1899 937 1933 und
970 1899 1087 1933 brach
1125 1910 1180 1932 am
1216 1900 1272 1933 30.
1299 1900 1395 1943 Aug.
1429 1911 1501 1933 von
1528 1900 1575 1934 da

116 1945 261 1979 wieder
285 1945 357 1979 auf.
406 1945 445 1980 S.
483 1945 527 1979 ad
560 1946 674 1980 Attic.
701 1946 777 1988 VI,
808 1947 842 1980 3.
875 1946 967 1989 Vgl.
995 1955 1040 1979 zu
1068 1956 1127 1989 ep.
1155 1945 1375 1989 CCXLIII,
1399 1947 1433 1981 4.
1462 1950 1572 1981 castr.

115 2003 206 2026 mea.
232 2011 275 2016 —
298 1993 428 2035 filium,
453 1993 650 2026 Pacorum.
680 2012 718 2016 --
746 1993 848 2034 regis
872 1992 1153 2033 Armeniorum,
1180 1991 1379 2025 Artuasdis
1405 2003 1434 2026 s.
1460 1993 1573 2026 Arta-

114 2038 251 2081 vasdis,
278 2039 342 2081 qui
367 2038 543 2082 Tigranis
569 2041 600 2072 1.
629 2038 728 2071 filius
765 2039 844 2072 suit.
886 2038 926 2073 S.
953 2049 1012 2082 ep.
1039 2038 1218 2081 CCXIX,
1251 2038 1284 2072 2.
1319 2039 1574 2083 CCXXVIH,

113 2085 146 2119 2.
172 2103 217 2110 —
244 2096 314 2128 pro
351 2096 384 2118 n.
419 2096 549 2120 necess.
577 2084 839 2130 Cappadocien
864 2085 937 2118 und
971 2084 1104 2118 dessen
1136 2084 1263 2128 Konig
1296 2085 1574 2120 Ariobarzanes

114 2131 268 2165 standen
304 2132 499 2166 iiberdiess
532 2138 640 2166 unter
673 2132 902 2165 besonderer
926 2131 1149 2166 Protection
1183 2131 1248 2165 des
1284 2132 1388 2166 Cato.
1447 2131 1487 2167 S.
1515 2144 1573 2177 ep.

116 2178 410 2213 CCXXXVIII.

207 2225 241 2258 2.
290 2223 501 2259 Publice...
536 2223 633 2257 m'lzz'l
655 2223 808 2267 scripsi,
843 2223 951 2258 einen
985 2222 1183 2256 amtlichen
1208 2222 1366 2256 Bericht
1396 2223 1481 2257 hab’
1513 2223 1574 2258 ich

117 2270 213 2304 noch
239 2270 341 2304 nieht
366 2271 601 2314 abgestattet.
631 2290 670 2294 —
698 2272 787 2304 Idus
813 2270 929 2313 Sext„
963 2282 1022 2303 um
1048 2269 1119 2303 den
1145 2272 1208 2305 13:
1227 2271 1384 2313 August.
1411 2289 1455 2295 —
1480 2271 1575 2304 eius-

117 2317 228 2350 modi.
278 2316 353 2351 Sic.
382 2317 459 2350 Md.
484 2317 570 2351 Bas.
596 2317 697 2352 vict.
727 2319 757 2350 l.
783 2316 927 2351 Bened.
957 2316 1166 2349 huiusmodi
1198 2317 1294 2349 Cett.
1324 2316 1396 2349 ΟΒ.
1422 2335 1466 2341 —-
1493 2318 1573 2361 opi-

118 2363 203 2405 bus,
236 2361 303 2395 mit
336 2362 467 2396 Gelde.
494 2382 538 2387 -
560 2375 762 2407 possumus.
814 2363 877 2397 Sic
916 2362 994 2396 Md.
1034 2363 1133 2396 Crat.
1181 2362 1285 2398 vict.
1314 2364 1346 2396 1.
1373 2362 1406 2396 2.
1441 2363 1571 2398 Lamb.

118 2410 253 2442 (iraev,
279 2409 420 2442 Bened.
442 2410 624 2452 possimus
647 2410 732 2443 Bas.
758 2409 839 2443 Erf.
865 2410 957 2443 Ern.
986 2408 1072 2442 sch.
1098 2409 1194 2442 Lun.
1225 2408 1298 2442 OR.
1358 2409 1445 2442 Man
1472 2410 1574 2443 hatte

117 2456 189 2488 den
225 2454 358 2488 Cicero
392 2455 519 2489 weder
551 2456 616 2488 mit
643 2456 824 2501 Truppen
858 2456 955 2489 noch
982 2455 1081 2488 Geld
1113 2454 1274 2499 gehorig
1308 2456 1503 2488 versehen.
1531 2455 1572 2490 S.

117 2513 176 2546 cp.
204 2500 359 2543 CCVII,
387 2502 417 2534 l.
444 2520 489 2526 -—
521 2506 707 2543 mansuet„
739 2502 853 2536 milde
877 2501 1161 2546 Amtssilhrung.
1188 2520 1231 2526 ——
1267 2505 1464 2546 teneamus,
1495 2502 1575 2537 No-

118 2548 200 2582 nius
226 2551 393 2581 tueamur
426 2546 462 2581 in
487 2558 568 2583 voc,
602 2548 812 2582 Continens.
