1795 3043
247 81 347 128 416
513 79 578 126 Μ.
614 79 668 124 Τ,
706 78 1046 128 CICERONIS
1079 81 1453 132 EPISTOLAE.

958 194 1004 238 C.

349 268 429 304 Scr.
454 268 638 303 Luceriae
661 270 767 306 XIV.
793 271 878 306 Kal.
904 272 1013 307 Mart.
1039 274 1083 307 A.
1112 273 1157 308 U.
1185 273 1227 308 C.
1250 275 1329 309 705.
1367 276 1423 318 (a.
1450 274 1492 309 C.
1518 274 1593 317 49.)

293 339 367 373 CN.
409 338 620 373 MAGNUS
660 338 871 375 PROCOS.
913 340 952 375 S.
992 341 1042 375 D.
1083 341 1128 376 L.
1171 342 1399 378 DOMITIO
1441 343 1656 378 PROCOS.

357 397 522 438 Literas
551 398 625 438 abs
653 400 695 439 te
723 399 780 439 M.
799 400 994 440 Calenius
1022 400 1075 441 ad
1105 413 1172 441 me
1202 402 1347 442 attulit
1375 416 1413 444 a.
1436 401 1474 442 d.
1499 415 1586 443 xlv.
1607 402 1703 442 Kal.

244 453 395 503 Mart.;
433 455 477 495 in
507 455 657 507 quibus
686 456 821 497 literis
850 457 1000 498 scribis
1030 458 1109 498 tibi
1138 459 1182 498 in
1204 460 1343 499 animo
1362 471 1451 500 esse
1479 458 1703 500 observare

244 510 489 561 Caesarem3
529 514 592 559 et,
625 513 661 553 si
690 514 919 554 secundum
946 527 1064 555 mare
1093 515 1146 555 ad
1165 528 1232 556 me
1259 516 1324 556 ire
1355 516 1572 568 coepisset,
1606 527 1703 556 con-

238 567 379 608 festim
407 569 451 609 in
473 569 689 610 Samnium
718 570 770 610 ad
798 583 865 611 me
892 573 1137 622 venturum3
1176 573 1239 613 sin
1266 575 1408 613 autem
1435 572 1511 612 ille
1540 573 1702 613 circum

240 624 372 664 istaec
414 627 510 667 loca
546 629 902 676 commoraretur,
953 630 996 668 te
1034 628 1097 679 ei,
1143 630 1178 670 si
1222 631 1396 682 propius
1444 630 1700 682 accessisset,

240 681 436 723 resistere
469 685 595 724 velle.
653 684 713 723 Te
749 684 888 725 animo
918 697 1067 737 magno
1100 688 1143 726 et
1171 687 1271 727 forti
1306 688 1430 728 istam
1457 699 1546 726 rem
1576 698 1701 738 agere

240 738 452 781 existimo:
501 741 573 781 sed
610 740 850 793 diligentius
888 741 1008 781 nobis
1038 743 1101 782 est
1126 743 1372 796 videndum,
1421 755 1475 783 ne
1504 743 1699 783 distracti

238 809 363 848 pares
393 810 483 838 esse
513 797 752 838 adversario
781 810 865 837 non
895 798 1125 849 possimus;
1173 813 1299 852 quum
1327 802 1405 842 ille
1433 812 1603 853 magnas
1633 812 1700 840 co·

235 854 329 905 pias
358 854 512 895 habeat
541 858 582 895 et
610 855 790 894 maiores
821 855 939 896 brevi
968 856 1191 897 habiturus
1220 859 1288 899 sit.
1346 857 1440 898 Non
1478 857 1590 897 enim
1620 869 1697 908 pro

237 913 309 951 tua
345 911 571 964 prudentia
609 912 734 952 debes
775 912 882 952 illud
917 913 1050 952 solum
1089 914 1448 961 animadvertere,
1501 914 1604 965 quot
1651 914 1697 953 in

234 969 476 1020 praesentia
515 970 709 1010 cohortes
748 970 897 1009 contra
932 970 975 1010 te
1009 970 1166 1011 habeat
1195 971 1372 1023 Caesar,
1418 969 1490 1010 sed
1518 972 1697 1021 quantas

235 1025 354 1066 brevi
391 1027 582 1078 tempore
618 1027 805 1078 equitum
843 1028 885 1066 et
912 1027 1102 1078 peditum
1130 1028 1275 1079 copias
1304 1027 1599 1068 contracturus
1630 1027 1695 1066 sit.

235 1082 315 1123 Cui
343 1084 407 1123 rei
434 1083 674 1124 testimonio
701 1085 798 1123 sunt
818 1084 990 1133 literae,
1018 1096 1122 1135 quas
1137 1085 1365 1126 Bussenius
1395 1084 1446 1124 ad
1469 1096 1536 1123 me
1559 1083 1695 1132 misit3

234 1139 278 1179 in
317 1139 469 1190 quibus
503 1140 691 1192 scribit„
716 1141 760 1180 id
789 1140 901 1191 quod
930 1139 983 1180 ab
1014 1141 1109 1180 aliis
1137 1154 1303 1193 quoque
1342 1141 1448 1181 mihi
1477 1141 1694 1192 scribitur,

232 1196 442 1248 praesidia
473 1192 716 1248 Curionem}
754 1209 863 1248 quae
892 1197 936 1237 in
967 1197 1143 1238 Umbria
1170 1200 1213 1237 et
1242 1198 1391 1239 Tuscis
1421 1200 1561 1250 erant,
1598 1209 1696 1238 con-

231 1253 403 1293 trahere
434 1254 544 1294 etad
567 1255 787 1294 Caesarem
814 1255 899 1293 iter
917 1256 1070 1295 facere.
1124 1255 1240 1302 Quae
1269 1255 1303 1294 si
1320 1255 1467 1305 copiae
1496 1254 1540 1294 in
1564 1266 1693 1294 unum

232 1311 375 1350 locum
403 1310 563 1350 fuerint
592 1312 786 1361 coactae,
834 1311 882 1349 ut
917 1323 1015 1362 pars
1045 1312 1258 1350 exercitus
1288 1311 1341 1350 ad
1370 1309 1523 1350 Albam
1554 1311 1693 1350 mitta-

231 1369 321 1413 tur,
367 1379 466 1418 pars
509 1367 561 1407 ad
604 1369 645 1407 te
685 1366 884 1414 accedat3
936 1367 983 1406 ut
1017 1379 1101 1406 non
1138 1369 1318 1420 pugnet,
1367 1366 1439 1407 sed
1467 1368 1575 1407 locis
1605 1367 1692 1407 suis

231 1424 459 1476 repugnet,
507 1424 722 1465 haerebis:
771 1435 910 1475 neque
951 1425 1065 1464 solus
1103 1436 1199 1464 cum
1242 1424 1322 1464 ista
1361 1424 1484 1475 copia
1531 1425 1691 1465 tantam

180 1479 209 1519 2
232 1481 541 1521 multitudinem
570 1482 775 1522 sustinere
799 1480 982 1532 poteris,
1011 1482 1058 1520 ut
1088 1482 1385 1521 frumentatum
1402 1493 1484 1522 eas.
1543 1482 1692 1530 Quam-

230 1537 375 1578 obrem
404 1539 447 1578 te
475 1550 622 1590 magno
653 1550 781 1591 opere
810 1538 981 1590 hortor,
1015 1539 1062 1577 ut
1091 1550 1215 1589 quam
1243 1538 1426 1590 primum
1453 1551 1548 1579 cum
1577 1537 1690 1578 omni

229 1596 355 1648 copia
385 1596 468 1634 huc
486 1596 639 1635 venias.
701 1595 900 1635 Consules
920 1595 1231 1634 constituerunt
1253 1595 1365 1635 idem
1383 1595 1538 1637 facere.
1596 1595 1688 1646 Ego

230 1653 261 1703 †
297 1652 539 1692 Metuscilio
583 1652 635 1692 ad
671 1654 714 1692 te
754 1651 948 1692 mandata
994 1650 1090 1690 dedi
1126 1652 1432 1702 providendum
1472 1664 1586 1704 esse,
1635 1663 1688 1691 ne

320 1779 351 1810 1.
384 1776 442 1810 M.
471 1775 664 1818 Calenius,
689 1774 950 1819 Pompeianus.
993 1773 1188 1807 Canuleius
1212 1772 1309 1807 coni.
1335 1773 1372 1806 in
1397 1784 1442 1806 m.
1468 1773 1566 1807 1584.
1600 1770 1686 1805 Vid-

226 1822 342 1857 Attic.
369 1824 428 1865 X,
459 1823 492 1856 5.
541 1823 600 1857 M.
627 1822 822 1856 Canuleius
864 1821 900 1855 in
926 1820 1033 1853 Brut.
1061 1831 1091 1853 c.
1108 1820 1163 1854 92.
1202 1839 1246 1844 —
1298 1818 1406 1853 XIV.
1434 1819 1524 1852 Kal.
1551 1818 1686 1858 Mart„

226 1879 283 1902 am
317 1869 372 1903 16.
390 1868 570 1903 Februar.
604 1887 648 1893 —
702 1868 771 1901 tibi
802 1868 841 1900 in
870 1866 991 1900 animo
1024 1876 1119 1909 esse,
1164 1866 1226 1899 Du
1259 1865 1374 1899 seiest
1407 1875 1608 1907 gesonnen.
1643 1881 1684 1886 ——

227 1915 388 1957 observ.‚
425 1924 470 1948 zu
502 1912 746 1948 beoba'chten.
780 1933 821 1938 -
869 1913 1097 1947 adversario.
1137 1912 1226 1954 vgl.
1251 1911 1395 1955 Anlage
1418 1911 1461 1945 B.
1488 1912 1518 1944 1.
1558 1908 1685 1943 Ueber

225 1971 268 1993 ne
292 1972 362 1994 non
388 1971 416 1994 s.
436 1960 585 1995 Ramsh.
611 1961 640 2003 ᾗ.
663 1961 746 2002 193,
774 1961 812 2001 l,
838 1960 869 1994 3.
920 1958 1064 1992 Grotef.
1090 1958 1119 2000 §.
1143 1958 1222 1992 402.
1261 1958 1367 1991 Anm.
1395 1976 1440 1982 —
1485 1957 1525 1989 in
1547 1958 1683 2006 proies„

224 2006 262 2040 in
302 2007 443 2041 diesem
474 2006 747 2050 Augenblicke.
797 2006 1015 2047 Bussenius,
1059 2003 1322 2049 Pompeianus.
1361 2022 1406 2027 —
1471 2002 1571 2035 aliis.
1620 2000 1684 2035 Sic

224 2054 366 2088 Manut.
398 2053 526 2086 Lamb.
561 2052 701 2087 Stroth.
739 2052 819 2086 illis
848 2051 941 2086 Cdd.
979 2049 1078 2094 noti,
1117 2052 1205 2084 Asc.
1241 2061 1298 2094 pr.
1332 2049 1431 2083 Crat.
1463 2049 1563 2084 Vict.
1592 2048 1624 2081 l.
1649 2047 1681 2080 2.

222 2099 311 2134 Bos.
347 2099 482 2133 Graev.
512 2099 604 2133 Ern.
638 2099 724 2134 Sch.
757 2098 850 2132 Liin.
877 2098 952 2132 ΟΒ.
984 2116 1027 2122 —
1076 2096 1116 2130 in
1145 2096 1296 2131 Umbria
1321 2099 1354 2128 et
1382 2095 1508 2128 Tuscis
1531 2098 1619 2127 statt
1644 2103 1682 2126 m

222 2145 378 2179 Umbria
409 2151 446 2178 et
477 2145 634 2188 Tuscia,
671 2144 839 2178 Etruria.
891 2144 932 2178 S.
959 2143 1110 2178 Ramsh.
1141 2143 1167 2185 §.
1185 2143 1270 2183 203,
1295 2142 1348 2183 A,
1374 2143 1415 2184 1,
1440 2142 1474 2175 3.
1514 2138 1578 2173 Sic
1601 2138 1680 2191 Μὰ.

222 2191 318 2225 Edd.
355 2197 445 2225 vett.
479 2198 628 2235 praeter
660 2191 767 2225 Rom.
800 2195 884 2224 ante
923 2191 1014 2224 Ern.
1055 2188 1125 2222 Est
1147 2188 1275 2222 saltem
1302 2199 1350 2220 ex
1375 2197 1444 2220 usu
1471 2185 1679 2220 Ciceronis.

227 2237 375 2272 Umbris
400 2238 523 2271 Oxon.
545 2237 639 2270 Ball.
660 2237 813 2271 Helmst.
839 2237 962 2281 (prob.
980 2236 1132 2274 Graev.)
1157 2234 1246 2267 Ern.
1263 2232 1346 2267 Sch.
1365 2233 1456 2267 Liin.
1485 2230 1680 2282 ORE13LI.

221 2283 368 2318 Albam.
403 2282 442 2318 S.
469 2294 528 2326 ep.
543 2282 832 2325 CCCXXXVI,
857 2284 901 2326 A,
929 2285 959 2317 l.
987 2300 1029 2306 —
1078 2281 1126 2314 ad
1145 2284 1178 2312 te
1202 2279 1236 2313 d.
1263 2279 1289 2312 i.
1316 2289 1436 2322 gegen
1462 2277 1678 2329 Corfinium.

220 2349 266 2355 —
296 2334 334 2362 ut
358 2340 430 2362 non
450 2333 603 2373 pugnet,
629 2335 774 2371 gesetzt
799 2340 840 2362 er
863 2330 987 2362 sechte
1011 2326 1133 2368 nicht,
1160 2337 1201 2359 er
1224 2325 1342 2368 greife
1368 2325 1466 2358 Dich
1492 2324 1594 2357 mcht
1618 2333 1677 2366 an,

220 2376 383 2410 sondern
413 2375 602 2418 behaupte
633 2375 736 2408 bloss
769 2375 898 2409 seinen
924 2375 1076 2409 Posten.
1103 2390 1147 2396 —-
1194 2371 1379 2414 haerebis,
1415 2381 1457 2404 so
1483 2370 1590 2403 wirst
1614 2369 1678 2403 Du

219 2422 315 2456 doch
341 2422 377 2455 in
405 2421 472 2455 der
495 2421 667 2455 Klemme
700 2420 765 2454 od.
792 2432 834 2454 so
860 2425 925 2463 gut
950 2419 1023 2453 wie
1048 2417 1356 2460 eingeschlossen
1381 2416 1473 2451 sein.
1506 2435 1550 2442 —
1598 2426 1678 2449 cum
1735 2457 1739 2460 χ

218 2469 292 2502 ista
316 2468 449 2512 copia,
482 2467 548 2500 mit
571 2466 641 2500 den
667 2466 839 2509 wenigen
865 2467 1071 2509 Truppen,
1105 2463 1165 2496 die
1192 2463 1252 2497 Du
1278 2463 1325 2496 da
1348 2464 1440 2496 hast.
1475 2481 1517 2487 —
1564 2463 1674 2504 frum.

217 2515 287 2549 ire.
329 2514 367 2549 S.
396 2514 546 2547 Ramsh.
573 2513 600 2555 ἒ.
617 2512 674 2554 53,
700 2512 744 2545 Ν.
779 2514 807 2555 ξ).
824 2514 902 2554 170,
929 2513 962 2553 l,
986 2511 1031 2545 N.
1054 2511 1085 2544 1.
1111 2520 1145 2543 u.
1172 2509 1204 2543 2.
1247 2509 1391 2543 Grotes.
1417 2509 1445 2552 ξ.
1461 2510 1543 2550 313,
1568 2510 1673 2541 Anm.

309 2560 343 2595 2.
379 2571 458 2594 cum
491 2559 590 2592 omni
618 2558 721 2602 copia
758 2564 845 2591 statt
876 2556 1040 2591 omnibus
1063 2556 1179 2599 copiis
1217 2555 1293 2589 Md.
1325 2566 1346 2589 a
1375 2565 1448 2588 sec.
1477 2565 1523 2587 m.
1550 2554 1671 2586 Oxon.

220 2607 253 2640 1.
279 2605 312 2640 2.
352 2611 438 2640 Asc.
473 2606 572 2639 Crat.
613 2604 652 2639 S.
687 2604 834 2637 Ramsh.
868 2605 897 2646 §.
917 2604 1003 2644 203,
1029 2603 1083 2644 A,
1111 2604 1149 2644 l,
1176 2604 1206 2635 7.
1239 2620 1284 2626 —
1333 2600 1524 2642 Consules,
1556 2599 1672 2632 deren

218 2651 511 2696 Hauptquartier
536 2661 581 2685 zu
607 2651 733 2694 Capua
757 2649 837 2683 sich
863 2648 1009 2682 besand.
1036 2667 1076 2673 —
1117 2649 1140 2690 -ξ-
1165 2647 1390 2681 Metuscilio.
1421 2646 1563 2680 Nomen
1590 2656 1673 2678 coxa-

218 2704 367 2740 ruptum
393 2709 476 2732 esse
501 2696 624 2741 arguit
648 2695 833 2740 scriptura
855 2695 952 2735 Mei,
986 2697 1080 2727 meta
1104 2694 1232 2735 stileo,
1265 2699 1303 2726 et
1325 2694 1411 2727 Asc.
1436 2703 1512 2735 pr.:
1548 2692 1672 2724 Metu-

216 2743 336 2778 stileo.
373 2745 460 2779 Asc.
487 2754 559 2779 sec.
599 2743 718 2778 Crat.:
763 2740 968 2777 Vetustilio.
1021 2739 1234 2775 Probabilis
1268 2744 1324 2774 est
1356 2737 1512 2773 Corradi
1547 2747 1669 2782 susp.:
