1795 3043
486 76 798 125 EPISTOLA
835 77 1214 127 CCCXXXVIII.
1479 84 1579 133 421

124 187 230 240 Sed,
272 191 318 230 ut
357 202 485 244 supra
523 190 634 241 dixi,
674 192 813 233 tecum
847 192 1112 243 perlibenter
1150 193 1319 245 loquor:
1369 190 1412 232 et
1452 190 1576 232 simul

122 246 228 285 scito
265 245 411 288 labare
447 259 587 287 meum
626 248 849 289 consilium
886 248 1018 301 illud,
1064 250 1175 301 quod
1205 249 1305 291 satis
1333 246 1418 289 iam
1446 246 1575 288 fixum

123 302 355 344 videbatur.
414 303 508 346 Non
538 305 643 346 mihi
670 305 772 346 satis
800 304 942 346 idonei
972 307 1068 345 sunt
1098 308 1291 347 auctores
1318 305 1364 356 ii,
1394 303 1466 356 qui
1492 306 1576 344 ate

120 358 368 411 probantur.
429 361 547 409 Quod
575 363 686 402 enim
717 374 901 414 unquam
932 374 1077 402 eorum
1116 363 1159 402 in
1187 375 1235 403 re
1263 361 1437 415 publica
1463 361 1577 400 forte

120 417 280 457 sactum
320 417 509 460 exstitit?
567 421 640 459 aut
675 420 768 472 quis
806 418 859 460 ab
899 418 953 459 iis
980 420 1111 459 ullam
1138 432 1225 459 rem
1255 419 1379 460 laude
1406 418 1574 471 dignam

121 472 366 517 desiderat?
423 474 511 516 Nec
552 476 794 516 mehercule
828 475 1059 516 laudandos
1089 476 1305 528 existimo,
1354 475 1427 527 qui
1455 477 1574 515 trans

120 541 237 570 mare
263 531 366 572 belli
384 531 559 584 parandi
582 545 710 573 causa
737 533 920 584 profecti
949 534 1065 574 sunt}
1095 554 1151 564 -
1192 544 1442 584 quamquam
1466 531 1573 572 haec

118 587 294 629 ferenda
323 601 406 628 non
438 590 581 631 erantt
611 609 668 620 ·—-
723 589 846 630 video
876 590 1011 643 enim,
1049 591 1251 642 quantum
1280 589 1322 631 id
1347 589 1505 629 bellum
1532 589 1575 628 et

119 655 247 694 quam
275 646 520 698 pestiferum
548 646 736 687 fut-urum
765 647 839 687 sit:
870 647 942 688 sed
963 659 1029 688 me
1047 649 1185 688 movet
1206 660 1315 688 unus
1329 647 1420 696 vir3
1452 646 1573 685 cuius

117 701 319 755 fugientis
359 714 516 750 comeS‚
563 715 653 744 rem
681 702 897 756 publicam
932 703 1223 756 recuperantis
1251 702 1388 745 socius
1427 701 1572 743 videor

121 769 211 798 esse
257 759 421 800 debere.
496 760 724 812 „Totiesne
758 760 889 812 igitur
923 762 1171 802 sententiam
1213 759 1410 802 mutas?’'
1480 759 1571 811 Ego

118 816 260 856 tecum
290 819 489 868 tanquam
519 829 686 857 mecum
714 818 879 869 loquor.
938 819 1041 866 Quis
1069 820 1210 859 autem
1238 819 1314 868 est,
1343 817 1461 857 tanta
1480 815 1572 866 qui-

119 871 213 912 dem
250 872 301 913 dc
342 886 411 925 re,
466 875 570 926 quin
608 875 726 915 varie
765 887 907 915 secum
944 876 1037 927 ipse
1075 875 1285 927 disputet?
1350 873 1488 914 Simul
1529 873 1572 912 et

118 929 275 970 elicere
306 931 433 981 cupio
463 932 713 972 sententiam
742 933 878 980 tuam;
935 933 973 972 si
1002 934 1166 980 manet,
1205 934 1251 972 ut
1279 930 1440 972 firmior
1468 928 1568 978 sim;

119 985 155 1025 si
192 989 353 1027 mutata
391 990 474 1039 est,
520 990 569 1028 ut
606 988 684 1028 tibi
723 988 941 1030 assentiar.
998 989 1177 1029 Omnino
1207 988 1259 1029 ad
1288 987 1353 1039 id.
1396 986 1449 1027 de
1486 997 1568 1037 quo
1592 987 1619 1027 3

117 1042 286 1091 dubito,
318 1045 503 1095 pertinet
531 1057 598 1085 me
618 1046 760 1092 scire,
792 1045 893 1097 quid
923 1046 1132 1086 Domitius
1161 1047 1332 1085 acturus
1361 1044 1438 1090 sit,
1469 1040 1570 1093 quid

117 1103 259 1140 noster
289 1101 502 1140 Lentulus.
559 1102 623 1141 De
641 1102 825 1142 Domitio
854 1102 972 1142 varia
999 1102 1217 1150 audimus,
1255 1100 1376 1142 modo
1407 1110 1498 1139 esse
1525 1098 1571 1137 in

117 1157 286 1197 Tiburti
315 1157 345 1209 —l-
376 1160 446 1197 aut
475 1157 625 1210 Lepidi
663 1158 775 1209 quod
813 1170 909 1199 cum
947 1158 1131 1212 Lepidus
1160 1157 1388 1199 accessisse
1426 1155 1477 1197 ad
1505 1167 1573 1194 ur-

117 1213 238 1264 bem3
271 1214 382 1266 quod
406 1215 507 1255 item
533 1215 688 1255 falsum
716 1215 838 1255 video
868 1227 971 1255 esse.
1030 1215 1104 1256 Ait
1134 1216 1245 1256 enim
1265 1211 1451 1266 Lepidus
1479 1223 1574 1252 eum

119 1272 262 1312 nescio
293 1283 376 1322 quo
405 1272 649 1323 penetrasse
676 1271 922 1312 itineribus:
957 1272 1201 1313 occultandi
1223 1271 1289 1313 sui
1319 1283 1469 1322 causa,
1518 1281 1573 1308 an

118 1329 248 1368 maris
277 1327 526 1379 apiscendi?
574 1340 627 1368 ne
650 1328 693 1367 id
722 1328 889 1379 quidem
917 1329 1010 1369 scit.
1069 1329 1240 1381 Ignorat
1257 1327 1381 1368 etiam
1400 1326 1452 1366 de
1469 1324 1575 1372 filio.

117 1385 245 1425 Addit
273 1384 404 1433 illud,
445 1397 545 1425 sane
574 1385 818 1425 molestum:
854 1385 1081 1436 pecuniam
1109 1385 1292 1426 Domitio
1320 1384 1423 1427 satis
1453 1394 1576 1437 gran-

119 1441 237 1490 dem,
277 1454 402 1493 quam
441 1442 478 1482 is
509 1440 685 1482 Corfinii
723 1441 945 1495 habuerit,
991 1454 1077 1483 non
1113 1454 1204 1483 esse
1231 1441 1455 1484 redditam.
1509 1439 1577 1480 De

15 1574 16 1579 Ἰ
116 1532 216 1567 Dich
243 1544 310 1566 vor
334 1532 402 1566 der
419 1531 503 1566 Zeit
525 1542 657 1575 wegen
683 1531 788 1565 einer
811 1531 1047 1576 ungewissen
1063 1531 1181 1567 Sache
1207 1531 1487 1574 benaruhigest‚
1513 1529 1576 1564 die

15 1581 16 1618 i
118 1579 180 1613 Du
212 1579 248 1611 in
283 1578 363 1611 drei
391 1579 516 1622 Tagen
550 1577 689 1621 gewiss
718 1577 855 1612 wissen
889 1577 1018 1613 wirst‘?
1052 1597 1092 1603 —
1143 1578 1305 1622 equidem
1328 1576 1498 1622 proficio·
1527 1594 1574 1602 --

15 1620 17 1685 ᾗ
117 1636 234 1658 meum
263 1625 456 1658 consilium
485 1623 649 1658 exeundi
681 1634 730 1658 ex
760 1624 882 1659 Italia.
915 1641 962 1649 —
1011 1627 1198 1666 auctores,
1238 1623 1302 1657 die
1336 1623 1575 1666 Vox-ganger,

16 1695 17 1703 1
118 1671 234 1705 deren
259 1670 429 1714 Beispiel
452 1670 517 1716 Du
548 1670 619 1704 mir
650 1670 871 1714 empfiehlst.
904 1688 950 1695 —
996 1671 1041 1704 ab
1066 1670 1126 1704 iis.
1169 1668 1235 1705 Sic
1265 1670 1355 1705 Asc.
1387 1679 1445 1713 pr.
1472 1669 1573 1703 Crat.

16 1707 17 1748 l
117 1717 220 1754 Vict.
247 1719 278 1751 l.
311 1718 409 1752 Man.
444 1716 574 1750 Lamb.
600 1715 657 1750 his
682 1716 778 1752 Cett.
812 1716 887 1750 ΟΒ.
916 1732 963 1742 -·
1008 1717 1209 1756 desiderat,
1243 1720 1458 1760 exspectat,
1498 1713 1573 1748 sibi

16 1767 18 1785 ²
116 1763 314 1809 promittit.
349 1781 395 1788 —
441 1763 529 1796 belh·
555 1774 636 1806 par.
661 1773 782 1806 caus.,
822 1774 882 1796 um
907 1761 1275 1806 Kriegesrnstungen
1300 1773 1345 1795 zu
1370 1760 1576 1795 veraustal-

117 1816 193 1845 ten.
219 1828 263 1834 —
302 1819 516 1853 quamquam
539 1808 648 1852 haec,
674 1820 769 1851 quae
787 1808 980 1843 aeaesare
1004 1810 1111 1852 fiant,
1138 1809 1270 1842 Casars
1285 1809 1573 1850 Anmassungen.

119 1875 163 1881 —-
192 1867 248 1889 me
271 1859 407 1897 movet,
441 1856 506 1888 auf
526 1855 624 1888 mich
648 1854 771 1889 wirkt.
799 1873 842 1879 —
891 1865 981 1888 unus
1004 1858 1082 1899 vir,
1114 1853 1327 1898 Pompeius.
1352 1873 1396 1879 ’-
1437 1863 1514 1886 rem
1534 1863 1572 1896 p.

119 1913 262 1946 rec-up„
302 1901 349 1934 da
373 1911 415 1934 er
438 1900 501 1934 die
524 1900 715 1945 Republik
745 1907 865 1935 retten
889 1901 985 1935 will.
1020 1920 1063 1926 —
1111 1901 1310 1945 „Totiesne
1333 1925 1342 1933 .
1362 1925 1374 1939 .,
1390 1924 1399 1933 .
1424 1900 1576 1941 mutas'',

120 1948 203 1981 dem
230 1947 382 1981 Attikus
415 1945 453 1980 in
487 1946 558 1981 den
588 1945 704 1981 Mund
735 1947 892 1991 gelegte
921 1948 1069 1985 Worte.
1095 1966 1141 1972 —
1188 1949 1277 1991 quin
1308 1957 1354 1978 =
1387 1944 1453 1988 qui
1485 1955 1574 1979 non.

120 1994 159 2029 S.
183 1994 335 2028 Ramsh.
360 1994 388 2035 §.
405 1994 493 2036 185,
526 1995 559 2027 l.
601 1992 743 2026 Grotef.
771 1994 797 2036 §.
815 1994 901 2035 404,
933 1995 969 2029 3·-
1001 2013 1044 2020 —
1092 1995 1214 2037 varie,
1255 1993 1315 2026 fiir
1343 1991 1421 2024 und
1442 1990 1576 2024 wider.

119 2059 166 2066 -
195 2040 314 2074 Simul
337 2043 382 2072 et.
414 2039 513 2073 Nota
537 2040 609 2072 hbc
633 2042 678 2072 et.
704 2037 897 2074 ORELLL
923 2044 957 2073 et
978 2052 1026 2074 =
1048 2040 1169 2074 etiam.
1209 2038 1249 2073 S.
1273 2038 1422 2072 Ramsh.
1447 2037 1477 2080 ξ.
1494 2037 1575 2077 179,

118 2087 164 2129 Β,
189 2097 223 2129 a,
249 2086 283 2120 2.
324 2085 473 2119 Grotef.
497 2086 525 2129 ἓ.
542 2086 624 2127 359,
648 2085 683 2118 2.
706 2104 752 2111 -
796 2088 832 2119 si
852 2089 989 2130 manet»,
1021 2086 1135 2120 damit
1158 2084 1238 2126 ich,
1263 2095 1375 2118 wenn
1397 2083 1456 2119 sie
1476 2082 1577 2117 noch

120 2132 183 2167 die
209 2131 341 2175 vorige
365 2131 432 2172 ist,
465 2131 573 2165 desto
598 2132 712 2166 fester
734 2130 845 2165 dabei
869 2132 1058 2167 verharre.

211 2181 246 2214 3.
284 2178 459 2212 Lentulus
490 2177 678 2223 Spinther.
710 2196 756 2205 -·
808 2178 988 2212 audimus.
1020 2179 1107 2212 Asc.
1137 2188 1195 2222 pr.
1227 2177 1447 2210 audivimus.
1490 2174 1576 2209 Non

122 2224 321 2269 displicet,
359 2225 431 2259 etsi
462 2224 498 2258 h.
525 2224 552 2258 l.
588 2223 737 2257 defendi
770 2229 894 2268 potest
924 2230 1070 2269 tempus
1102 2233 1292 2268 praesenS.
1325 2223 1399 2256 ΟΒ.
1438 2240 1483 2248 —-
1529 2220 1578 2254 ad

124 2271 258 2304 urbem.
313 2270 439 2305 Locus
472 2277 680 2314 corruptus.
727 2268 791 2304 Sic
823 2270 900 2304 Md.
942 2271 1036 2305 Item
1066 2270 1165 2306 Vict.
1198 2272 1228 2304 1.
1258 2270 1295 2303 2.
1329 2269 1449 2311 Man,
1488 2265 1576 2300 scd:

125 2319 333 2350 accessisset
358 2327 438 2350 cum
453 2316 552 2350 Edd.
575 2322 664 2350 vett.
699 2314 869 2350 Omnium
887 2316 1049 2350 maxime-
1069 2317 1192 2360 placet
1214 2315 1312 2349 ratio
1327 2314 1445 2349 Iunii:
1471 2313 1577 2346 modo

125 2373 201 2396 esse
231 2363 271 2396 in
299 2362 490 2396 Tiburtino
515 2362 666 2406 Lepidi,
706 2363 813 2396 modo
844 2373 923 2396 cum
957 2363 1107 2408 Lepidis
1137 2362 1329 2396 accessisse
1362 2361 1413 2394 ad
1439 2358 1578 2399 urbem,

126 2410 208 2444 scil.
241 2419 321 2442 cum
351 2409 415 2442 M’.
446 2408 583 2453 Lepidi
614 2409 729 2442 fratre
760 2415 798 2443 et
828 2407 908 2442 filio
941 2409 1002 2451 (Q.
1037 2408 1200 2443 Aemilio
1236 2406 1382 2453 Lepido
1418 2404 1579 2449 Ruperti

130 2455 242 2490 Tabb.
269 2465 306 2499 p.
323 2454 407 2496 21.).
451 2455 530 2489 Nec
560 2455 675 2488 multo
708 2453 819 2489 aliter
842 2455 932 2488 Ern.
958 2454 1167 2500 suspicatus
1193 2461 1266 2488 est:
1299 2454 1382 2486 inde
1406 2462 1487 2486 cum
1510 2451 1580 2485 Le-

160 2502 226 2535 ‘dfs
249 2500 442 2534 accessisse
465 2501 513 2534 ad
537 2501 674 2534 urbem.
700 2506 784 2537 cett.
812 2500 1009 2536 ORELM.
1033 2520 1078 2527 —
1116 2500 1233 2536 nescio
1258 2510 1325 2543 quo
1349 2507 1397 2532 εε-
1420 2497 1457 2530 in
1473 2508 1580 2540 quem

123 2513 265 2583 fdcum.
309 2546 350 2581 S.
383 2546 532 2581 Ramsh.
565 2547 696 2592 §.2032
727 2547 800 2589 1·v‚
832 2550 872 2589 1,
901 2557 932 2581 a.
966 2565 1010 2572 —-
1055 2549 1189 2586 maris,
1222 2545 1284 2579 die
1309 2544 1504 2580 Seekiiste.
1537 2563 1582 2570 —

130 2605 174 2628 ne
198 2594 258 2637 id,
290 2591 455 2636 Madvig.
484 2594 517 2627 1.
549 2603 585 2635 p.
612 2594 667 2630 16.
701 2604 747 2628 ne
766 2595 812 2628 is.
847 2612 889 2618 --
937 2595 1060 2628 etiam.
1105 2593 1169 2628 Sic
1192 2591 1346 2634 Madvig
1370 2591 1397 2625 1.
1423 2590 1449 2624 l·
1487 2591 1584 2625 enim

132 2641 228 2675 Cett.
266 2639 339 2672 ΟΕ.
378 2656 420 2663 —-
468 2639 511 2672 dc
535 2637 611 2680 filie
627 2663 637 2680 ‚
669 2639 760 2674 Was
785 2650 849 2674 aus
873 2640 956 2674 dem
982 2639 1108 2674 Sohne
1134 2639 1199 2672 des
1226 2637 1414 2671 Domitius
1439 2647 1587 2680 gewor-

133 2687 224 2728 den,
255 2685 330 2719 wie
357 2695 396 2717 cs
422 2684 496 2719 ihm
525 2694 710 2728 ergangen
737 2685 795 2720 ist.
821 2704 865 2712 —
912 2686 1118 2727 molestum,
1153 2684 1258 2717 ienen
1285 2684 1586 2727 unangenehmen

134 2731 325 2768 Umstand.
361 2749 404 2755 —-
459 2730 639 2764 redditam
668 2742 689 2766 a
721 2732 890 2768 Caesare.
939 2732 1098 2767 Falsum.
1146 2731 1236 2764 Nam
1274 2729 1458 2764 redditam
1494 2741 1516 2765 a
1551 2743 1590 2764 se
