1795 3043
439 81 753 130 EPISTOLA
789 82 1174 133 CCCLXXVIII.
1438 90 1541 138 535

72 193 365 296 qutoniamvelst
392 194 520 238 homo
549 197 592 237 et
619 207 696 236 nos
724 193 885 248 diligit,
915 195 1007 249 ipse
1037 208 1207 249 quoque
1235 210 1261 238 a
1289 194 1412 238 nobis
1442 197 1538 239 dili-

70 265 122 306 ga
145 267 204 295 ur.
297 266 321 295 a
341 265 377 295 e.

200 401 517 450 EPISTOLA
553 403 928 450 CCCLXXVIII.
965 402 1048 462 (ad
1065 403 1157 449 Att.
1193 404 1249 449 X.
1286 402 1422 462 12.)'

182 489 265 526 Ser.
302 491 341 526 in
365 491 530 527 Cumano
554 491 627 526 111.
651 492 748 528 Non.
774 491 862 527 Mai.
888 493 934 526 A.
961 490 1006 526 U.
1035 491 1076 526 C.
1103 492 1182 526 705.
1218 493 1256 535 (a
1280 491 1321 526 C.
1345 491 1418 533 49.)

66 556 185 593 Dolet
215 559 290 594 sibi
326 560 421 595 nihil
453 572 601 603 eorum,
639 571 735 605 quae
766 559 992 604 cogitaverit
1023 559 1071 593 de
1102 559 1259 601 itinere,
1299 557 1531 604 procedere;

68 610 190 640 tamen
214 612 277 640 aut
301 606 339 640 vi
363 614 426 641 aut
450 608 543 641 clam
568 607 769 650 agendum,
814 614 853 641 ut
879 607 986 641 exire
1012 606 1122 641 Italia
1145 607 1279 652 possit⁴
1327 606 1538 640 Praeterea·

180 651 227 686 de
250 653 432 698 periculis
455 653 607 688 Caesari
632 653 932 698 impendentibus
957 659 994 687 et
1018 653 1065 687 de
1091 654 1135 689 Q.
1163 653 1234 688 filii
1261 652 1416 697 regendi

433 710 521 734 cura
550 711 571 734 a
595 710 636 734 se
661 707 835 746 suscepta
865 700 1008 734 scribit.
1045 701 1162 736 1—7.

554 768 742 803 CICERO
775 769 966 804 ATTICO
991 768 1033 804 S.

4 867 5 871 ,
177 824 385 874 Quidnam
424 828 530 868 mihi
566 829 756 868 futurum
795 828 887 869 est?
946 830 1018 869 aut
1055 827 1153 880 quis
1180 839 1249 868 me
1277 838 1362 867 non
1393 827 1529 866 solum

0 933 1 938 Ἰ
63 881 303 932 infelicior,
344 884 418 924 sed
445 885 530 925 iam
559 885 684 925 etiam
713 884 915 938 turpior?
972 885 1234 926 Nominatim
1271 884 1323 925 de
1351 895 1418 923 me
1447 882 1530 923 sibi

0 950 1 962 ¹
62 941 320 992 imperatum
350 942 454 982 dicit
483 942 712 992 Antonius,
750 956 830 983 nec
861 955 929 983 me
958 944 1097 983 tamen
1127 944 1220 995 ipse
1249 942 1388 982 adhuc
1417 939 1533 981 vide-

61 999 151 1050 rat,
179 997 252 1038 sed
282 999 364 1038 hoc
386 998 585 1040 Trebatio
615 1001 818 1040 narravit.
879 1000 988 1046 Quid
1011 1013 1129 1052 agam
1157 1011 1298 1046 nunc,
1331 997 1401 1038 cui
1420 997 1533 1037 nihil

60 1054 256 1107 procedit
299 1056 541 1106 caduntque
584 1069 654 1108 ea,
702 1069 810 1107 quae
847 1057 1167 1108 diligentissime
1203 1057 1301 1096 sunt
1331 1055 1529 1107 cogitata,

0 1156 1 1169 ἱ
60 1112 335 1152 taeterrime?
391 1113 483 1165 Ego
524 1113 635 1152 enim
667 1113 891 1153 Curionem
929 1115 1079 1153 nactus
1119 1114 1262 1152 omnia
1291 1124 1356 1152 me
1387 1123 1532 1150 conse-

0 1219 1 1224 1
60 1169 206 1209 cutum
224 1168 386 1220 putavi.
435 1169 478 1209 Is
507 1168 558 1209 de
582 1182 646 1209 me
677 1170 727 1210 ad
748 1170 1023 1210 Hortensium
1053 1171 1294 1222 scripserat.
1347 1168 1531 1220 Reginus

0 1231 1 1263 ἲ
59 1227 151 1266 erat
180 1226 293 1265 totus
321 1226 480 1265 noster.
539 1227 653 1267 Huic
684 1227 794 1266 nihil
824 1226 1145 1279 suspicabamur
1184 1239 1282 1267 cum
1311 1226 1394 1265 hoc
1422 1224 1530 1265 mari

58 1282 219 1335 negotii
255 1283 362 1322 sore.
421 1283 512 1330 Quo
550 1295 618 1322 me
656 1294 770 1323 nunc
813 1282 1012 1325 vertam?
1069 1282 1268 1336 Undique
1298 1281 1529 1324 custodior.

59 1339 144 1379 Sed
181 1339 283 1379 satis
325 1339 531 1379 lacrimis.
591 1336 778 1388 Πάρωρα
814 1341 1009 1381 πλευτὲον
1042 1340 1175 1393 igitur
1203 1342 1245 1380 et
1274 1340 1445 1380 occulte
1482 1339 1580 1383 in'2

61 1397 250 1447 aliquam
279 1397 517 1436 onerariam
557 1396 890 1449 corrependum:
943 1410 1028 1438 non
1059 1396 1431 1443 committendum,
1482 1397 1531 1437 ut

58 1454 186 1494 etiam
217 1455 442 1506 compacto
464 1453 672 1506 prohibiti
692 1454 923 1494 videamur.
983 1454 1133 1495 Sicilia
1162 1453 1364 1507 petenda:
1405 1465 1533 1504 quam

60 1511 96 1550 si
127 1511 285 1551 erimus
314 1510 455 1558 nacti,
497 1511 659 1551 maiora
690 1511 895 1561 quaedam
928 1523 1254 1562 consequemur.
1314 1511 1379 1550 Sit
1406 1510 1532 1551 modo

57 1569 176 1609 recte
205 1567 250 1607 in
279 1567 522 1620 Hispaniis!
582 1569 844 1619 Quamquam
890 1568 943 1607 de
981 1568 1073 1620 ipsa
1104 1567 1257 1608 Sicilia
1285 1568 1447 1607 utinam
1478 1567 1533 1607 sit

60 1689 252 1733 Ciceroni,
289 1690 394 1724 nullo
421 1688 577 1724 hon01is
603 1689 712 1723 titulo
739 1689 880 1723 addito.
906 1689 1014 1724 SCH.
1040 1709 1084 1715 —
1119 1693 1172 1723 est
1196 1689 1337 1724 homo
1326 1703 1352 1726 1.
1379 1701 1411 1725 e.
1438 1701 1534 1734 quo-

56 1735 176 1779 niam,
207 1742 249 1769 ut
272 1735 406 1780 video,
442 1735 694 1779 commodius,
720 1735 917 1770 humanius
941 1734 1137 1769 nobiscum
1163 1736 1266 1780 egit,
1292 1748 1401 1782 quam
1425 1742 1534 1782 puta·

57 1781 381 1872 bamlstquJiior,
422 1827 490 1861 der
520 1827 794 1862 schmahlicher
823 1827 1028 1862 behandelt
1059 1827 1169 1862 wird.
1209 1846 1254 1854 —-
1300 1828 1533 1872 imperatum,

58 1886 106 1908 ne
130 1873 275 1908 scilicet
299 1886 356 1907 me
381 1873 490 1907 Italia
515 1874 622 1908 exire
648 1875 821 1918 patiatur.
853 1874 962 1908 SCH.
989 1892 1035 1898 —
1069 1875 1204 1908 cadunt
1229 1900 1238 1909 .
1260 1900 1269 1908 .
1287 1900 1296 1910 .
1321 1877 1532 1908 taeterrime

59 1920 271 1964 (deterrime
296 1920 385 1954 Cld.
402 1921 514 1963 Reg.)
529 1946 538 1963 ‚
566 1920 639 1953 und
667 1921 748 1954 dem
775 1920 837 1954 die
860 1919 1095 1964 sorgfaltigst
1114 1920 1391 1964 ausgedachten
1410 1922 1531 1956 Plane

58 1966 277 2001 scliiindlich
303 1978 347 2000 zu
375 1968 531 2000 VVasser
556 1966 720 2001 werden.
746 1986 791 1991 —
840 1967 1038 2000 Curionem
1063 1971 1208 2010 nactus,
1242 1967 1307 2010 qui
1329 1967 1421 2001 mihi
1445 1978 1532 2001 cur-

57 2024 138 2048 sum
163 2024 233 2057 per
259 2012 428 2046 Siciliam
457 2023 498 2045 se
523 2023 787 2046 concessurum
821 2013 1034 2047 liberaliter
1060 2013 1295 2056 promiserat.
1329 2014 1436 2048 SCH.
1485 2013 1527 2048 S.

59 2071 118 2104 ep.
142 2060 232 2102 376,
267 2060 302 2093 3.
350 2059 440 2101 374,
474 2060 526 2093 10.
579 2060 669 2101 370,
705 2061 738 2093 l.
779 2077 823 2084 —
873 2060 922 2092 ad
951 2059 1210 2101 Hortensium,
1252 2066 1310 2101 ut,
1354 2059 1529 2102 quoniam

57 2105 170 2140 inferi
193 2105 309 2139 maris
333 2115 420 2149 pars
458 2105 493 2138 ei
520 2104 714 2139 commissa
740 2110 857 2148 esset,
896 2116 1013 2139 meam
1038 2104 1313 2149 navigationem
1340 2116 1386 2139 ne
1411 2106 1530 2150 impe-

58 2151 170 2186 diret.
194 2151 403 2186 MANUT.
445 2152 572 2185 Ueber
598 2152 642 2186 Q.
673 2151 913 2195 Hortensius,
940 2151 1006 2184 des
1030 2150 1204 2185 Redners
1231 2152 1274 2187 Q.
1303 2152 1528 2187 Hortensius

60 2198 164 2232 Sohn
181 2224 190 2240 ‚
223 2209 252 2231 5.
279 2209 339 2242 ep.
356 2198 450 2241 264,
475 2199 508 2232 9.
555 2199 648 2240 366,
674 2200 708 2233 6.
756 2197 925 2241 Philipp.
952 2198 1009 2238 X,
1037 2198 1070 2232 5.
1096 2198 1131 2232 6.
1164 2217 1210 2222 -
1257 2198 1434 2240 Reginus.
1482 2198 1527 2232 L.

26 2255 30 2258 ⁴
57 2244 243 2279 Minutius
266 2244 416 2277 Basilus
452 2244 515 2286 qui
550 2255 668 2285 nunc,
710 2244 782 2278 nisi
814 2244 947 2285 fallor,
985 2243 1119 2277 Latine
1145 2244 1319 2286 Reginus.
1369 2245 1406 2279 Is
1431 2243 1530 2277 enim

60 2297 98 2324 et
122 2290 202 2333 ipse
226 2290 272 2323 ad
297 2290 455 2324 inferum
480 2301 580 2324 mare
606 2290 788 2324 militibus
813 2289 990 2334 praefuit.
1040 2291 1148 2325 Oros.
1175 2291 1279 2325 Libr.
1302 2291 1386 2335 VI,
1418 2301 1450 2324 e.
1471 2291 1528 2324 15.

59 2336 280 2371 CORRAD,
305 2354 349 2361 —
388 2337 508 2379 Huic,
541 2337 719 2371 Antonio.
751 2336 790 2371 S.
819 2347 878 2380 ep.
896 2337 986 2379 376,
1013 2337 1046 2371 2.
1074 2355 1119 2362 —
1153 2336 1220 2372 hoc
1245 2339 1363 2379 mari,
1392 2336 1528 2380 iniero,

58 2381 127 2418 mit
150 2382 234 2417 dem
259 2382 540 2417 Toscanischen
563 2384 704 2418 Meeie.

149 2430 185 2466 2.
225 2429 394 2462 lacvimis
418 2429 539 2463 datum
567 2437 642 2463 est.
672 2427 903 2463 indulsimus.
929 2445 976 2454 -·
1006 2428 1114 2483 Πιὲρ.
1141 2430 1209 2463 πλ.
1200 2451 1228 2468 .,
1262 2433 1413 2473 praetei
1438 2434 1531 2462 tem-

61 2484 131 2519 pus
145 2474 308 2509 nondum
324 2482 453 2519 apeito
478 2476 569 2510 ma1i
586 2475 843 2519 navigandum.
870 2475 1056 2510 GRAEI
1076 2495 1121 2499 —
1146 2479 1344 2518 compacto.
1371 2475 1528 2508 Occulto

62 2522 149 2555 hinc
173 2521 300 2573 cogito
327 2521 545 2565 discedere,
572 2533 618 2555 ne
644 2533 760 2556 meam
776 2521 1045 2565 prosectionem
1072 2520 1287 2556 Caesariani
1312 2521 1528 2555 resciscant.

61 2567 154 2601 Nam
172 2567 204 2601 si
219 2567 257 2601 id
271 2567 479 2611 accideret,
506 2568 688 2613 suspicaii
705 2567 908 2612 Pompeius
930 2573 1058 2612 posset
1083 2567 1222 2600 accidis
1207 2578 1266 2600 se
1291 2578 1349 2600 me
1364 2567 1529 2619 volente,

63 2613 129 2656 qui
153 2614 274 2658 palam
300 2615 490 2665 protectus
516 2626 660 2653 essem,
691 2622 732 2648 ut
757 2613 973 2657 impedirer.
1022 2614 1105 2647 Non
1131 2612 1433 2646 committendum
1459 2613 1530 2657 igi-

64 2667 123 2693 tur
148 2666 226 2703 est,
261 2664 302 2692 ut
325 2659 456 2694 xidear
479 2667 672 2712 compacto
698 2660 923 2705 prohibitus.
958 2660 1066 2694 SGH.
1102 2678 1144 2684 -
1192 2660 1250 2694 Sze
1282 2660 1387 2692 modo
1420 2663 1530 2701 recte,

63 2716 173 2740 wenn
199 2715 240 2740 es
266 2717 335 2740 nur
360 2706 397 2741 in
422 2705 474 2751 Sl
479 2707 586 2740 anien
612 2714 677 2750 gut
701 2707 838 2751 ginge!
862 2724 907 2733 —-
953 2707 996 2740 tle
1020 2705 1175 2747 Sicilia,
1210 2716 1429 2748 quamquam
1455 2707 1532 2739 101-

65 2758 165 2788 tasse
191 2751 308 2786 Curio
334 2751 501 2787 Siciliam
528 2753 704 2788 amiserit
754 2752 864 2790 Quod
898 2751 1034 2786 utinam
1068 2752 1120 2786 ita
1144 2731 1213 2786 sit!
1248 2753 1306 2785 M
1305 2751 1455 2787 mm.
1488 2770 1531 2778 -
