1795 3043
328 53 643 104 EPISTOLA
685 52 1012 100 CCLxxxlv.
1058 53 1358 103 CCLxxxv.
1472 64 1574 112 289

109 167 368 216 rationibus,
412 180 517 220 quas
546 167 622 207 ille
649 178 762 207 meas
788 167 964 214 tractat,
997 165 1218 208 admisceri
1243 168 1357 211 nole.
1410 166 1572 223 Scripsi

111 227 164 268 ad
193 227 451 273 Terentiam,
482 223 634 275 scripsi
663 224 786 264 etiam
815 223 868 263 ad
897 223 1049 275 ipsum,
1081 237 1147 264 me
1176 224 1380 277 quidquid
1406 239 1571 280 possem

109 296 378 325 nummorum
414 281 467 322 ad
496 282 744 333 apparatum
782 280 938 333 sperati
976 280 1180 333 triumphi
1218 282 1270 322 ad
1300 284 1343 322 te
1379 284 1571 326 redactu-

110 353 219 382 rum.
290 341 375 380 Ista
412 340 516 390 puto
555 336 743 385 οέμεμπτοε
779 337 896 377 fore:
942 349 1088 377 verum
1130 340 1176 377 ut
1213 339 1388 380 lubebit.
1444 342 1568 384 Hanc

109 396 470 450 quoquesuscipe
500 406 666 442 curam,
716 393 1063 446 quemadmodum
1104 396 1379 446 experiamur.
1436 397 1485 438 Id
1526 401 1570 440 et

109 454 329 495 ostendisti
359 451 606 504 quibusdam
634 452 792 500 literis,
831 463 884 491 ex
912 450 1047 503 Epiro
1076 463 1130 492 an
1157 451 1335 494 Athenis
1364 454 1496 506 datis,
1525 457 1569 498 et

111 511 155 552 in
186 523 235 552 eo
266 522 343 564 ego
371 513 413 550 te
442 506 667 551 adiuvabo.

245 693 559 743 ErisTOLA
594 691 891 738 chxxxv.
944 676 1042 751 (aa
1063 692 1168 740 niv.
1203 694 1322 741 xvi.
1358 697 1428 755 1.)

233 782 329 825 (Ser.
358 782 396 816 in
421 772 557 815 itinere
581 781 652 816 111.
678 780 775 816 Non.
801 780 896 815 Nov.
921 781 966 815 A.
993 779 1037 815 U.
1063 780 1103 815 ο.
1128 782 1205 816 7⁰4.
1233 783 1280 826 (a.
1308 783 1349 818 c,
1375 784 1452 828 50.)

110 849 224 886 Suum
256 849 486 883 desiderium
512 849 664 892 Tironi,
696 860 805 892 quem
829 847 955 884 Patris
981 855 1172 893 aegrotum
1197 852 1422 897 reliquerat,
1448 853 1565 900 signi-

198 895 286 929 ficat
310 895 421 939 eique
446 895 670 929 valetudinis
695 907 822 929 curam
847 894 1048 939 diligenter
1073 898 1313 933 commendat.
1339 901 1359 934 1
1377 919 1421 926 —
1438 902 1472 937 3.

110 964 326 999 TULLIUS
352 964 534 999 TIRONI
558 963 655 999 SUO
681 964 718 999 S.
743 964 788 998 P.
816 964 865 998 D.
893 963 1078 999 CICERO
1102 963 1241 1000 MEUS
1264 967 1332 1002 ET
1360 968 1567 1008 FRATER

611 1011 679 1044 ET
714 1010 937 1045 FRATRIS
968 1010 1066 1045 FIL.

223 1081 374 1122 Paullo
412 1080 581 1121 facilius
620 1081 766 1133 putavi
805 1093 927 1134 posse
961 1093 1027 1121 me
1057 1082 1170 1122 ferre
1208 1082 1460 1128 desiderium
1488 1085 1567 1140 tui,

111 1137 182 1178 sed
210 1139 337 1190 plane
359 1150 442 1178 non
465 1140 579 1187 sero;
610 1139 652 1178 et
667 1150 918 1190 quamquam
935 1139 1135 1191 magniad
1156 1141 1359 1182 honorem
1377 1146 1568 1188 nostrum

109 1195 307 1243 interest,
349 1206 475 1246 quam
510 1194 692 1247 primum
731 1195 784 1236 ad
819 1195 967 1235 urbem
996 1207 1063 1235 me
1091 1198 1260 1251 venire,
1302 1200 1442 1240 tamen
1472 1214 1569 1255 pec-

110 1263 226 1292 casse
254 1251 360 1292 mihi
389 1251 558 1302 videor,
593 1252 668 1302 qui
697 1265 720 1291 a
748 1253 790 1291 te
829 1251 1114 1302 discesserim3
1151 1254 1225 1294 sed
1261 1256 1361 1306 quia
1396 1259 1471 1298 tua
1500 1271 1571 1300 vo-

108 1308 250 1348 luntas
280 1321 330 1348 ea
357 1307 581 1348 videbatur
619 1319 729 1360 esse,
765 1309 813 1347 ut
842 1321 1035 1360 prorsuS,
1082 1309 1165 1350 nisi
1205 1311 1449 1356 confirmato
1479 1328 1571 1357 cor-

112 1456 200 1488 Asc.
224 1455 258 1488 l.
283 1453 382 1488 Crat.
415 1451 516 1489 Vict.
540 1453 572 1486 1.
605 1462 685 1485 cum
716 1451 784 1486 his.
804 1470 850 1477 -
890 1462 1008 1495 mea-³,
1046 1464 1105 1486 wo
1138 1464 1222 1488 man
1257 1463 1436 1493 erwartet
1468 1459 1571 1496 hatte

111 1511 191 1533 cum
216 1500 266 1532 iis
288 1500 378 1532 meis
411 1497 633 1539 rationibus,
672 1508 761 1542 quas
793 1497 859 1530 ille
889 1497 1113 1532 Philotimus
1146 1504 1302 1545 tractat,
1336 1511 1446 1539 unter
1469 1507 1572 1541 Han·

111 1546 183 1579 den
210 1546 284 1579 hat.
317 1544 355 1579 S.
382 1544 533 1579 Ramsh.
559 1544 586 1585 §.
608 1544 687 1585 159,
706 1546 742 1587 3,
764 1543 818 1586 d).
839 1562 880 1568 —
922 1555 979 1577 me
1004 1569 1012 1578 .
1029 1569 1038 1578 .
1055 1570 1062 1578 .
1089 1546 1138 1579 ad
1162 1550 1195 1580 te
1219 1549 1474 1595 redacturum,
1507 1553 1571 1588 ich

111 1591 243 1626 xviirde
268 1591 360 1624 alles
385 1590 501 1632 Geld,
538 1600 614 1623 was
639 1589 700 1623 ich
723 1600 794 1623 nur
818 1588 947 1623 immer
970 1590 1192 1635 aufbringen
1216 1593 1376 1638 minute,
1410 1608 1478 1632 zur
1497 1599 1572 1633 Be·

111 1638 297 1681 streitung
321 1636 388 1670 der
411 1636 554 1670 Kosten
578 1635 718 1669 melnes
742 1635 952 1670 verhofflen
977 1636 1181 1683 Triumphs
1205 1650 1261 1673 an
1286 1641 1407 1676 Dich
1431 1645 1573 1681 anwei-

111 1694 189 1718 sen,
210 1702 252 1708 -—-
292 1684 515 1727 ἄμεμπτα,
548 1692 621 1714 non
652 1681 866 1715 accusanda.
913 1681 955 1716 Si
980 1683 1027 1716 ad
1061 1689 1097 1717 te
1131 1686 1290 1728 pecunia
1322 1687 1358 1721 in
1392 1690 1570 1736 triumphi

109 1734 328 1774 apparatum
354 1728 564 1771 redigetur,
589 1738 663 1761 non
689 1727 762 1761 erit
787 1727 886 1771 quod
910 1728 1045 1762 factum
1070 1740 1190 1764 meum
1213 1732 1439 1770 Philotimus
1463 1748 1573 1772 accu-

113 1782 169 1810 set
193 1782 364 1817 tanquam
389 1773 424 1807 ei
449 1784 521 1807 non
546 1773 788 1817 confidentis,
815 1784 925 1818 quum
951 1780 1006 1815 te,
1033 1785 1106 1807 non
1132 1778 1319 1823 quemvis,
1343 1780 1400 1816 illi
1425 1785 1573 1827 praese-

113 1832 191 1855 ram
217 1821 252 1854 in
280 1831 320 1854 re
345 1818 579 1864 triumphali,
605 1830 679 1852 non
703 1819 916 1854 domestica.
941 1820 1148 1857 MANUT.
1166 1842 1211 1848 -—
1248 1836 1371 1860 verum
1401 1832 1440 1861 ut
1472 1830 1573 1864 lube·

114 1868 177 1900 bit.
220 1868 363 1902 Verum
397 1865 428 1899 si
461 1865 507 1898 de
533 1875 575 1898 ea
606 1876 647 1899 re
673 1865 781 1908 queri
805 1865 1032 1901 Philotimus
1056 1868 1176 1912 volet,
1209 1869 1341 1914 faciat;
1373 1884 1454 1908 mea
1477 1875 1572 1911 nihil

113 1913 154 1947 id
186 1913 318 1954 resert3
357 1911 465 1944 facile
504 1910 637 1955 patior.
670 1912 776 1945 SCH.
802 1929 847 1938 —
900 1913 1062 1956 quemad.
1095 1925 1237 1960 emper„
1273 1917 1347 1952 hilf
1376 1920 1446 1954 mir
1477 1922 1572 1957 auch

116 1959 248 1992 darauf
275 1957 440 1999 denken,
472 1957 546 1990 wie
579 1957 650 1992 wir
680 1958 786 1991 Alles
817 1968 883 1992 aus
918 1958 993 1992 ihm
1030 1959 1301 1997 herauslocken
1326 1966 1400 2000 und
1425 1966 1500 2002 ihm
1524 1978 1572 2003 zu

114 2004 235 2039 Βεὼρ
266 2004 386 2047 gehen
415 2003 585 2046 konnen5
626 2003 932 2046 quemadmodum
965 2005 1012 2039 de
1045 2006 1237 2043 fraudibus
1261 2010 1459 2048 Philotimi
1490 2014 1574 2050 iure

115 2049 374 2095 experiamur,
411 2060 567 2092 eumque
600 2055 640 2082 ut
672 2049 762 2083 mihi
796 2049 944 2094 reddat,
984 2052 1083 2095 quod
1118 2053 1351 2100 intervertit,
1387 2070 1573 2104 cogamus.

116 2096 291 2140 Experiri
314 2106 425 2139 saepe
450 2094 671 2139 simpliciter
696 2094 785 2140 poni
811 2107 881 2141 pro
905 2097 987 2131 iure
1012 2100 1187 2143 experiri,
1212 2102 1294 2144 lege
1309 2113 1422 2145 agere
1445 2112 1573 2141 notum

117 2148 184 2176 est.
211 2141 316 2175 SCH.
354 2141 442 2184 Vgl.
468 2141 673 2175 Forcellini
698 2141 830 2176 Lexic.
858 2148 925 2176 tot.
950 2143 1031 2178 Lat.
1058 2146 1148 2181 Vol.
1166 2146 1204 2180 11
1229 2149 1296 2182 sub
1322 2150 1356 2185 h.
1381 2161 1414 2184 v.
1441 2171 1484 2178 —
1526 2154 1575 2188 Id

116 2191 162 2221 et.
193 2188 276 2221 Non
301 2192 357 2221 est
381 2187 628 2221 necessarium
654 2192 693 2220 ut
718 2191 756 2220 tu
781 2188 983 2223 inseratur:
1010 2200 1091 2223 nam
1115 2202 1184 2234 ego
1218 2193 1254 2227 in
1286 2206 1390 2240 seqq.
1416 2208 1574 2244 respon-

117 2233 181 2266 det
204 2244 238 2266 ν.
266 2237 318 2275 te,
351 2243 419 2266 nec
443 2234 478 2267 h.
506 2234 530 2268 l.
555 2233 830 2277 oppositionem
855 2245 889 2267 v.
916 2239 954 2269 tu
978 2237 1150 2279 requirit,
1179 2240 1432 2277 ORELLI.———
1456 2249 1573 2279 osten-

117 2279 225 2320 disti,
256 2279 318 2312 Du
349 2279 430 2312 hast
461 2279 530 2313 mir
568 2279 676 2313 einen
708 2280 826 2314 Wink
863 2280 1024 2315 dariiber
1063 2285 1245 2328 gegeben.
1267 2304 1313 2313 —
1353 2300 1397 2322 ex
1426 2291 1494 2335 Ep.
1526 2302 1575 2325 an

115 2324 271 2359 Athenis
297 2325 429 2358 dubius
454 2336 542 2359 sum.
564 2343 609 2350 —
640 2330 673 2359 et
697 2326 735 2359 in
761 2337 800 2359 eo
825 2337 893 2369 ego
912 2331 944 2361 te
969 2329 1149 2364 adiuvabo
1181 2333 1466 2378 suppeditandis
1490 2337 1571 2372 scil.

66 2383 71 2389 ·
117 2370 164 2404 ad
190 2369 479 2404 convincendum
504 2370 746 2406 Philotimum
772 2373 1011 2416 argumentis.
1038 2375 1146 2411 SCH.

211 2426 398 2460 TIRONI.
448 2427 603 2470 Dieser,
629 2435 705 2462 erst
730 2428 865 2472 Sklav‚
890 2431 986 2464 dann
1011 2432 1316 2478 Freigelassener
1341 2437 1405 2472 des
1426 2438 1573 2481 Cicero,

118 2483 197 2505 war
232 2472 350 2506 durch
387 2473 704 2517 Gelehrsamkeit,
749 2476 874 2510 Treue
911 2477 983 2511 und
1019 2481 1270 2523 angenehmen
1303 2484 1470 2528 Umgang
1506 2486 1574 2521 der

119 2518 293 2561 Liebling
325 2518 520 2553 desselben
553 2521 769 2563 geworden.
817 2522 920 2557 Nach
946 2523 1109 2559 Cicero⁷s
1134 2526 1240 2561 Tode
1270 2528 1332 2563 hat
1367 2541 1409 2564 er
1441 2531 1572 2566 dessen

119 2563 246 2599 Brieie
270 2564 315 2597 ad
342 2564 525 2598 Diversos
549 2567 766 2609 gesammelt
790 2568 863 2602 und
890 2569 1209 2615 herausgegeben.

211 2612 242 2643 l.
269 2610 317 2643 ad
340 2609 466 2644 honor.
493 2621 549 2653 n.,
583 2611 622 2645 in
645 2611 818 2647 Hinsicht
842 2615 908 2648 auf
927 2615 1072 2650 meinen
1090 2617 1284 2662 Triumph.
1300 2638 1344 2645 —-
1368 2622 1418 2654 ad
1438 2623 1574 2665 urbem,

121 2664 202 2689 vor
226 2656 320 2689 Rom
345 2656 630 2699 anzukommen,
661 2669 719 2690 wo
745 2670 786 2692 er
810 2661 876 2694 aut'
896 2660 968 2694 den
992 2662 1174 2709 Triumph
1199 2670 1342 2698 warten
1366 2674 1514 2704 musste.
1531 2688 1576 2695 --

87 2729 91 2732 .
118 2711 303 2744 peccasse,
335 2703 399 2746 qui
421 2713 467 2735 =
489 2713 667 2746 peccasse
691 2703 728 2737 in
753 2716 818 2748 eo,
845 2707 944 2749 quod
971 2718 1056 2751 ego.
1075 2727 1120 2735 ·-
1159 2710 1361 2755 navigare,
1393 2713 1491 2749 Dich
1515 2716 1579 2750 aus

180 2759 247 2789 cie.
271 2761 382 2788 Bricca
404 2770 437 2788 v.
460 2761 601 2791 Billorb.
624 2763 666 2790 11.
1219 2771 1276 2811 19
