1795 3043
531 25 847 74 EPISTOLA
890 27 1131 75 CCXXVI.
1463 35 1561 81 121

103 138 245 193 gustiis
275 140 317 180 et
345 140 496 182 natura
524 141 729 182 montium
755 141 890 181 fretus
920 140 973 181 ad
993 140 1202 182 Amanum
1225 141 1458 184 exercitum
1493 142 1563 184 ad-

103 197 201 237 duxi
238 198 340 238 satis
375 197 510 251 probe
553 200 746 238 ornatum
792 197 965 237 auxiliis
1004 201 1046 237 et
1084 198 1266 250 quadam
1305 200 1562 241 auctoritate

103 254 210 305 apud
241 266 333 302 eos,
366 255 438 307 qui
466 267 532 295 me
561 268 646 295 non
675 256 850 307 norant,
879 255 1063 295 nominis
1092 257 1236 296 nostri.
1287 257 1469 297 Multum
1499 259 1563 297 est

103 312 212 350 enim
242 311 285 350 in
318 312 384 352 his
412 312 542 352 locis:
584 312 798 360 „Hiccine
828 313 891 351 est
920 312 1007 361 ille,
1037 313 1109 363 qui
1140 313 1315 355 urbem?
1347 327 1472 366 quem
1502 327 1564 354 se-

101 367 275 408 nat.us?'’
306 369 416 409 nosti
442 371 600 410 cetera.
638 369 776 416 Quum
793 369 1000 409 venissem
1030 370 1083 409 ad
1101 370 1320 423 Amanum,
1351 372 1425 423 qui
1443 384 1563 413 mons

99 425 204 465 mihi
235 437 330 465 cum
351 425 505 466 Bibulo
535 427 768 467 communis
798 427 882 473 est,
925 426 1081 467 divisus
1119 440 1324 478 aquarum
1353 430 1563 481 divortiis,

101 482 266 522 Cassius
285 485 440 535 noster,
470 483 581 535 quod
610 484 713 524 mihi
742 496 916 536 magnae
946 485 1154 536 voluptati
1183 486 1278 536 suit,
1307 487 1493 526 feliciter
1508 486 1563 526 ab

98 537 335 580 Antiochea
363 541 527 580 hostem
557 542 765 581 reiecerat
776 555 789 590 3
821 541 999 581 Bibulus
1029 541 1293 593 provinciam
1323 545 1562 595 acceperat.

98 597 269 637 Interea
297 609 394 638 cum
423 598 526 638 meis
555 599 691 650 copiis
719 598 913 638 omnibus
933 599 1084 639 vexavi
1101 599 1390 652 Amanienses,
1418 601 1561 640 hostes
1585 604 1615 650 3

96 655 388 706 sempiternos.
446 654 574 695 Multi
603 655 750 708 occisi,
780 656 914 707 capti:
944 656 1099 707 reliqui
1127 656 1346 709 dissipati:
1386 659 1563 699 castella

97 711 262 751 munita
297 712 528 763 improviso
568 712 750 753 adventu
788 713 913 764 capta
953 713 995 752 et
1023 713 1212 755 incensa.
1275 714 1340 755 Ita
1379 715 1563 756 victoria

96 767 208 808 iusta
236 769 467 820 imperator
495 771 734 822 appellatus
762 770 874 821 apud
895 770 1027 810 Issum
1046 792 1104 798 —
1125 783 1208 821 quo
1231 770 1275 810 in
1297 772 1407 824 loco,
1437 785 1563 825 saepe

96 826 146 864 ut
175 837 226 866 ex
255 827 297 865 te
327 826 483 879 audivi,
513 827 753 868 Clitarchus
781 826 862 867 tibi
891 827 1080 867 narravit
1099 828 1284 868 Dareum
1310 829 1361 868 ab
1380 828 1563 869 Alexan-

97 882 174 922 dro
206 895 296 923 esse
324 886 587 936 superatum,
615 905 673 915 ·—-
710 883 867 925 abduxi
895 884 1127 924 exercitum
1157 885 1209 925 ad
1250 886 1563 926 infestissimam

98 939 278 980 Ciliciae
305 943 483 994 partem.
527 941 593 981 Ibi
614 941 810 994 quintum
841 942 883 982 et
909 941 1159 994 vigesimum
1188 942 1274 982 iam
1304 943 1412 983 diem
1443 956 1563 997 agge-

95 1075 383 1119 CCXXV,2.—
409 1078 661 1112 adAmammz.
687 1077 726 1112 S.
744 1088 790 1111 zu
805 1077 1062 1122 ep.CCXXII,
1076 1078 1129 1110 10.
1148 1077 1322 1119 CCXIX,
1335 1080 1367 1111 7.
1387 1077 1564 1121 CCXXI,

95 1123 118 1156 3
145 1133 199 1155 am
218 1123 312 1157 End.
330 1142 375 1147 —
406 1125 469 1168 qui
492 1135 548 1157 me
573 1135 642 1158 non
667 1128 821 1166 norant,
848 1123 909 1157 die
932 1124 1031 1157 mich
1056 1123 1234 1166 iibrigens
1259 1123 1361 1156 nicht
1386 1124 1562 1158 kannten.

95 1168 262 1211 Ingenue
288 1169 347 1203 bis
371 1171 497 1204 verbis
522 1170 657 1213 innuit,
683 1182 723 1204 se
747 1171 819 1205 sibi
846 1169 919 1214 ipsi
944 1181 1016 1202 non
1040 1181 1210 1213 magnum
1230 1169 1492 1214 imperatorem
1507 1170 1564 1205 vi-

97 1214 192 1249 deri.
230 1216 374 1249 Eodem
399 1228 508 1250 sensu
540 1218 596 1251 ad.
622 1218 737 1253 Attic.
755 1217 864 1260 XIV,
881 1218 923 1250 13
950 1215 1066 1249 utitur
1082 1216 1283 1249 Homerico
1309 1216 1394 1250 illo:
1433 1218 1564 1252 Τέκνον

97 1261 196 1303 ἐμὸν,
224 1263 267 1297 οὗ
291 1267 344 1297 τοὶ
367 1264 511 1298 δέδοται
534 1263 716 1307 πολεμήϊα
742 1266 845 1309 ἔργα.
883 1262 990 1296 SCH.
1016 1281 1059 1287 —
1084 1263 1247 1296 Multum
1274 1287 1282 1296 .
1309 1287 1317 1296 .
1338 1288 1346 1296 .
1373 1264 1477 1306 locis,
1501 1263 1564 1297 ich

97 1307 191 1340 hore
217 1308 298 1340 hier
322 1307 360 1341 in
386 1308 545 1342 Cilicien
570 1309 632 1341 die
656 1310 794 1347 Lente,
828 1319 938 1343 wann
964 1308 1018 1342 sie
1043 1308 1141 1342 mich
1166 1309 1298 1350 sellen,
1331 1309 1385 1342 oft
1411 1319 1457 1342 zu
1483 1309 1564 1343 ein-

99 1352 214 1386 ander
239 1364 352 1396 sagen
378 1365 455 1388 u.s.
470 1366 518 1388 W.
564 1355 836 1389 WIELAND:
862 1355 999 1397 „Denn
1027 1366 1065 1388 es
1090 1354 1209 1388 steckt
1234 1366 1302 1398 gar
1327 1355 1402 1388 viel
1428 1355 1464 1388 in
1491 1356 1563 1389 den

97 1400 291 1434 Worten.”
306 1419 349 1424 —
374 1401 436 1445 qui
452 1401 575 1434 urbem
600 1402 762 1435 servavit
787 1401 832 1434 ab
857 1401 1004 1435 insidiis
1020 1401 1215 1434 Catilinae.
1230 1420 1276 1425 —-
1301 1412 1402 1444 quem
1419 1407 1566 1435 senatus

98 1445 252 1479 decreto
279 1446 442 1480 laudavit
468 1447 864 1489 honorificentissimo,
891 1447 1166 1491 supplicatione
1194 1448 1345 1481 decreta
1370 1449 1417 1481 ob
1438 1459 1498 1481 res
1517 1449 1564 1482 ab

99 1503 144 1526 eo
170 1500 305 1536 gestas,
331 1505 438 1537 quem
464 1494 642 1527 honorem
667 1500 773 1527 antea
798 1499 945 1536 togatus
970 1504 1077 1526 nemo
1103 1500 1323 1527 consecutus
1345 1500 1435 1528 erat.
1461 1495 1565 1529 MA-

98 1538 219 1573 NUT.
248 1539 344 1575 Quin
369 1546 476 1584 pater
500 1540 644 1585 patriae
668 1540 876 1573 nominatus
902 1546 967 1573 est.
993 1540 1084 1573 Was
1110 1539 1192 1572 hier
1207 1540 1371 1584 supplirt
1395 1541 1455 1584 ist,
1481 1552 1566 1575 ver-

99 1586 197 1618 steht
223 1597 264 1619 er
289 1591 397 1620 unter
423 1586 575 1620 Cetera:
609 1587 728 1630 „Was
751 1586 813 1620 ich
837 1586 1036 1629 weglasse,
1061 1586 1190 1619 weisst
1214 1586 1313 1620 Du.’'
1330 1606 1372 1611 —
1406 1598 1567 1621 comma-

97 1631 157 1664 m's
181 1635 252 1676 est,
285 1644 396 1676 quum
422 1632 502 1666 eius
526 1644 613 1678 pars
638 1633 684 1667 ad
711 1633 859 1679 Syriam
874 1632 1004 1666 Bibuli
1029 1631 1272 1675 provinciam,
1299 1634 1416 1667 altera
1441 1634 1487 1667 ad
1502 1634 1565 1668 Ci-

97 1677 233 1719 liciam,
260 1679 319 1713 cui
338 1679 470 1713 Cicero
495 1686 678 1724 praeerat,
702 1679 922 1725 pertineret.
956 1679 1091 1713 MAN.
1108 1697 1149 1703 -
1175 1690 1354 1722 aquaram
1378 1680 1565 1725 divortii&

97 1724 214 1758 durch
250 1725 311 1759 die
337 1726 643 1760 VVasserscheide
679 1726 867 1759 zwischen
894 1725 1032 1770 Syrien
1058 1725 1131 1758 und
1159 1725 1331 1759 Cilicien.
1378 1726 1468 1769 vgl.
1504 1739 1563 1772 ep.

99 1771 361 1815 CCXXVIII,
388 1775 423 1807 3.
459 1773 757 1817 CCXXXVIII,
780 1774 874 1806 9.-
907 1771 1069 1805 Cassius.
1109 1770 1147 1805 S.
1175 1781 1218 1804 zu
1247 1783 1304 1816 ep.
1323 1772 1505 1816 CCVIII,
1528 1775 1564 1808 4.

99 1817 273 1861 CCXIV,
290 1821 321 1853 1.
354 1820 545 1863 CCXXV,
572 1822 604 1853 l.
621 1820 710 1853 2.-
742 1817 958 1853 Antiochea.
997 1816 1061 1851 Sic
1087 1817 1164 1852 Md.
1192 1817 1291 1852 vict.
1310 1820 1342 1851 1.
1361 1819 1394 1852 2.
1428 1820 1564 1854 Graev.

98 1863 240 1898 Bened.
266 1877 312 1899 =
335 1866 537 1899 Antiochia
562 1867 659 1901 Cett.
682 1866 758 1910 vgl.
784 1877 842 1911 ep.
864 1864 1082 1908 CCXIV,I.
1097 1884 1142 1890 —
1161 1865 1395 1908 provinciam
1419 1877 1564 1911 accepe-

99 1914 161 1944 rat
184 1922 205 1944 a
227 1911 371 1945 victore
397 1912 539 1946 Cassio.

188 1959 223 1992 3.
249 1961 383 1993 Anzan.
419 1959 494 1993 Die
520 1958 639 1993 freien
663 1958 876 1992 Bewohner
901 1957 966 1990 des
992 1958 1191 2000 Amanusg.
1227 1956 1265 1991 S.
1293 1968 1351 2002 ep.
1366 1957 1445 2001 228,
1465 1960 1500 1994 3.
1519 1977 1566 1984 —

99 2004 260 2047 munita,
285 2005 374 2039 Ern.
400 2006 581 2040 vermuth.
605 2006 742 2046 malla3
773 2004 886 2038 allein
912 2003 1015 2037 ienes
1040 2004 1088 2037 ist
1110 2014 1158 2039 Ξ
1184 2004 1280 2037 bene
1304 2005 1462 2047 munita,
1487 2016 1566 2038 mu-

100 2049 281 2084 nitissima
306 2051 391 2086 infr.
419 2058 455 2086 et
480 2053 517 2085 in
544 2064 602 2096 ep.
616 2052 695 2086 223.
713 2070 758 2075 —
792 2051 951 2084 victoria
975 2050 1085 2084 iusta.
1135 2050 1285 2083 Certum
1310 2050 1472 2084 hostium
1498 2062 1566 2084 nu-

99 2106 240 2130 merum
266 2108 347 2132 esse
373 2098 554 2142 oportuit,
581 2110 654 2141 quo
679 2108 788 2131 caeso
814 2096 1052 2141 imperatoris
1072 2106 1203 2129 nomen
1226 2103 1567 2140 consequerentur3

101 2142 168 2176 sed
193 2154 236 2177 ea
260 2145 528 2178 consuetudine
552 2144 745 2189 paullatim
772 2143 973 2187 depravata
999 2142 1117 2183 multi,
1142 2142 1269 2186 paucis
1296 2143 1457 2176 hostium
1483 2155 1567 2177 cae-

102 2187 165 2232 sis,
181 2189 423 2233 imperatores
446 2198 563 2224 tamen
582 2191 877 2236 appellabantur.
903 2189 990 2225 Vid.
1004 2188 1171 2233 Philipp.
1186 2189 1333 2231 X1V,5.
1357 2190 1566 2224 RVIANUT.

0 2239 11 2280 ’ζ
102 2249 147 2260 ·-
176 2236 306 2275 Issam,
332 2238 494 2271 nachher
518 2238 651 2280 Baiae,
679 2237 769 2270 ietzt
789 2235 900 2270 Baias
925 2236 1017 2269 oder
1036 2235 1140 2276 Aias,
1165 2235 1375 2269 Alexandri
1400 2247 1497 2269 arae.
1525 2235 1564 2270 S.

6 2286 10 2331 '5
103 2279 150 2313 ad
162 2282 384 2324 Attic.V,20
400 2284 684 2326 (CCXXVIII).
710 2283 755 2317 ad
770 2282 1051 2325 Divers.XV,4
1069 2282 1379 2324 (CCXXXVIII)
1406 2282 1442 2315 in
1468 2282 1566 2316 med.

0 2325 9 2363 ἶ]
102 2327 286 2370 Pompon.
322 2330 411 2362 Mel.
433 2330 465 2372 I,
481 2332 514 2364 3.
547 2331 649 2364 Cnrt.
669 2330 741 2373 111,
759 2332 788 2364 7.
823 2328 923 2363 Plin.
950 2328 994 2361 11.
1020 2328 1067 2361 N.
1093 2328 1143 2369 V,
1159 2328 1215 2361 27.
1248 2328 1427 2361 Ammian.
1449 2329 1566 2362 Marc.

104 2374 256 2416 XXVI,
281 2375 301 2408 8
328 2375 414 2416 (25).
432 2393 475 2401 --
513 2376 741 2420 Clitarchus,
769 2376 828 2409 ein
857 2375 1004 2408 Griech.
1032 2373 1447 2415 Geschichtschreiber,
1474 2375 1568 2407 wel-

104 2420 194 2452 cher
219 2420 290 2453 den
314 2421 530 2456 Alexander
554 2424 616 2456 aut
640 2422 777 2455 seinem
792 2422 983 2464 Feldzuge
1007 2420 1223 2463 begleitete.
1250 2420 1289 2455 S.
1308 2420 1566 2461 Brut.X1,42.

105 2466 204 2500 Plin.
232 2467 278 2500 H.
305 2467 349 2500 N.
370 2468 507 2510 Vl‚3l.
526 2488 570 2494 —-
603 2470 772 2502 narrarit
797 2474 928 2511 argute
956 2477 1024 2510 pro
1060 2466 1187 2507 legisti
1211 2467 1308 2510 apud
1326 2466 1565 2500 Clam-chum.

105 2512 170 2547 Sic
202 2511 239 2545 in
269 2513 377 2546 Brut.
411 2525 441 2547 c.
461 2515 505 2548 43
536 2515 642 2558 idque
675 2516 777 2548 nobis
808 2514 1034 2547 narravisset
1065 2513 1245 2546 Lucilius,
1290 2512 1499 2546 MANUT.
1525 2529 1566 2537 --

106 2559 278 2593 Dareum.
315 2559 380 2593 Sic.
412 2560 488 2593 Md.
521 2561 622 2596 Vict.
640 2563 669 2596 l.
691 2562 724 2595 2.
750 2573 795 2594 Ξ
825 2560 983 2594 Darium
1017 2559 1114 2593 Cett.
1134 2578 1177 2583 —
1204 2558 1349 2592 abduxi.
1399 2558 1462 2592 Sic
1487 2557 1565 2592 Md.

107 2605 193 2640 Ald.
221 2606 320 2639 Crat.
351 2605 449 2641 vict.
471 2608 500 2640 l.
517 2607 550 2640 2.
582 2608 710 2641 Lamb.
734 2607 875 2641 Bened.
902 2591 1126 2647 Maru-Lag.
1153 2605 1261 2648 prob.
1282 2605 1405 2638 Pareo
1430 2604 1468 2637 in
1495 2605 1564 2637 lex.

105 2651 188 2685 crit.
214 2663 249 2695 p.
264 2654 297 2687 6.
323 2652 461 2685 adduxi
486 2654 601 2697 Neap.
627 2655 712 2687 Asc.
734 2655 765 2686 l.
797 2654 933 2687 Grae-V.
959 2652 1049 2685 Ern.
1076 2650 1163 2684 Sch.
1189 2650 1285 2685 Liin.
1315 2650 1389 2683 ost.
1406 2668 1452 2676 -
1476 2661 1508 2694 q.
1534 2655 1567 2684 et

104 2698 180 2741 vig.
207 2698 313 2732 diem.
363 2699 535 2743 Folglich
561 2699 607 2734 ist
632 2699 754 2734 dieser
767 2699 877 2734 Brief
889 2699 935 2734 V.
953 2697 1037 2732 Kal.
1056 2696 1168 2737 Dec„
1194 2707 1251 2731 am
1276 2696 1566 2740 27.November‚
