1795 3043
240 116 340 164 418
499 109 563 157 M.
598 109 654 153 T.
691 107 1032 154 ommnoms
1067 105 1440 154 Ems'romm.
1774 89 1779 183 ἰ

952 242 1005 285 D.

382 322 464 357 scr.
490 319 676 356 Luceriae
700 302 919 357 x111.1{'a1.
945 321 1056 356 Mare.
1081 321 1125 355 A.
1143 320 1186 356 U.
1203 321 1336 357 o.7o5.
1364 322 1412 364 (a.
1432 319 1473 355 c.
1495 319 1574 363 49.)

322 402 398 437 CN.
432 400 643 438 MAGNUS
677 399 891 437 PROCOS.
926 400 966 436 S.
997 400 1046 435 D.
1077 400 1121 435 L.
1153 400 1383 436 DOMITIO
1414 398 1629 435 PROCOS.

359 471 529 513 Literae
556 471 663 513 mihi
692 483 717 511 a
747 472 789 511 te
817 470 1007 511 redditae
1035 472 1134 511 suut
1162 485 1201 512 a.
1232 470 1272 511 d.
1302 484 1402 513 xm.
1433 471 1529 523 Kal.
1560 469 1709 510 Mart.:
1778 500 1779 503 ,

245 529 292 570 in
322 528 473 581 quibus
503 528 657 569 scribis
688 528 906 568 Caesarem
936 527 1047 580 apud
1079 527 1310 569 Corfinium
1340 530 1479 569 castra
1508 527 1708 580 posuisse.
1778 569 1779 573 Ἰ

247 585 368 635 Quod
397 586 545 639 putavi
574 587 616 626 et
646 585 921 637 praemonui,
960 584 1031 632 fit,
1072 587 1119 625 ut
1147 598 1226 626 nec
1256 587 1300 625 in
1330 584 1570 638 praesentia
1600 595 1711 623 com·
1778 583 1781 594 “

245 643 416 684 mittere
438 645 581 684 tecum
609 642 821 694 proelium
848 641 953 680 velit
979 643 1044 690 et,
1082 642 1279 683 omnibus
1311 642 1445 695 copiis
1474 639 1712 691 conductis,

245 702 289 740 te
317 699 535 753 implicet,
574 711 629 738 ne
659 697 712 738 ad
740 709 807 737 me
834 697 917 737 iter
945 696 1024 738 tibi
1054 699 1295 751 expeditum
1322 701 1397 741 sitx
1443 700 1571 749 atque
1611 697 1714 737 istas

245 757 393 810 copias
430 757 688 808 coniungere
727 754 979 807 optimorum
1008 754 1162 796 civium
1189 757 1323 808 possis
1361 768 1460 798 cum
1498 756 1553 795 iis
1581 753 1713 806 legio-

245 815 397 865 nibus,
440 813 493 854 de
531 823 710 865 quarum
747 812 966 852 voluntate
994 811 1261 854 dubitamus:
1309 826 1391 865 quo
1423 813 1550 853 etiam
1579 809 1713 863 magis

246 871 332 912 tuis
367 870 505 911 literis
543 882 637 910 sum
676 869 918 909 commotus.
982 867 1129 920 Neque
1169 871 1281 910 enim
1329 882 1474 910 eorum
1515 867 1712 918 militum,

247 940 354 980 quos
379 939 543 968 mecum
571 927 732 976 habeo,
761 925 979 966 voluntate
1006 925 1109 966 satis
1139 925 1326 974 confido,
1358 929 1406 967 ut
1435 927 1487 966 de
1516 924 1712 966 omnibus

244 984 428 1026 fortunis
466 984 530 1025 rei
567 984 764 1036 publicae
802 981 1021 1031 dimicem3
1066 995 1203 1034 neque
1240 983 1389 1034 etiam,
1439 982 1515 1034 qui
1553 995 1606 1022 ex
1644 980 1712 1020 de·
1780 999 1781 1003 ¹

196 1041 226 1081 2
249 1041 434 1084 lectibus
463 1041 694 1093 conscripti
722 1042 820 1079 sunt
850 1053 876 1079 a
905 1040 1172 1092 consulibus,
1209 1041 1510 1081 convenerunt.
1570 1038 1711 1086 Quare

247 1099 301 1140 da
328 1110 521 1150 operam,
548 1098 585 1137 si
613 1098 703 1137 ulla
732 1096 898 1136 ratione
926 1097 1055 1136 etiam
1081 1108 1198 1136 nunc
1227 1096 1401 1137 efficere
1429 1097 1572 1149 potes,
1600 1096 1648 1135 ut
1667 1096 1710 1134 te

242 1157 453 1209 explices,
490 1155 577 1194 huc
604 1152 910 1206 quamprimum
938 1153 1103 1201 venias,
1135 1153 1360 1204 antequam
1389 1166 1532 1193 omnes
1562 1151 1712 1203 copiae

245 1213 277 1265 ἦ·
314 1211 604 1253 adversarium
645 1209 914 1251 conveniant.
983 1209 1133 1261 Neque
1171 1210 1283 1249 enim
1323 1209 1522 1250 celeriter
1561 1221 1613 1248 ex
1642 1207 1711 1247 de-

243 1269 427 1309 lectibus
456 1268 541 1308 huc
570 1267 761 1306 homines
791 1266 1018 1306 convenire
1037 1268 1233 1317 possunt:
1274 1267 1329 1315 et,
1362 1266 1398 1308 si
1422 1265 1712 1312 convenirent,

336 1415 368 1448 1.
401 1424 436 1447 a.
462 1413 496 1447 d.
523 1411 640 1448 XIII.
654 1411 744 1445 Kal.
762 1410 902 1452 Mart„
939 1420 995 1443 am
1020 1410 1270 1444 17.Februar.
1298 1429 1342 1436 -——
1386 1414 1509 1444 castra
1530 1412 1708 1454 posuisse.
1786 1448 1787 1455 ἵ

243 1460 357 1497 XVI.
383 1459 468 1493 Kal.
494 1459 607 1494 Mart.
633 1459 772 1492 Caesar
802 1457 848 1490 ad
875 1455 1078 1489 Corfinium
1113 1456 1214 1490 venit
1245 1462 1282 1490 et
1314 1457 1383 1491 IX.
1408 1457 1492 1491 Kal.
1522 1456 1708 1490 discessit.

244 1526 289 1533 —
317 1507 536 1550 praemonui
556 1516 603 1537 =
626 1502 820 1549 praedixi,
849 1501 888 1535 id
911 1503 969 1545 fit,
1006 1512 1141 1545 nempe
1165 1506 1204 1535 ut
1228 1508 1298 1537 cet.
1326 1521 1371 1528 —
1418 1507 1451 1536 et
1476 1509 1561 1548 post
1586 1513 1710 1536 nec:

243 1552 311 1588 sed
332 1578 364 1586 ..
388 1556 421 1584 te
447 1551 624 1595 implicet,
659 1549 821 1584 sondern
847 1547 946 1582 Dich
971 1547 1286 1583 einzuschliessen
1313 1549 1488 1593 gedenkt.
1514 1567 1556 1573 -
1606 1552 1711 1591 atque

243 1610 291 1633 =
319 1598 395 1632 und
418 1598 482 1632 Du
511 1596 615 1630 nicht
643 1606 678 1629 u.
714 1605 744 1629 s.
778 1605 827 1628 w.
863 1604 974 1637 neque
997 1593 1162 1629 Weiskii
1196 1605 1298 1640 susp.
1346 1595 1385 1630 S.
1412 1596 1559 1629 Ramsh.
1584 1595 1612 1638 §.
1630 1595 1708 1629 179.

244 1645 290 1684 Β,
316 1654 349 1685 a,
377 1646 408 1679 7.
442 1644 548 1677 Anm.
574 1643 608 1677 3.
648 1642 729 1676 Der
755 1639 843 1676 Satz
874 1639 989 1683 hangt
1021 1639 1175 1673 alsdann
1207 1641 1253 1674 ab
1285 1651 1356 1674 von
1387 1642 1447 1684 fit,
1479 1645 1517 1674 ut
1541 1651 1604 1674 nec
1636 1645 1708 1674 eet.

243 1691 310 1725 Ich
334 1690 482 1724 mochte
507 1689 606 1722 doch
630 1687 752 1722 lieber
770 1685 899 1720 diesen
915 1685 1003 1720 Satz
1028 1684 1094 1718 mit
1117 1697 1161 1719 ne
1186 1711 1193 1719 .
1210 1711 1217 1719 .
1232 1712 1240 1720 .
1267 1690 1316 1719 sit
1341 1687 1542 1731 verkniipft
1559 1687 1708 1720 wissen.

243 1737 284 1772 S.
309 1736 458 1770 Ramsh.
495 1735 572 1769 das.
597 1733 653 1778 B,
679 1744 720 1772 a,
747 1733 779 1767 6.
822 1735 927 1775 atque
958 1731 1152 1774 iibertragt
1185 1732 1256 1765 den
1289 1733 1439 1776 Begriff
1465 1744 1508 1765 ne
1539 1733 1605 1766 aus
1633 1732 1707 1766 den

242 1781 518 1827 angekniipsten
545 1780 644 1816 Sam.
685 1777 809 1813 Orelli
833 1777 979 1812 scheint
1003 1777 1071 1810 der
1095 1777 1379 1822 Interpunction
1404 1779 1496 1812 nach
1522 1782 1627 1822 atque
1651 1778 1708 1811 als

243 1840 289 1863 =
330 1829 418 1863 und
455 1838 599 1870 zwar,
645 1825 755 1869 und,
801 1823 920 1858 denn
960 1822 1181 1858 wirklich
1223 1824 1451 1858 konntest
1489 1825 1577 1867 Du,
1626 1824 1707 1858 sich

243 1874 403 1918 gedacht
433 1884 480 1907 zu
508 1874 641 1907 haben.
690 1873 778 1906 Man
810 1879 910 1904 muss
944 1869 1098 1904 alsdann
1132 1870 1327 1914 suppliren
1352 1870 1490 1904 itinere
1511 1870 1704 1914 expedito.

242 1920 370 1956 Allein
402 1920 469 1953 der
495 1918 675 1954 Gedanke
708 1917 757 1952 ist
792 1916 881 1950 der:
914 1926 961 1949 ne
985 1915 1031 1949 ad
1055 1927 1113 1949 me
1138 1915 1274 1950 itinere
1300 1917 1480 1961 expedito
1506 1922 1706 1962 penetrare
1777 1956 1778 1959 Ἴ

241 1972 353 2010 atque
387 1966 475 2000 istas
509 1964 638 2010 copias
670 1963 898 2006 coniungere
924 1987 932 1995 .
952 1987 960 1995 .
981 1987 989 1996 .
1015 1961 1156 2006 possis:
1197 1974 1254 1996 wo
1290 1973 1332 1996 ne
1358 1973 1404 1997 zu
1425 1963 1548 2007 possis
1571 1962 1707 2006 gehort
1776 1978 1777 1981 ¹

241 2013 322 2047 und-
348 2013 404 2046 als
430 2011 566 2046 Obiect
598 2021 671 2044 von
699 2011 820 2054 possis
853 2007 1049 2043 zweierlei
1073 2009 1290 2052 angegeben
1317 2009 1432 2049 wird,
1474 2008 1633 2043 namlich
1658 2007 1707 2041 ad

240 2069 303 2093 mev
318 2062 512 2103 penetrare
543 2056 618 2091 und
643 2059 734 2090 istas
759 2056 884 2099 copias
907 2057 1150 2098 coniungere,
1196 2066 1237 2088 so
1264 2055 1348 2089 dass
1373 2059 1478 2099 atque
1502 2053 1706 2099 eigentlich
1776 2051 1780 2099 'Q

241 2104 304 2139 die
330 2104 463 2138 beiden
483 2104 642 2138 Obiecte
665 2102 867 2146 vei-kniipst
892 2101 967 2135 und
992 2102 1059 2136 mit
1083 2100 1171 2135 und
1196 2111 1243 2134 so
1269 2100 1367 2134 kann
1393 2102 1585 2135 iibersetzt
1608 2110 1708 2133 wer-

240 2150 326 2185 den.
358 2169 404 2177 --
450 2150 509 2185 iis.
549 2149 615 2184 Sic
647 2149 748 2184 Vict.
780 2150 812 2182 1.
851 2147 908 2181 his
940 2149 1035 2183 Cett.
1070 2165 1112 2173 --
1171 2146 1285 2180 dubit.
1337 2146 1375 2181 S.
1406 2147 1552 2191 Anlage
1585 2146 1630 2180 A.
1669 2145 1704 2180 2.

239 2197 285 2231 B.
318 2197 350 2231 2.
383 2208 418 2230 u.
452 2197 485 2232 4.
517 2214 561 2221 -
607 2196 792 2229 voluntate
821 2203 868 2228 =.·
900 2199 1015 2238 guten
1048 2192 1213 2236 Willen,
1254 2192 1484 2237 Gesinnung.
1527 2192 1592 2227 Sic
1625 2191 1704 2226 Md:

241 2243 386 2285 (Oxon.
417 2241 468 2285 2.)
502 2242 568 2276 cd.
604 2241 642 2276 in
675 2253 722 2277 m.
755 2240 857 2276 1584.
898 2241 984 2275 Asc.
1018 2250 1076 2284 pr.
1110 2238 1215 2274 Vict.
1242 2240 1294 2278 1.,
1332 2244 1372 2272 ut
1396 2239 1469 2283 Ep.
1496 2249 1595 2283 seq.:
1636 2247 1703 2281 quo

241 2292 361 2323 autem
384 2288 617 2330 confidebant.
643 2289 709 2322 cfr.
737 2286 907 2322 Oudend.
935 2292 972 2320 et
995 2284 1182 2320 Bremium
1207 2284 1252 2317 ad
1269 2285 1366 2319 Suet.
1394 2285 1497 2319 Caes.
1516 2286 1550 2320 3.
1577 2284 1704 2317 volun-
1777 2298 1778 2303 =

241 2337 312 2369 tati
335 2335 431 2370 Gett.
460 2334 656 2368 ORELLI.
682 2352 727 2358 —
767 2338 807 2367 ut
906 2333 1093 2373 dimicem,
1121 2342 1179 2364 um
1204 2331 1268 2364 mit
1289 2331 1397 2364 ihnen
1425 2331 1509 2365 eine
1528 2330 1705 2366 Schlacht

241 2391 288 2415 zu
313 2391 463 2425 wagen,
498 2379 561 2413 die
586 2379 651 2413 das
675 2390 794 2424 ganze
816 2379 1006 2415 Schicksal
1031 2378 1099 2412 der
1120 2377 1313 2421 Republik
1339 2376 1566 2411 entschiede.

331 2448 365 2482 2.
406 2452 445 2481 ut
477 2451 510 2481 te
539 2447 713 2492 explices,
757 2447 857 2482 Dich
895 2444 1267 2488 herauszuwickeln,
1307 2445 1421 2489 hiingt
1452 2455 1523 2479 von
1560 2445 1702 2487 efficere

236 2497 341 2539 potes
365 2494 431 2537 ab,
470 2494 545 2529 wie
577 2494 644 2528 huc
668 2505 699 2537 q.
722 2505 779 2537 pr.
806 2495 932 2527 venias
963 2502 1035 2526 von
1068 2491 1114 2524 da
1140 2502 1295 2534 operam.
1332 2510 1373 2515 -
1423 2490 1513 2534 Ῐιιιο,
1551 2491 1637 2524 Asc.
1666 2491 1698 2523 1.

241 2542 341 2575 Crat.
369 2545 401 2573 et
426 2540 506 2575 huc.
548 2539 624 2575 Sed
648 2539 802 2584 scripsit
826 2539 951 2583 potius
976 2537 1127 2581 hucque3
1162 2548 1227 2580 que
1252 2538 1467 2581 absorptum
1492 2548 1513 2570 a
1537 2547 1614 2579 seq.
1640 2546 1697 2579 qu.

242 2586 317 2620 ΟΕ.
350 2604 394 2611 -
442 2586 466 2628 -ι-
491 2585 754 2620 adversariam.
801 2584 865 2619 Sic
898 2583 992 2617 Cdd.
1025 2582 1125 2625 noti,
1173 2583 1271 2618 Vict.
1303 2585 1336 2618 1.
1361 2584 1395 2617 2.
1434 2583 1522 2616 Bos.
1562 2582 1694 2616 Graev.

240 2633 540 2666 adversariorum
569 2633 677 2666 Rom.
711 2632 794 2666 Asc.
830 2630 928 2664 Crat.
962 2629 1061 2662 Man.
1093 2629 1220 2662 Lamb.
1244 2629 1336 2663 Ern.
1365 2629 1453 2663 Sch.
1481 2627 1572 2662 Liin.
1621 2626 1696 2662 Sed

239 2678 503 2721 corrigendum
527 2679 748 2713 adversarii.
783 2675 980 2709 ORELLI.
1011 2673 1093 2708 scil.
1120 2674 1301 2708 Caesaris.
1344 2673 1381 2709 S.
1408 2674 1554 2717 Anlage
1577 2673 1619 2707 Β.
1647 2672 1696 2706 im

237 2723 322 2761 Auf.
355 2741 398 2748 -·
447 2734 489 2756 ex
513 2723 708 2758 delectibus
733 2722 892 2755 homines
916 2719 1143 2764 conscripti,
1184 2720 1246 2754 die
1269 2720 1606 2764 Neugeworbenen
1631 2728 1696 2752 aus

235 2767 343 2804 ihren
372 2769 531 2815 Depots.
587 2779 707 2804 omnes
744 2768 878 2811 Margo
909 2767 996 2802 Asc.
1032 2776 1106 2801 sec.
1139 2773 1175 2800 et
1207 2765 1370 2802 Weiskii
1401 2777 1501 2811 susp.
1538 2764 1610 2799 ΟΒ.
1653 2784 1694 2789 -
