1795 3043
539 57 852 107 EPISTOLA
886 57 1128 106 CCCLXI.
1470 65 1569 115 491

114 184 206 213 esse
235 172 357 214 triste
385 183 511 224 quam
539 171 686 214 verbo.
747 171 865 212 Haec
883 172 947 212 est
973 167 1075 225 ἄλη,
1104 171 1148 212 in
1169 183 1250 224 qua
1280 183 1396 213 nunc
1415 185 1571 226 sumus,

115 229 262 271 mortis
290 230 435 270 instar.
493 227 580 269 Aut
615 230 728 269 enim
766 228 875 268 mihi
915 228 1054 269 libere
1091 229 1204 269 inter
1232 230 1362 270 malos
1391 234 1571 268 πολιτευ-

116 288 208 325 τέον
234 287 318 327 fuit
346 287 419 327 aut
445 287 513 326 vel
541 287 779 339 periculose
809 297 906 326 cum
933 285 1077 327 bonis:
1113 289 1186 327 aut
1200 299 1274 327 nos
1291 287 1573 329 temeritatem

116 343 321 384 bonorum
348 355 589 395 sequamur:
637 345 709 383 aut
739 342 957 383 audaciam
985 343 1276 394 improborum
1305 344 1572 386 insectemur.

117 401 353 451 Utrumque
382 400 665 453 periculosum
695 404 772 440 est.
830 398 889 439 At
906 399 1013 452 hoc,
1042 401 1153 452 quod
1175 402 1355 454 agimus,
1389 404 1431 442 et
1450 403 1574 455 turpe

117 469 196 498 nec
232 458 373 498 tamen
412 459 560 497 tutum.
617 457 772 509 Istum,
817 456 891 508 qui
923 455 1057 497 filium
1086 458 1357 499 Brundisium
1386 459 1439 500 de
1467 471 1575 513 pace

118 513 258 567 misit,
297 536 354 544 —-
409 513 461 554 de
501 526 606 567 pace
641 513 754 553 idem
793 514 954 566 sentio,
997 513 1107 566 quod
1147 516 1215 565 tu3
1265 515 1576 558 simulationem

119 583 210 611 esse
241 573 454 623 apertam,
492 570 636 624 parari
673 570 813 611 autem
853 571 1014 611 bellum
1043 572 1269 612 acerrime:
1309 596 1366 603 —
1422 586 1489 614 me
1517 574 1576 614 le-

119 630 261 680 gatum
299 629 354 668 iri
392 641 476 668 non
513 627 722 676 arbitr0r3
772 628 891 669 cuius
919 628 1081 680 adhuc,
1129 632 1175 670 ut
1205 631 1371 682 optavi,
1415 631 1577 672 mentio

118 687 233 726 sacta
271 686 389 726 nulla
427 684 495 726 sit.
573 685 637 724 Eo
676 684 814 725 minus
862 686 998 726 habeo
1033 698 1203 726 necesse
1241 687 1452 736 scribere,
1506 690 1578 728 aut

119 743 246 782 etiam
276 743 484 794 cogitare,
528 741 633 793 quid
660 742 737 782 sim
766 743 980 796 facturus,
1028 743 1064 784 si
1093 743 1322 798 acciderit,
1369 747 1417 786 ut
1446 747 1581 799 leger.

120 824 1572 839 ———————————-——————

118 862 306 897 wesshalb
333 868 421 897 statt
444 863 500 898 M.
526 864 682 899 Antonii
702 865 780 898 wol
803 865 934 898 Marci
957 869 990 898 et
1016 866 1164 910 Quinti,
1198 878 1401 911 puerorum
1427 868 1582 903 Cicero-

118 919 230 953 num,
271 919 317 943 zu
352 910 458 943 lesen
493 910 573 944 sein
602 911 759 945 mochte.
807 911 896 955 vgi.
935 914 1096 956 ep.369,
1122 913 1155 947 2.
1196 915 1286 957 376,
1311 916 1345 949 6.
1395 915 1582 950 Tunstall.

118 966 156 1000 p.
181 956 228 990 80
254 955 428 999 corrigit:
460 957 571 1004 ἄκρον
594 957 712 1001 istud,
747 957 913 991 ultimum
940 958 1037 992 istud
1071 959 1253 1003 epistolae
1278 966 1375 994 tuae.
1425 961 1519 996 Nam
1542 962 1585 996 in

120 1001 238 1036 Codd.
274 1002 414 1045 legitur
442 1002 503 1036 vel
533 1001 688 1036 ,Macum
720 1004 780 1037 vel
812 1004 979 1038 Maeoni.
1030 1005 1137 1039 Unde
1170 1006 1315 1050 Popma
1350 1017 1451 1051 susp.
1488 1008 1581 1051 leg-z

120 1047 274 1096 Μακρὸν
300 1049 396 1081 illud
420 1047 444 1081 i.
472 1059 504 1082 e.
531 1048 684 1092 longum
709 1055 852 1093 tempus
876 1050 1010 1084 abesse
1032 1062 1052 1084 a
1076 1051 1199 1095 patria
1224 1058 1262 1085 et
1285 1053 1491 1097 republica
1507 1065 1584 1088 non

120 1098 191 1126 tam
217 1105 260 1127 re
285 1093 350 1136 (im
362 1093 532 1135 Grunde)
556 1105 663 1138 quam
688 1095 804 1128 verbo
830 1093 899 1137 (als
925 1106 965 1129 es
988 1095 1128 1139 klingt)
1153 1097 1262 1131 triste
1287 1105 1352 1132 est.
1386 1100 1477 1133 =Non
1496 1100 1585 1134 ideo

119 1150 248 1183 angor.
289 1139 367 1175 Sed
384 1139 446 1173 hic
469 1145 525 1173 est
546 1150 653 1174 error
665 1139 800 1174 mentis
821 1142 921 1184 (άλη)
939 1147 976 1175 et
993 1142 1106 1178 animi
1124 1142 1198 1177 mei
1218 1143 1457 1188 sollicitudo,
1483 1146 1585 1190 quod

122 1192 194 1220 cet.
222 1204 266 1210 —
304 1187 387 1229 ἄλη
413 1197 460 1218 =
482 1186 652 1220 anxietas
671 1192 709 1220 et
728 1186 946 1221 sollicitudo
963 1188 1098 1223 mentis
1114 1200 1299 1232 nunquam
1318 1192 1588 1236 conquiescen-

120 1231 181 1267 tis.
214 1231 320 1275 „Die
337 1232 573 1275 Todesangst
597 1232 738 1266 meines
764 1232 913 1267 Geistes
937 1234 1047 1268 riihrt
1071 1235 1222 1270 daher.’'
1244 1255 1291 1264 —-
1322 1239 1400 1272 Aut
1423 1240 1520 1273 enim
1542 1251 1590 1275 =

121 1277 294 1312 namlich.
341 1277 434 1310 mihi
458 1288 493 1311 u.
521 1278 594 1318 fuit
616 1279 679 1312 hat
704 1278 793 1314 Sch.
817 1279 913 1312 Liin.
939 1280 1086 1324 getilgt.
1131 1281 1243 1316 Sinn:
1277 1283 1338 1317 ich
1362 1296 1462 1320 muss
1487 1286 1589 1319 nam-

122 1323 199 1357 lich
234 1324 429 1358 entweder
460 1322 589 1357 mitten
622 1330 732 1358 unter
763 1324 835 1358 den
858 1324 1025 1359 Feinden
1057 1326 1126 1361 der
1148 1328 1341 1373 Republik
1374 1331 1446 1365 frei
1471 1331 1588 1365 reden

124 1370 258 1404 diirsen
291 1370 383 1403 oder
417 1375 525 1402 unter
556 1369 661 1403 ihren
693 1371 893 1405 Freunden
926 1381 1039 1415 sogar
1069 1372 1106 1406 in
1139 1379 1258 1409 steter
1294 1376 1434 1411 Gesahr
1466 1378 1590 1412 moine

124 1415 343 1451 offentliche
369 1415 480 1449 Rolle
505 1415 669 1459 spielen:
705 1417 898 1451 entweder
920 1419 1047 1451 miisst'
1071 1418 1134 1453 ich
1158 1420 1239 1455 also
1263 1421 1360 1456 daun
1386 1423 1450 1457 das
1475 1425 1591 1458 unbe-

125 1473 292 1498 sonnene
317 1461 548 1505 Wagestt‘xck
572 1461 640 1495 der
664 1461 856 1496 Patrioten
888 1463 969 1504 (des
993 1465 1216 1510 Pompeius)
1247 1468 1465 1514 mitspielen
1497 1470 1591 1504 oder

124 1510 194 1544 der
230 1509 432 1543 Frechheit
468 1507 535 1540 der
571 1507 822 1542 Staatsteinde
863 1509 961 1542 mich
998 1517 1182 1555 entgegen
1223 1515 1371 1549 stellen.
1405 1533 1451 1541 —-
1499 1517 1593 1560 quod

126 1556 298 1598 agi-mus,
335 1564 414 1588 was
438 1553 499 1587 ich
525 1563 571 1587 zu
596 1554 686 1587 thun
712 1554 902 1598 gedenke‚
934 1566 1124 1599 gesonnen
1151 1558 1229 1593 bin.
1252 1578 1297 1585 —
1344 1565 1379 1595 et
1406 1588 1414 1596 .
1432 1587 1441 1597 .
1467 1573 1531 1597 nec
1547 1574 1593 1596 =

125 1603 234 1636 einer
265 1600 365 1636 Seits
397 1625 406 1634 .
427 1625 435 1633 .
468 1599 628 1634 anderer
658 1599 759 1634 Seits
792 1600 905 1634 nicht.
961 1601 1019 1636 Ita
1049 1603 1200 1638 volebat
1236 1605 1266 1640 I.
1297 1607 1339 1642 F.
1366 1607 1592 1643 Gronovius.

127 1649 256 1683 Recte.
303 1648 396 1682 Nam
422 1645 597 1679 Ciceroni
630 1656 704 1679 non
738 1645 934 1681 videbatur
968 1648 1059 1683 satis
1091 1650 1307 1693 honestum,
1350 1654 1517 1696 quietum
1556 1661 1594 1688 et

128 1693 253 1728 neutri
287 1692 388 1738 parti
419 1691 605 1725 addictum
630 1692 668 1726 in
694 1692 805 1727 Italia
828 1703 998 1737 manere,
1035 1695 1184 1740 aitque,
1223 1699 1369 1734 etiamsi
1395 1700 1467 1734 hoc
1492 1700 1593 1743 quod

128 1747 240 1786 turpe
272 1744 373 1774 esset
405 1743 649 1782 sequeretur,
693 1738 792 1773 idem
822 1744 944 1773 tamen
976 1751 1022 1775 ne
1054 1748 1172 1777 tutum
1198 1745 1347 1787 quidem
1374 1757 1469 1781 esse.
1503 1747 1593 1782 Sch.

128 1787 193 1822 Sic
211 1785 321 1821 etiam
336 1785 475 1818 Manut.
500 1783 630 1817 Lamb.
663 1795 728 1819 nec
751 1789 855 1828 turpe
880 1786 976 1821 Cett.
1003 1799 1035 1821 c.
1062 1789 1155 1823 Cdd.
1179 1790 1292 1826 notis.
1327 1792 1401 1827 ΟΕ.
1449 1793 1504 1827 Er
1528 1804 1596 1837 ge-

127 1833 286 1875 dachte,
328 1830 387 1864 bis
419 1829 482 1863 die
507 1829 653 1864 Sachen
685 1831 768 1865 eine
800 1831 952 1866 bessere
977 1834 1182 1880 VVendung
1213 1838 1372 1871 nehmen
1407 1839 1594 1882 mochtem

128 1879 210 1913 sich
235 1877 274 1911 in
298 1876 432 1919 irgend
459 1875 569 1910 einen
595 1875 753 1921 ruhigen
779 1878 848 1912 Ort
872 1878 912 1912 in
938 1879 1216 1916 Griechenland
1253 1885 1595 1920 zuriickzuziehen.

130 1925 187 1969 (S.
222 1935 282 1969 ep.
307 1922 511 1963 cccmx,
546 1923 595 1965 3.)
649 1923 711 1957 Da
740 1935 820 1958 war
852 1936 892 1959 es
923 1925 1020 1960 denn
1054 1928 1205 1963 freilich
1235 1930 1329 1964 auch
1364 1931 1468 1965 nicht
1500 1940 1597 1976 ganz

130 1971 278 2014 sicher,
315 1968 403 2003 weil
430 1967 496 2001 der
519 1968 640 2012 Krieg
666 1969 776 2004 dahin
801 1970 964 2015 gespielt
989 1984 1033 2007 zu
1060 1975 1215 2008 werden
1241 1976 1381 2011 schien.
1408 1996 1453 2002 —
1487 1978 1598 2011 istum

131 2019 194 2062 qui
211 2016 263 2059 fil.
290 2041 299 2050 .
319 2042 328 2050 .
349 2041 357 2050 .
383 2014 504 2056 misit,
530 2014 701 2049 Servium
718 2016 936 2061 Sulpicium.
973 2019 1042 2053 cfr.
1061 2031 1119 2064 ep.
1134 2023 1215 2056 360.
1240 2023 1320 2057 364.
1349 2023 1419 2058 etsi
1436 2029 1597 2068 utroque

131 2064 216 2098 loco
249 2073 332 2096 eum
362 2071 443 2097 non.
468 2060 514 2094 de
540 2071 631 2106 pace
664 2062 729 2095 sed
761 2063 807 2097 ad
832 2063 1175 2101 circumsedendum
1200 2069 1421 2113 Pompeium
1445 2071 1598 2105 missum

131 2120 215 2145 esse
239 2108 350 2142 dicat.
399 2108 544 2143 Verum
570 2108 661 2142 haec
686 2108 784 2143 inter
808 2120 848 2143 se
870 2121 943 2144 non
968 2120 1191 2156 pugnarent.
1238 2115 1354 2158 Nam,
1390 2116 1536 2151 etiamsi
1560 2116 1599 2149 in

133 2155 307 2191 Caesaris
338 2152 471 2188 castris
504 2160 604 2188 esset
629 2153 753 2189 Servii
778 2155 900 2200 filius,
938 2163 1088 2202 poterat
1124 2166 1244 2195 tamen
1279 2162 1389 2196 etiam
1415 2163 1461 2197 ad
1487 2164 1600 2197 Pom-

133 2202 259 2248 peium
284 2200 332 2234 de
357 2210 450 2245 pace
473 2199 582 2234 mitti.
632 2201 820 2236 Manutius
845 2208 964 2237 tamen
990 2205 1204 2241 Cornelium
1229 2207 1386 2242 Balbum
1420 2207 1602 2253 intelligit

133 2248 241 2282 SCH.
291 2247 335 2281 de
357 2257 446 2291 pace
470 2245 520 2280 ist
545 2246 693 2282 Ironie!
741 2247 955 2284 Vielleicht
986 2253 1119 2293 sprach
1152 2264 1194 2287 so
1219 2254 1354 2288 dessen
1380 2256 1498 2290 Vater
1531 2265 1601 2288 zur

134 2293 435 2336 Beschonigung.
481 2293 587 2328 Aber
611 2294 709 2328 wie?
746 2305 854 2328 wenn
880 2307 959 2329 man
987 2298 1083 2333 lase:
1122 2301 1364 2335 Brundisium
1396 2302 1519 2343 misit,
1556 2301 1601 2334 ile

132 2350 222 2385 pace
246 2358 264 2366 -
296 2340 339 2373 de
359 2349 450 2383 pace
473 2344 544 2375 cet.
577 2341 651 2384 vgl.
678 2351 736 2385 ep.
758 2341 982 2378 CCCLXIV
1005 2355 1061 2379 am
1085 2346 1204 2381 Ende.
1238 2366 1281 2372 --
1328 2347 1471 2386 simut,
1498 2347 1601 2381 Heu-

135 2385 273 2420 chelei.
297 2404 340 2409 —
377 2396 433 2418 me
458 2385 621 2428 legatum
646 2388 709 2420 iri.
740 2387 933 2423 Sententia
953 2390 1045 2424 haec
1070 2399 1147 2426 est:
1180 2393 1422 2436 „Cornelium
1439 2393 1601 2427 Balbum

137 2432 185 2465 de
211 2441 302 2476 pace
328 2430 490 2473 legatum
516 2431 564 2466 iri
588 2433 771 2476 arbitror,
794 2445 866 2467 non
891 2447 968 2478 me3
1005 2449 1115 2480 quum
1130 2440 1223 2478 mei,
1248 2446 1289 2473 ut
1304 2438 1453 2484 optavi,
1479 2439 1602 2474 adhuc

138 2476 277 2513 mentio
309 2477 412 2510 nulla
443 2477 540 2512 facta
576 2479 658 2514 sit.’'
706 2480 808 2514 nulla
832 2484 880 2514 sit
912 2489 1038 2526 potest
1076 2485 1246 2518 defendi:
1288 2496 1504 2529 quamquam
1530 2485 1602 2520 fuit

138 2526 313 2559 fortasse:
353 2523 502 2557 nullast.
542 2542 587 2549 —
639 2529 679 2559 ut
710 2526 832 2569 leger,
875 2528 960 2562 dass
994 2528 1053 2563 ich
1088 2541 1156 2564 zur
1192 2532 1502 2575 Unterhandlung
1534 2531 1603 2565 des

137 2569 322 2604 Friedens
344 2569 574 2612 abgeordnet
597 2571 741 2606 wiirde.
789 2574 851 2607 Da
876 2574 958 2608 hier
982 2577 1160 2611 acciderit
1186 2577 1251 2611 das
1276 2577 1520 2622 praeteritum
1543 2577 1602 2611 fu-

142 2616 215 2649 turi
253 2615 422 2648 offenbar
458 2614 525 2658 ist,
564 2626 606 2651 so
637 2618 734 2661 solgt
764 2620 851 2654 sehr
883 2621 1022 2665 richtig
1054 2623 1181 2664 leger,
1228 2623 1303 2657 wie
1336 2624 1491 2658 Corrad.
1527 2623 1603 2657 und

141 2660 589 2706 Malasp.vermutheten;
614 2663 718 2697 nicht
735 2675 777 2699 so
794 2667 1020 2708 legeret-der
1034 2669 1125 2703 Cdd.
1150 2669 1227 2704 Md.
1250 2670 1465 2705 oxon.1.2.
1487 2669 1603 2713 vict„

142 2708 237 2742 noch
261 2708 412 2762 legaret·
436 2706 503 2742 der
527 2709 615 2744 Asc.
642 2712 673 2744 l.
706 2711 806 2746 Crat.
838 2712 927 2746 Bos.
961 2713 1053 2748 Ern.
