1795 3043
556 79 869 137 EPISTOLA
904 79 1143 128 CCCLIV.
1479 83 1582 137 473

121 198 275 252 possit,
323 209 410 240 non
444 195 620 239 videam.
678 195 769 249 Ego
808 194 949 236 autem
990 207 1077 236 non
1113 195 1199 236 tam
1227 191 1418 245 γοητείαν
1454 193 1583 235 huius

120 257 269 310 timeo,
315 266 442 307 quam
483 249 782 302 πειθανάγκην.
841 251 894 291 Αἱ
930 249 1008 300 γάρ
1043 251 1124 291 τῶν
1161 249 1373 301 τυράννων
1412 247 1581 301 δεήσεις,

120 313 259 364 inquit
287 309 488 363 Πλάτων,
530 305 643 351 οἶσθ’
673 309 734 350 ὅτι
760 309 1002 359 μεμιγμέναι
1032 306 1240 356 ἀνάγκαις.
1296 310 1379 350 Illa
1412 304 1584 356 ἀλίμενα
1605 310 1634 354 5

121 370 244 411 video
274 370 355 410 tibi
384 382 468 410 non
496 368 691 421 probari;
738 379 847 419 quae
883 379 939 407 ne
973 367 1081 407 mihi
1121 367 1291 418 quidem
1331 365 1582 418 placebantt

120 427 193 468 sed
220 427 429 468 habebam
457 426 502 466 in
531 427 620 466 illis
650 426 693 465 et
721 424 1049 465 occultationem
1078 426 1121 463 et
1148 422 1583 473 unnqsoc'avfidelemt

120 497 229 536 quae
258 485 295 524 si
325 484 429 524 mihi
446 482 662 524 Brundisii
681 482 976 533 suppeterent,
1005 481 1189 520 mallem.
1251 480 1335 521 Sed
1357 480 1420 520 ibi
1441 481 1584 521 occul-

120 540 226 581 tatio
257 543 379 582 nulla
408 541 484 582 est.
541 541 718 586 Verum,
750 541 798 578 ut
815 538 992 591 scribis,
1022 550 1151 590 quum
1179 538 1413 579 scierimus.
1471 537 1583 577 Viris
1606 539 1636 580 6

119 596 241 639 bonis
270 611 337 639 me
366 610 451 638 non
480 597 609 637 nimis
638 607 806 637 excus0.
866 596 979 643 Quas
1021 595 1133 635 enim
1173 607 1245 636 eos
1273 607 1426 635 coenas
1456 596 1498 635 et
1527 595 1587 634 fa-

120 667 218 696 cere
247 658 290 696 et
320 655 439 696 obire
468 654 641 706 scripsit
668 652 722 694 ad
750 665 816 694 me
846 653 1017 694 Sextus!
1078 665 1205 704 quam
1242 651 1402 693 lautas!
1460 663 1587 702 quam

120 713 412 765 tempestivas!
472 711 555 752 Sed
593 711 679 751 sint
718 711 907 762 quamvis
946 710 1069 761 boni,
1116 723 1200 750 non
1247 711 1345 750 sunt
1385 709 1586 748 meliores

121 781 245 821 quam
275 782 372 809 nos:
411 770 630 808 moverent
659 779 744 816 me,
788 767 825 808 si
855 769 992 809 essent
1012 768 1226 809 fortiores.
1285 767 1349 806 De
1364 766 1586 806 Lanuvino

121 826 352 878 Phameae,
390 826 553 867 erravi:
601 826 831 866 Troianum
860 824 1131 866 somniabam.
1189 823 1238 866 Id
1276 835 1353 876 ego
1390 822 1506 863 volui
1536 823 1587 870 Q.

120 883 203 923 Sed
232 883 369 935 pluris
398 884 471 922 est.
529 883 645 924 Istuc
675 883 814 922 tamen
847 895 1046 935 cuperem
1066 893 1227 930 emere,
1258 881 1295 922 si
1315 881 1447 920 ullam
1468 891 1587 931 spem

117 940 290 983 fruendi
309 940 508 981 viderem.
565 939 652 982 Nos
682 951 791 991 quae
809 942 994 980 monstra
1016 938 1206 990 quotidie
1237 938 1267 990 ἦ·
1297 937 1586 990 intelligamus
1607 942 1637 984 '7

119 1009 172 1038 ex
210 998 288 1038 illo
328 995 502 1049 libello,
553 997 627 1049 qui
666 996 712 1036 in
743 997 965 1048 epistolam
996 996 1214 1037 coniectus
1245 996 1324 1036 cst.
1383 994 1588 1034 Lentulus

119 1056 264 1096 noster
301 1054 492 1094 Puteolis
531 1057 614 1107 est,
667 1051 908 1102 ἀδημονῶν,
959 1055 1008 1092 ut
1047 1053 1225 1092 Caecius
1264 1052 1435 1099 narrat,
1485 1050 1589 1102 quid

118 1114 237 1164 agat:
289 1109 513 1159 διατροπήν
551 1109 857 1152 Corfiniensem
902 1108 1172 1151 reformidat:
1230 1107 1434 1160 Pompeio
1473 1119 1589 1148 nunc

120 1275 164 1284 —·
196 1259 436 1302 γοητείαν,
462 1256 927 1301 Taschenspielerkiinste.
961 1273 1007 1281 —
1055 1257 1231 1291 πειθαυ
1244 1253 1410 1299 etym-²221,
1444 1253 1590 1288 Ueber-

119 1303 433 1347 redungszwang.
481 1303 557 1338 Ein
587 1303 685 1343 ἅπαξ
711 1302 835 1349 λεγόμ.
889 1302 974 1345 Ego
1006 1311 1098 1335 vero
1138 1310 1213 1333 non
1250 1306 1323 1332 tam
1364 1299 1591 1344 praestigias

120 1349 203 1384 eius
240 1355 276 1383 et
308 1349 554 1384 illecebrosas
586 1348 787 1384 blanditias
822 1347 955 1391 timeo,
997 1357 1106 1390 quam
1136 1345 1419 1390 persuasionem
1445 1357 1466 1379 a
1490 1345 1528 1378 vi
1554 1351 1593 1379 et

150 1395 290 1429 otentia
315 1396 531 1439 profectam.
568 1395 661 1429 Nam
687 1398 924 1439 tyrannorum
945 1403 1093 1439 preces,
1120 1392 1243 1435 inquit
1257 1392 1368 1426 Plato
1396 1393 1517 1437 (ep.7.
1545 1392 1592 1425 ad

120 1406 259 1476 Bionis
290 1440 542 1487 propinquos)
575 1441 773 1486 permistae
803 1445 903 1483 sunt,
956 1443 995 1472 ut
1023 1439 1116 1482 scis,
1152 1438 1438 1473 necessitatibus,
1480 1438 1592 1473 SOH.

120 1502 300 1534 μεμιγμ.
328 1514 336 1523 .
354 1513 362 1522 .
390 1489 550 1534 ἀναγκ.
586 1487 672 1522 sind
703 1486 787 1521 eine
813 1488 884 1521 Art
907 1497 980 1520 von
1005 1485 1159 1520 Fesseln
1186 1496 1221 1520 u.
1246 1485 1592 1519 Daumschrauben.

214 1557 246 1591 5.
281 1557 493 1600 ἅλιμένα,
519 1556 604 1591 loca
627 1561 740 1600 portu
759 1555 933 1588 carentia.
975 1553 1072 1598 „Ich
1096 1553 1246 1597 merke,
1272 1553 1336 1586 Du
1362 1551 1478 1586 siehst
1494 1552 1592 1586 mich

122 1602 224 1637 nicht
249 1613 364 1647 gerne
390 1613 435 1635 an
462 1603 580 1636 Orten
606 1603 703 1636 ohne
728 1601 884 1634 Hafen.⁷⁷
914 1617 957 1625 -
1008 1600 1168 1645 ὑπηρ.,
1202 1598 1429 1641 ministeria,
1454 1598 1593 1632 1361116-

121 1659 234 1692 nung.
266 1668 310 1674 -
357 1649 573 1692 scierimus,
604 1648 679 1682 wie
705 1648 734 1690 §.
753 1647 775 1680 2
800 1647 967 1680 erwiihnt
992 1645 1052 1681 ist.
1090 1646 1170 1682 Md.
1196 1647 1283 1680 Asc.
1300 1647 1335 1680 1.
1362 1645 1461 1680 Crat.
1488 1645 1589 1681 Vict.

124 1695 272 1733 scimus,
311 1695 569 1729 correxerunt
595 1695 702 1730 Corr.
735 1694 893 1738 Malasp.
929 1693 1003 1727 OR.

214 1765 247 1800 6.
297 1763 403 1798 Viris
440 1763 556 1799 bonis.
607 1764 725 1807 „Was
751 1762 813 1796 die
845 1761 1196 1805 gutgesinnten
1232 1760 1386 1794 Herrn
1420 1769 1493 1793 von
1522 1758 1592 1792 mir

122 1810 268 1851 halten,
294 1810 478 1844 kiimmert
502 1809 600 1843 mich
625 1809 728 1842 nicht
753 1807 1007 1843 sonde1·lic11.⁷’
1045 1808 1163 1842 Diese
1189 1806 1309 1842 Stelle
1334 1805 1486 1839 bezieht
1510 1805 1592 1839 sich

124 1857 189 1890 auf
212 1869 270 1900 ep.
290 1858 383 1896 341,
408 1857 443 1891 3.
493 1855 581 1899 Vgl.
606 1856 695 1897 340,
721 1856 754 1889 2.
786 1856 872 1895 350,
899 1856 932 1888 1.
963 1873 1008 1880 --
1055 1854 1185 1889 Sextus
1209 1852 1442 1887 Peducaeus.
1481 1851 1518 1887 S.
1544 1861 1594 1885 zu

125 1914 183 1947 ep.
199 1903 366 1945 CCCLI,
393 1904 450 1936 10.
475 1920 519 1929 --
567 1901 731 1946 quamvis
754 1913 799 1935 =
824 1900 1092 1944 quamtumvis,
1124 1903 1258 1944 mogen
1283 1898 1339 1933 sie
1363 1909 1474 1932 wenn
1499 1897 1595 1932 auch

124 1949 221 1982 noch
245 1958 287 1982 so
313 1954 402 1991 gnte
427 1947 624 1982 Patrioten
650 1947 752 1991 sein,
778 1948 929 1981 bessere
956 1946 1038 1981 sind
1063 1947 1119 1982 sie
1143 1946 1374 1989 wenigstens
1399 1944 1519 1987 nicht,
1538 1944 1594 1978 als

126 1994 209 2029 wir.
251 1994 289 2030 S.
316 1995 465 2028 Ramsh.
492 1995 522 2038 ξ.
539 1995 626 2036 191,
652 1994 684 2027 2.
710 2012 753 2018 -—
801 1998 984 2027 moverent
1006 2004 1081 2034 me,
1116 1993 1177 2027 ihr
1199 1991 1351 2026 Urtheil
1376 1991 1470 2024 iiber
1495 1990 1593 2023 mich

124 2041 254 2075 xvtirde
290 2041 360 2075 mir
390 2040 562 2085 weniger
592 2039 839 2083 gleichgiiltig
872 2039 965 2073 sein.
997 2058 1042 2065 -
1089 2040 1145 2074 De
1176 2037 1379 2072 Lanuvino.
1427 2036 1477 2071 Se
1511 2036 1595 2081 ipse

126 2087 296 2132 corrigit.
344 2088 438 2122 Nam
470 2098 529 2131 ep.
557 2086 703 2129 CCCL‚
739 2087 761 2120 4
805 2085 1032 2131 scripserat,
1071 2097 1113 2120 se
1142 2083 1377 2119 Lanuvinum
1408 2083 1594 2117 Phameae

127 2145 250 2168 emere
274 2134 386 2169 velle.
421 2152 464 2159 --
508 2133 708 2166 Troianum
733 2133 891 2166 alterum
918 2131 1111 2176 praedium
1123 2132 1310 2165 Phameae
1335 2129 1373 2163 in
1390 2140 1481 2173 agro
1496 2129 1595 2162 Lau-

127 2180 275 2214 rentino
307 2191 428 2225 prope
451 2179 613 2219 „Troiam
649 2178 840 2223 oppidum.
872 2177 979 2213 SC'H.
1017 2196 1062 2203 —
1108 2177 1211 2211 volui
1237 2177 1277 2212 Q.
1320 2175 1395 2211 Sed
1421 2175 1522 2209 volui
1546 2176 1594 2208 D.

129 2227 266 2268 (Dafiir
301 2227 424 2261 wollt’
468 2225 529 2260 ich
565 2226 692 2269 50,000
721 2225 779 2259 Fl.
821 2225 972 2268 geben.)
1013 2224 1061 2259 de
1098 2223 1196 2258 coni.
1238 2223 1329 2256 Ern.
1368 2222 1455 2257 Sch.
1499 2221 1595 2254 Liin.

129 2282 163 2306 v.
190 2273 315 2316 Ep.9,
340 2274 370 2317 §.
387 2273 421 2306 4.
458 2272 532 2306 ΟΕ.
566 2291 613 2298 —
660 2271 732 2305 Sed
751 2271 804 2315 pl.
831 2275 902 2310 est,
935 2271 1025 2305 aber
1049 2281 1131 2304 man
1155 2269 1301 2312 schl'agt
1325 2279 1367 2303 es
1391 2269 1512 2302 hoher
1534 2278 1593 2301 an.

129 2336 170 2344 —
204 2320 317 2354 Istuc.
361 2318 428 2354 Sic
450 2319 530 2353 Md.
557 2320 643 2353 Asc.
663 2319 696 2353 1.
722 2318 818 2352 Crat.
853 2317 955 2353 Vict.
982 2319 1015 2351 l.
1042 2317 1077 2353 2.
1111 2328 1160 2351 =
1189 2316 1295 2351 Istud
1318 2316 1416 2350 Cett.
1451 2314 1526 2348 OR.

219 2387 252 2422 ’1.
286 2397 342 2421 ez.
381 2387 463 2421 Hoc
497 2392 727 2432 corruptum.
770 2386 1016 2428 intelligimus
1047 2385 1136 2421 Sch.
1171 2385 1264 2420 Liin.
1302 2384 1495 2418 Fortasse:
1531 2391 1598 2414 nos

128 2442 219 2478 quae
249 2437 412 2466 morestra
445 2434 606 2478 quotidie
642 2433 742 2476 (scil.
770 2433 962 2467 audiamus
987 2437 1026 2466 et
1049 2432 1252 2476 legamus),
1284 2429 1484 2470 intelliges.
1523 2428 1595 2462 ΟΠ.

127 2482 315 2522 monstra,
342 2478 415 2513 wie
441 2491 500 2524 ep.
519 2480 698 2522 GCCLII,
723 2480 744 2513 4
770 2490 890 2523 gegen
916 2479 1035 2513 Ende.
1068 2497 1113 2503 —
1161 2477 1306 2519 libello,
1339 2475 1527 2509 Iournale.
1552 2492 1597 2499 —-

131 2526 330 2568 coniectus,
371 2525 582 2569 beigelegt,
625 2526 855 2570 angebogen.
897 2545 941 2551 —-
996 2525 1172 2559 Lentulus
1214 2521 1404 2567 Spinther.
1458 2520 1496 2555 S.
1535 2531 1610 2565 ep„

132 2571 339 2615 CCCLIII,
367 2573 398 2605 l.
423 2589 468 2596 —
509 2572 768 2617 ἀδημονῶν,
801 2571 1011 2615 sollicitus,
1036 2571 1270 2605 bekiimmert
1294 2568 1478 2610 dardber,
1511 2566 1599 2610 quid

131 2622 233 2660 agat.
259 2636 304 2642 —
349 2616 512 2651 Caecius.
550 2617 588 2652 S.
615 2628 674 2662 ep.
694 2619 882 2660 CCCLII,
910 2619 940 2651 1.
975 2635 1019 2644 —·
1071 2618 1211 2662 διατρ.
1240 2614 1366 2656 corf„
1399 2624 1469 2647 vor
1492 2613 1597 2647 einer

132 2665 405 2708 Katastrophe‚
437 2663 513 2697 wie
538 2663 621 2707 die,
654 2663 715 2697 die
741 2675 782 2698 er
807 2675 852 2698 zu
874 2663 1078 2699 Corfinium
1105 2661 1278 2695 er'duldet
1303 2661 1378 2694 hat.
1419 2660 1596 2701 veretur,

133 2721 198 2754 ne,
240 2710 272 2745 Si
306 2710 351 2743 ad
377 2709 596 2754 Pompeium
629 2720 670 2744 se
701 2711 885 2750 conserat.
929 2710 1073 2744 tristem
1109 2708 1209 2741 illam
1246 2712 1284 2741 et
1315 2705 1596 2749 ignominiosam

134 2767 256 2792 retum
282 2756 588 2799 conversionem,
626 2766 734 2800 quam
759 2756 918 2792 Corfinii
944 2760 1122 2802 expertus
1148 2760 1224 2798 est,
1262 2753 1397 2787 iterum
1421 2752 1598 2796 experia-
