1795 3043
213 88 314 135 452
490 81 554 128 Μ.
592 81 646 125 Τ.
686 79 1029 127 CICERONIS
1063 77 1441 130 EPISTOLAE.

216 195 329 236 filius
358 193 470 246 apud
490 192 710 233 Caesarem
741 194 818 235 est.
876 193 997 241 Quod
1025 193 1167 233 autem
1196 191 1317 246 quasi
1346 194 1488 235 vereri
1514 193 1685 242 videris,

219 265 273 293 nc
309 252 413 292 mihi
449 251 524 290 tua
564 250 745 290 consilia
781 250 1060 303 displiceant:
1108 262 1175 291 me
1211 262 1312 292 vero
1352 252 1464 292 nihil
1505 251 1690 293 delectat

219 308 337 350 aliud
367 306 452 346 nisi
482 306 704 347 consilium
735 307 776 348 et
805 308 956 348 literae
985 309 1096 347 tuae..
1157 307 1297 354 Quare
1334 307 1431 360 fac,
1468 309 1517 349 ut.
1555 310 1689 349 osten-

228 366 316 412 dis,
355 376 410 403 ne
439 362 650 404 destiteris
679 363 732 404 ad
760 377 852 417 me,
892 363 1099 416 quidquid
1127 364 1207 405 tibi
1234 365 1280 405 in
1300 366 1485 405 mentem
1512 365 1691 417 venerit,

175 420 204 459 2
226 421 426 463 scribere.
500 420 610 461 Mihi
645 421 757 463 nihil
793 422 931 474 potest
960 434 1051 462 esse
1082 421 1255 474 gratius.
1329 422 1462 462 Venio
1499 421 1554 462 ad
1589 423 1717 462 alte-¹

225 491 317 519 ram
335 487 448 517 nunc
471 477 708 530 epistolam.
765 477 898 520 Recte
928 490 1012 519 non
1043 478 1182 518 credis
1211 478 1263 519 de
1291 488 1465 519 numero
1495 477 1690 519 militum.

222 536 322 588 Ipso
364 533 538 575 dimidio
576 536 675 586 plus
712 536 883 588 scripsit
913 535 1071 576 Clodia.
1129 536 1304 576 Falsum
1343 536 1471 576 etiam
1504 535 1557 576 de
1598 547 1690 575 cor-

223 592 363 644 ruptis
393 591 587 633 navibus.
646 592 767 638 Quod
796 594 993 632 consules
1020 592 1187 640 laudas;
1219 604 1296 645 ego
1317 603 1484 644 quoque
1505 591 1692 633 animum

223 649 377 699 laudo,
418 648 526 700 [sed]
559 649 784 688 consilium
813 649 1093 700 reprehendo.
1150 649 1351 690 Discessu
1378 649 1491 690 enim
1519 649 1692 688 illorum

225 706 339 746 actio
383 706 436 746 de
477 717 584 758 pace
620 704 787 746 sublata
825 708 915 754 est;
971 717 1097 756 quam
1138 706 1310 757 quidem
1340 718 1416 759 ego
1445 705 1692 746 meditabar.

223 763 375 813 Itaque
415 764 563 815 postea
592 761 795 801 Demetrii
823 761 982 801 librum
1018 761 1070 801 de
1100 763 1328 804 concordia
1357 763 1437 803 tibi
1465 762 1615 803 remisi
1650 762 1694 801 et

223 819 451 860 Philotimo
481 819 593 860 dedi.
650 818 740 859 Nec
779 828 880 858 vero
923 816 1097 866 dubito,
1142 819 1246 870 quin
1275 820 1503 871 exitiosum
1533 819 1693 860 bellum

224 877 493 928 impendeat,
541 875 661 915 cuius
696 874 868 915 initium
905 875 1088 915 ducetur
1124 888 1149 916 a
1186 877 1310 916 fame.
1370 878 1427 917 Et
1455 889 1521 918 ine
1550 879 1692 916 tamen
1744 894 1745 904 π

225 933 348 975 doleo
379 945 464 973 non
493 932 696 973 interesse
724 932 828 971 huic
856 930 995 973 bello!
1054 931 1100 972 in
1141 944 1224 983 quo
1264 934 1384 974 tanta
1411 935 1477 974 vis
1515 932 1692 974 sceleris

222 991 371 1031 futura
411 992 500 1043 est,
551 991 623 1042 ut,
669 1001 800 1040 quum
848 990 1047 1040 parentes
1094 1002 1179 1030 non
1215 990 1333 1030 alere
1381 991 1588 1030 nefarium
1626 990 1692 1042 sit,

224 1048 360 1087 nostri
402 1046 618 1100 principes
653 1046 994 1096 antiquissimam
1034 1047 1077 1086 et
1115 1045 1421 1087 sanctissimam
1457 1047 1693 1100 parentem,

220 1105 428 1157 patriam,
458 1105 569 1144 fame
598 1102 1038 1155 necandamputent?
1096 1103 1237 1154 Atque
1267 1105 1349 1144 hoc
1379 1116 1462 1144 non
1488 1103 1691 1156 opinione

220 1163 370 1209 timeo,
419 1160 492 1201 sed
531 1160 707 1199 interfui
743 1160 1018 1199 sermonibus.
1078 1159 1224 1199 Omnis
1261 1161 1367 1200 haec
1407 1159 1694 1209 classisAle-

221 1218 430 1269 xandrea,
469 1217 663 1263 Colchis,
702 1217 839 1267 Tyro,
879 1217 1057 1266 Sidone,
1088 1216 1255 1264 Arado,
1288 1216 1454 1269 Cypro,
1484 1218 1693 1270 Pamphy-

220 1275 298 1322 lia,
330 1275 483 1327 Lycia,
514 1272 684 1322 Rhodo,
715 1272 835 1321 Chio,
865 1272 1085 1325 Byzantio,
1119 1272 1271 1320 Lesbo,
1304 1274 1497 1326 Smyrna,
1527 1274 1693 1324 Mileto,

218 1396 332 1431 lautis
364 1397 548 1430 fortunam
579 1395 723 1430 subeat.
772 1393 836 1428 Sic
868 1393 1154 1437 intelligendum
1181 1404 1263 1428 esse
1289 1393 1385 1427 hunc
1410 1393 1556 1438 locum,
1596 1395 1692 1429 bene

222 1442 352 1476 docuit
376 1441 628 1486 Moxigaltius,
669 1440 883 1486 comparari
918 1441 1050 1474 iubens
1076 1441 1121 1474 ad
1146 1440 1259 1474 Λαὶς.
1287 1441 1345 1483 Χ,
1371 1442 1392 1475 8
1419 1441 1468 1483 (h.
1497 1441 1555 1475 ed.
1580 1442 1691 1483 376.).

218 1490 329 1523 SCH.
366 1490 493 1523 Ueber
518 1488 845 1532 dasSpruchwort
871 1497 897 1521 s.
924 1487 1134 1520 znTuscul.
1163 1488 1232 1529 Qq.
1259 1487 1333 1529 111,
1366 1487 1422 1530 12,
1448 1488 1503 1521 27.
1553 1488 1607 1531 V,
1633 1487 1690 1527 20,

219 1538 293 1570 57.
323 1536 386 1576 21,
413 1537 472 1572 62.
511 1536 658 1578 22,63.
703 1534 752 1577 V,
776 1534 842 1586 34,
869 1534 923 1567 98.
964 1533 1010 1567 de
1038 1533 1687 1577 Olficc.11,7,25.111‚10‚45'.

218 1583 342 1627 „VVas
378 1581 510 1616 xviirde
541 1582 631 1614 aber
666 1591 731 1614 aus
764 1579 835 1614 mir
867 1580 920 1613 als
926 1579 1023 1613 dann
1047 1580 1222 1622 werden,
1262 1590 1372 1613 weun
1396 1579 1601 1624 Pompeius
1633 1579 1688 1614 als

218 1608 355 1680 S’ieger
391 1627 690 1662 zuriickkame3’'
726 1643 772 1652 —-
824 1626 977 1669 Titinii,
1018 1626 1156 1668 equitis
1189 1626 1347 1660 Romani
1382 1632 1420 1660 et
1449 1626 1688 1670 feneratoris,

217 1675 325 1708 cuius
361 1673 480 1708 filium
515 1674 614 1718 apud
647 1674 845 1708 Caesarem
880 1682 962 1707 esse
997 1671 1072 1706 sibi
1102 1682 1123 1705 a
1156 1672 1298 1706 Fu1nio
1331 1671 1536 1707 nuntiatum
1572 1682 1687 1718 supra
1753 1709 1757 1712 ,

218 1721 423 1765 scripserat
448 1732 508 1765 ep.
530 1721 619 1761 347,
644 1721 680 1755 6.
705 1720 814 1753 SCH.

307 1778 341 1812 2.
376 1778 419 1811 cle
444 1789 592 1811 numero
618 1777 796 1820 millium,
830 1776 922 1811 Was
945 1777 1040 1811 uber
1064 1776 1126 1810 die
1143 1776 1289 1811 Anzahl
1314 1776 1380 1811 der
1402 1776 1597 1822 Truppen,
1623 1773 1687 1810 die

216 1824 421 1868 Pompeius
451 1825 515 1859 bei
545 1824 625 1859 sich
660 1824 779 1867 habe,
826 1823 908 1857 sich
939 1822 1001 1856 hie
1034 1823 1108 1856 und
1134 1823 1181 1857 da
1204 1824 1419 1860 xerbreitet.
1445 1841 1491 1848 —-
1539 1823 1686 1866 clodia,

215 1870 326 1903 Lucii
350 1871 516 1914 Metelli,
547 1869 689 1904 tribuni
714 1870 784 1914 pL,
810 1876 940 1903 socrus
967 1869 1143 1914 (vid.'ep.
1162 1869 1423 1912 CCCXLVH,
1446 1871 1498 1911 3.)
1524 1868 1701 1912 scripse-‘

214 1923 274 1950 rat
298 1917 524 1960 Pompeium
550 1928 631 1950 cum
656 1917 782 1949 XXX.
809 1915 976 1949 millibus
1002 1915 1160 1949 militum
1192 1926 1293 1949 mare
1324 1915 1529 1949 transiisse.
1579 1915 1684 1958 Ergo

216 1961 380 1996 nondum
411 1964 502 1999 XV.
526 1963 644 1997 millia
675 1961 895 2006 Pompeium
926 1961 1066 1995 habere
1103 1961 1238 1995 Cicero
1271 1961 1336 1999 ait
1368 1961 1478 1996 SCH.
1510 1979 1556 1986 -—
1602 1972 1685 2006 cor-

215 2012 312 2052 rupi.
338 2020 419 2042 nav.
431 2033 443 2052 ,
476 2020 568 2053 quas
602 2009 669 2043 illa
701 2009 907 2054 scripse1at
939 2019 961 2041 a
984 2007 1168 2052 Pompeio
1202 2007 1263 2042 vel
1289 2007 1459 2042 incensas
1491 2008 1552 2042 vel
1576 2018 1686 2051 prae-

215 2055 270 2088 cis
274 2066 312 2089 as
344 2066 439 2090 esse.
491 2056 548 2090 Cf.
583 2066 641 2100 ep.
667 2056 748 2091 317.
780 2055 889 2089 SCH.
922 2072 967 2079 --
1015 2055 1198 2097 animum,
1245 2053 1355 2088 ihren
1379 2060 1492 2098 guten
1518 2053 1684 2098 Willen·

213 2102 427 2146 consilium,
464 2102 550 2135 ihre
574 2101 821 2145 Massiegeln.
871 2101 964 2144 [sed]
991 2112 1060 2134 om.
1088 2100 1173 2134 Asc.
1200 2110 1274 2133 sec.
1303 2101 1400 2134 Ciat.
1430 2101 1528 2134 Man.
1553 2100 1682 2134 Lamb.
1740 2131 1743 2133 ,

209 2148 300 2190 Ego
326 2149 381 2191 [].
416 2147 489 2181 ΟΕ.
528 2166 570 2173 -
618 2149 798 2191 discessu,
842 2148 919 2181 Md
952 2148 1130 2191 dispersu.
1181 2146 1285 2180 Caes.
1321 2145 1368 2179 de
1392 2145 1434 2180 B.
1463 2146 1543 2180 Civ.
1570 2148 1612 2189 l,
1638 2147 1684 2181 26

213 2193 296 2237 gibt
330 2194 385 2226 als
422 2193 484 2227 die
509 2194 700 2239 Ursache,
745 2204 888 2228 warum
921 2193 1003 2228 sein
1034 2191 1289 2235 nochmaliger
1312 2192 1459 2235 Antrag
1490 2201 1535 2225 zu
1561 2191 1684 2226 einem

214 2239 409 2283 gutlichen
440 2241 673 2284 Vergleiche
689 2220 815 2274 nicht
849 2249 1117 2284 angenommen
1155 2238 1230 2282 sei,
1277 2237 1340 2271 die
1364 2238 1581 2282 Erkl'arung
1615 2238 1683 2273 des

213 2285 420 2331 Pompeius
446 2296 510 2319 an:
543 2298 614 2329 „es
637 2288 762 2321 kbnne
796 2297 963 2331 wegen
997 2284 1337 2319 Abwesenheit
1367 2284 1450 2318 der
1474 2285 1682 2318 Consuln

211 2332 325 2366 keine
349 2332 661 2377 Unte1handlung
691 2333 816 2367 dieser
840 2334 911 2367 Art
944 2332 1040 2368 Statt
1063 2331 1200 2365 finden.
1204 2332 1223 2346 ’³
1270 2330 1388 2364 Diese
1417 2341 1545 2364 waren
1580 2341 1681 2365 nam-

213 2379 290 2412 lich
316 2378 378 2412 bei
403 2378 610 2422 Pompeius
635 2379 737 2413 nicht
762 2379 975 2423 geblieben.
1002 2397 1043 2402 —
1083 2376 1265 2411 Demetrii
1289 2376 1374 2410 lz'br.
1403 2377 1446 2410 de
1470 2377 1678 2411 concordia.

213 2425 253 2460 S.
281 2436 339 2470 ep.
359 2425 624 2467 CCCXXXV,
649 2427 682 2459 6.
720 2444 765 2450 -
811 2437 835 2459 α
858 2427 973 2469 fame,
1010 2424 1077 2458 der
1107 2423 1175 2457 mit
1198 2423 1466 2466 Hungersnoth
1492 2422 1678 2467 beginnen

211 2471 322 2504 wind.
378 2470 582 2515 Pompeius
613 2472 744 2505 wollte
781 2472 854 2505 alle
887 2471 1029 2505 Zusuhr
1060 2480 1133 2503 von
1167 2469 1302 2503 Italien
1334 2468 1600 2503 abschneiden.
1631 2486 1676 2494 —

211 2517 259 2550 Et
276 2527 332 2550 me
361 2543 369 2552 .
417 2517 534 2550 ,Ιιιιὶε
551 2517 664 2550 bello!
704 2518 774 2551 Est
789 2516 1032 2552 exclamatio:
1072 2516 1175 2559 „Qui
1198 2515 1344 2549 tandem
1370 2514 1500 2549 dolere
1524 2525 1676 2560 possum

211 2574 271 2597 me
296 2574 369 2597 non
396 2564 577 2597 interesse
601 2563 688 2597 huic
713 2564 861 2597 bello!”
877 2574 974 2606 qua
998 2562 1170 2605 neglecta
1201 2562 1238 2596 in
1264 2561 1361 2596 Edd.
1388 2561 1556 2595 omnibus
1581 2561 1676 2594 adeo

210 2609 372 2643 absurda
404 2610 446 2643 fit
475 2609 675 2650 sententia,
716 2615 755 2643 ut
781 2609 868 2644 Sch.
904 2610 996 2643 haec
1020 2615 1203 2651 tamquam
1227 2619 1250 2642 a
1273 2609 1483 2652 glossatore
1507 2607 1676 2652 profecta
1720 2607 1728 2644 ’,
1757 2608 1759 2616 ’

209 2655 416 2690 incluserit.
442 2674 487 2681 —
535 2667 640 2700 quum
664 2666 711 2689 =
723 2656 921 2708 obgleich.
948 2675 991 2680 -—
1031 2655 1148 2688 noslii
1168 2655 1371 2699 principes,
1398 2653 1461 2687 die
1483 2653 1675 2695 Antiihrer

207 2704 288 2735 uns⁷
291 2713 353 2735 rei
389 2702 530 2736 Partei.
564 2721 610 2727 —-
669 2690 859 2746 opi'nione,
906 2711 971 2736 aus
1008 2701 1290 2745 Vermuthung‚
1340 2699 1586 2743 Einbildung.
1628 2717 1674 2724 —-

204 2748 433 2782 sermonibus
450 2748 648 2793 eiusmodi,
672 2766 717 2773 —
754 2747 918 2789 Colchis,
944 2758 1077 2782 nomen
1091 2747 1226 2793 populi
1249 2756 1320 2793 pro
1337 2745 1506 2790 regionis
1522 2744 1672 2781 nomine
