1795 3043
172 1383 201 1423 [ὗ

211 59 312 107 344
479 56 544 104 Μ.
569 58 625 104 Τ.
656 57 999 106 CICERONIS
1032 57 1406 107 EPISTOLAE.

213 179 318 221 esse,
345 180 469 221 quem
495 171 583 210 tota
611 170 718 211 haec
748 170 973 225 Campania
996 172 1038 212 et
1066 170 1275 212 maritima
1304 183 1380 212 ora
1406 170 1562 214 habeat
1589 171 1670 212 ἐπί-

214 238 378 274 σκοπον,
410 226 463 266 ad
492 239 616 278 quem
645 227 834 268 delectus
862 231 904 269 et
933 241 1094 270 summa
1122 229 1281 282 negotii
1310 228 1533 272 referatur.
1589 231 1672 272 Ita-

217 294 298 334 que
326 295 454 335 vagus
484 294 575 323 esse
601 284 849 337 cogitabam.
917 287 977 326 Te
1016 287 1120 338 puto
1158 285 1242 326 iam
1280 284 1445 334 videre,
1483 298 1589 338 quae
1618 287 1673 327 sit

219 336 324 387 όρμή
353 338 567 389 Caesaris,
606 342 681 393 qui
717 344 920 395 populus,
962 343 1037 394 qui
1065 342 1194 382 totius
1221 342 1379 395 negotii
1409 343 1552 384 status.
1609 345 1674 384 Ea.

218 397 345 436 velim
374 396 534 437 scribas
564 397 617 438 ad
644 411 732 446 me,
763 400 806 438 et
833 399 1025 451 quidem,
1072 399 1269 451 quoniam
1307 398 1526 440 mutabilia
1562 402 1670 448 sunt,

219 454 632 550 quamtsaepissime.
698 456 935 509 Aequiesco
966 457 1077 498 enim
1106 458 1149 498 et
1176 456 1365 498 scribens
1393 455 1446 498 ad
1474 459 1516 497 te
1545 458 1587 498 et
1615 459 1674 499 le-

217 520 319 561 gens
367 522 432 550 ua.

422 670 739 718 EPISTOLA
782 672 955 720 CCCV.
999 673 1081 734 (ad
1115 675 1206 721 Att.
1241 672 1349 720 VII.
1373 672 1474 732 12.)

377 745 461 781 scr.
486 747 649 782 Formiis
673 749 723 782 x.
749 748 835 783 Kal.
860 749 972 784 Febr.
997 749 1042 783 A.
1068 750 1114 786 U.
1140 751 1182 786 c.
1208 751 1286 787 705.
1312 752 1358 794 (a.
1384 750 1423 785 c,
1448 750 1523 793 49.)

220 811 394 857 Pompeii
419 819 553 849 statum
577 826 754 861 suamque
779 817 927 852 consilii
949 817 1111 862 inopiam
1136 818 1317 862 queritur,
1344 818 1538 854 Caesarem
1563 817 1679 861 timet,

219 857 377 895 Labieni
411 860 616 896 discessum
647 864 692 897 ab
727 874 771 897 eo
803 874 844 898 se
877 874 947 908 pro
981 870 1084 898 certo
1108 864 1248 899 habere
1278 865 1421 899 nuntiat
1447 870 1504 909 et,
1537 869 1577 899 ut
1607 864 1680 900 sibi

448 907 597 943 Atticus
622 920 730 954 quam
754 909 972 955 saepissime
995 910 1157 954 scribat,
1193 911 1300 956 petit.
1335 912 1453 945 1—6.

709 978 896 1013 CICERO
927 978 1119 1013 ATTICO
1157 978 1196 1014 S.

334 1033 469 1075 Unam
498 1035 635 1077 adhuc
664 1050 689 1077 a
719 1038 760 1077 te
781 1038 1001 1090 epistolam
1019 1049 1282 1090 acceperam,
1312 1035 1453 1078 datam
1468 1048 1550 1079 x11.
1571 1035 1682 1084 Kal„

220 1088 267 1131 in
297 1101 379 1140 qua
407 1092 725 1145 significabatur
753 1095 884 1134 aliam
912 1095 954 1133 te
984 1096 1083 1135 ante
1110 1094 1286 1142 dedisse,
1319 1106 1443 1145 quam
1460 1105 1545 1133 non
1564 1104 1685 1133 acce-

220 1157 379 1198 peram.
439 1149 522 1189 Sed
544 1162 714 1201 quaeso,
745 1153 792 1191 ut
805 1151 966 1191 scribas
981 1162 1107 1203 quam
1130 1151 1384 1203 saepissime,
1404 1162 1488 1191 non
1506 1149 1628 1190 modo
1649 1149 1686 1189 si

223 1203 323 1255 quid
339 1205 447 1246 scies
466 1207 538 1246 aut
551 1207 751 1259 audieris,
775 1208 848 1248 sed
866 1209 993 1248 etiam
1010 1208 1044 1247 si
1057 1208 1160 1258 quid
1174 1207 1458 1259 suspicabere,
1487 1207 1686 1246 maxime-

223 1271 320 1311 que,
344 1262 444 1312 quid
464 1262 586 1302 nobis
597 1264 837 1304 faciendum
850 1266 923 1303 aut
934 1277 1018 1304 non
1036 1264 1274 1304 faciendum
1288 1266 1425 1314 putes.
1454 1262 1561 1303 Nam
1573 1261 1686 1314 quod

223 1328 369 1369 rogaS,
401 1330 559 1370 curem,
589 1322 636 1360 ut
665 1321 787 1368 scias,
820 1320 921 1371 quid
951 1321 1178 1373 Pompeius
1209 1322 1317 1373 agat,
1347 1332 1400 1359 ne
1428 1320 1566 1371 ipsum
1596 1319 1688 1370 qui-

225 1372 319 1414 dem
355 1374 464 1415 scire
501 1377 625 1427 puto,
675 1379 863 1417 nostrum
903 1376 1069 1428 quidem
1113 1389 1249 1420 nemo,
1323 1375 1417 1415 Vidi
1461 1374 1686 1416 Lentulum

224 1432 440 1471 consulem
469 1433 653 1473 Formiis
682 1447 722 1476 x.
740 1435 859 1483 KaL,
898 1434 986 1476 vidi
1026 1433 1249 1475 Libonem:
1288 1435 1416 1486 plena
1455 1432 1616 1473 timoris
1644 1433 1687 1472 et

223 1489 381 1529 erroris
408 1489 558 1530 omnia.
625 1491 704 1531 Ille
741 1491 824 1531 iter
863 1490 1081 1531 Larinum:
1131 1491 1192 1532 ibi
1232 1492 1343 1532 enim
1383 1490 1599 1537 cohortes,
1645 1489 1688 1528 et

223 1545 432 1585 Luceriae
462 1548 504 1586 et
532 1548 695 1588 Theani
725 1549 976 1599 reliquaque
995 1549 1039 1588 in
1056 1546 1228 1599 Apulia.
1286 1546 1390 1587 Inde
1419 1548 1560 1587 utrum
1590 1558 1688 1587 con-

222 1601 371 1643 sistere
399 1604 563 1655 uspiam
591 1604 717 1657 velit,
748 1617 801 1646 au
831 1617 946 1645 mare
975 1606 1170 1654 transire,
1201 1605 1401 1645 nescitur.
1459 1604 1506 1644 Si
1533 1605 1689 1655 manet,

225 1699 388 1735 wickeln
425 1702 533 1739 wird.
564 1722 610 1731 -
658 1705 871 1750 Campania.
940 1704 1003 1739 Sic
1036 1704 1103 1738 Cd.
1136 1704 1173 1738 in
1208 1714 1322 1748 marg.
1355 1705 1458 1739 1584.
1492 1705 1617 1738 Oxon.
1648 1704 1685 1741 2,

227 1747 313 1781 Asc.
332 1748 365 1781 2.
391 1748 476 1784 Asc.
492 1750 525 1784 2.
552 1751 651 1785 Crat.
677 1751 805 1786 Lamb.
856 1751 1041 1794 campana
1073 1751 1169 1785 Cett.
1203 1749 1277 1784 Sed
1303 1760 1369 1784 cur
1392 1750 1643 1794 distinguatur
1664 1761 1689 1783 α

228 1794 439 1838 maritima,
466 1807 533 1830 ora
558 1797 771 1841 Campana?
819 1797 1014 1832 ORELLI.
1040 1815 1084 1821 ·-
1132 1798 1410 1837 ἐπίσκοπον,
1442 1796 1686 1841 praefectum,

227 1839 500 1885 inspectorem,
546 1843 835 1878 Oberaufseher.
880 1862 923 1868 —-
986 1843 1161 1885 delectus,
1195 1842 1256 1875 die
1294 1842 1443 1886 dortige
1476 1843 1687 1886 Werbung,

226 1884 640 1933 Truppenaushebung.
665 1908 710 1914 —
755 1891 883 1933 Itaque
913 1900 1032 1931 vagus
1066 1899 1140 1922 esse
1170 1898 1279 1931 cog„
1313 1888 1373 1922 ich
1404 1888 1526 1922 denke
1558 1888 1688 1932 daher,

227 1942 287 1965 um
312 1932 373 1966 die
399 1933 533 1976 Augen
558 1935 704 1969 iiberall
728 1945 775 1968 zu
800 1936 938 1978 haben,
973 1936 1070 1968 mich
1096 1934 1272 1978 nirgends
1304 1935 1414 1978 lange
1438 1935 1683 1968 aufzuhalten.

226 1978 354 2012 Ueber
378 1978 449 2013 den
478 1980 626 2015 Nomin.
660 1992 692 2016 c.
719 1981 783 2015 inf.
815 1992 842 2016 s.
880 1981 1030 2015 Ramsh.
1067 1982 1096 2024 §.
1117 1982 1206 2022 168,
1242 1981 1296 2023 Β,
1321 1981 1364 2024 2,
1402 1981 1487 2017 Not.
1506 1981 1539 2014 2.
1571 1981 1628 2024 B,
1651 1982 1688 2024 4,

225 2024 310 2058 Not.
334 2027 367 2059 3.
407 2025 549 2060 Grotef.
583 2028 612 2070 ὖ.
638 2027 725 2071 312,
758 2028 863 2062 Anm.
885 2028 918 2061 2.
957 2045 1001 2052 -
1048 2037 1137 2071 quae
1161 2027 1209 2059 sit
1241 2026 1354 2073 ὁρμὴ
1390 2027 1582 2071 Caesaris,
1612 2037 1687 2069 quo

226 2071 354 2105 tendat
380 2077 416 2104 et
433 2083 609 2114 quorsum
632 2073 807 2118 impetum
833 2074 995 2107 facturus
1019 2073 1079 2107 sit.
1127 2072 1234 2106 SCH.
1259 2083 1343 2114 „wo
1370 2084 1410 2107 er
1425 2073 1555 2106 hinaus
1572 2073 1688 2107 will”.

225 2135 268 2141 —
317 2117 380 2163 qui
407 2128 513 2161 pop.,
545 2119 618 2153 wie
650 2120 714 2153 das
740 2119 843 2154 Volk
867 2119 1055 2163 gestimmt
1086 2117 1154 2152 sei.
1178 2136 1223 2142 --
1270 2128 1374 2161 quon.
1413 2122 1487 2151 mut
1516 2129 1566 2158 s.‚
1598 2118 1688 2153 weil

224 2163 305 2197 sich
331 2163 445 2197 sehon
470 2165 563 2197 iiber
587 2165 706 2199 Nacht
736 2166 865 2200 Etwas
891 2166 1030 2200 andern
1055 2165 1163 2198 kann.
1188 2182 1233 2188 —
1280 2164 1502 2207 Acquiesco,
1536 2165 1597 2198 ich
1622 2164 1687 2198 bin

227 2209 383 2253 ruhiger
417 2211 586 2254 sowohl,
619 2222 729 2245 wenn
761 2211 821 2245 ich
854 2223 889 2244 u.
922 2223 950 2246 s.
988 2222 1035 2244 w.
1093 2210 1183 2254 Vgl.
1219 2220 1277 2253 ep.
1293 2210 1487 2252 CCCVII,
1511 2211 1545 2244 4.
1582 2211 1688 2244 levat.

224 2256 321 2290 Ueb.
347 2255 409 2289 die
433 2256 572 2290 Panic.
600 2268 628 2290 s.
655 2257 805 2291 Ramsh.
831 2259 916 2301 171,
950 2258 1028 2296 ΙΙΙ,
1054 2256 1095 2298 2,
1127 2267 1158 2289 a.
1186 2256 1221 2289 b.
1247 2273 1291 2279 —
1340 2259 1419 2297 tua,
1456 2257 1583 2291 Etwas
1615 2267 1688 2290 von

225 2302 371 2338 Deiner
397 2301 503 2334 Hand
527 2314 574 2335 ..τ-
597 2308 678 2336 tuas
705 2303 852 2347 literas,
888 2303 997 2337 einen
1028 2302 1138 2336 Brief
1158 2312 1229 2334 von
1256 2300 1340 2335 Dir.

317 2349 349 2382 l.
384 2347 475 2382 XII.
508 2348 598 2382 Kal.
632 2349 768 2392 Febr.,
805 2361 861 2383 am
893 2350 949 2383 21.
976 2349 1085 2382 Febr.
1119 2366 1164 2373 —
1218 2347 1252 2380 si
1283 2348 1369 2391 quid
1401 2357 1448 2383 Ξ
1479 2349 1561 2390 εἶ’τι,
1596 2348 1688 2382 Was

226 2399 337 2428 etwa.
364 2412 408 2418 —
451 2397 565 2437 pates.
613 2394 689 2428 Md.
717 2396 841 2429 Oxon.
869 2397 900 2429 1.
925 2396 958 2431 2.
986 2396 1072 2428 Asc.
1093 2395 1123 2428 l.
1150 2394 1252 2428 Crat.
1277 2393 1379 2429 Viet.
1399 2394 1477 2428 1.2.
1501 2398 1620 2438 putas.
1644 2412 1691 2419 —

226 2441 320 2484 quod
344 2449 470 2481 rogas,
497 2450 636 2480 curem,
665 2444 700 2472 at
724 2442 832 2483 πίας,
858 2452 936 2475 was
961 2440 1083 2474 Deine
1106 2440 1209 2473 Bitte
1235 2440 1396 2483 betrifft,
1430 2439 1503 2473 Dir
1528 2450 1573 2474 zu
1599 2439 1690 2474 mel-

226 2486 310 2520 den.
361 2485 400 2519 S.
427 2485 574 2519 Ramsh.
602 2486 629 2528 ξ.
650 2487 729 2529 193,
747 2487 782 2528 4,
808 2487 890 2520 Not.
911 2488 940 2521 1.
967 2487 1060 2520 iiber
1085 2486 1156 2519 den
1180 2485 1390 2530 optativus.
1429 2505 1472 2510 —

316 2532 349 2565 2.
376 2531 425 2565 X.
441 2531 530 2565 Kal.
547 2557 556 2575 ,
584 2541 638 2564 am
663 2532 718 2566 23.
733 2533 842 2567 Febr.
869 2551 912 2557 -
960 2532 1147 2574 Libonem,
1172 2532 1243 2565 den
1268 2532 1312 2566 L.
1335 2531 1553 2566 Scribonius
1577 2529 1688 2573 Libo,

226 2578 296 2612 den
324 2577 648 2621 Schwiegervater
672 2577 738 2611 des
763 2578 923 2612 zweiten
949 2577 1071 2612 Sohns
1097 2588 1168 2610 von
1193 2578 1396 2623 Pompeius
1434 2579 1601 2621 Magnus.
1647 2576 1687 2612 S.

226 2635 285 2675 ep.
307 2624 396 2666 334,
423 2624 474 2661 B,
500 2624 533 2658 2.
583 2623 725 2657 Diesen
751 2624 814 2657 sah
840 2635 881 2658 er
906 2625 998 2657 auch
1023 2634 1067 2656 zu
1097 2624 1266 2658 Formiae
1292 2627 1361 2667 (am
1387 2623 1563 2667 heutigen
1587 2623 1691 2657 Mola
1742 2648 1745 2652 «

227 2669 266 2702 d1
301 2669 432 2712 Gaeta)
463 2668 500 2702 in
536 2669 681 2703 Latium
714 2681 862 2703 novum.
900 2689 944 2694 —
999 2670 1158 2713 errorz'S,
1200 2670 1460 2713 Verwirrung.
1498 2688 1542 2694 —
1599 2668 1689 2710 Ille,

227 2715 449 2762 Pompeia-st,
475 2716 546 2751 iier
571 2716 692 2760 (fecit)
718 2715 918 2761 Larinum,
951 2716 1041 2750 ietzt
1065 2716 1223 2756 Larino,
1257 2716 1363 2750 einer
1388 2713 1691 2760 Municipalstadt
