1795 3043
212 106 526 154 EPISTOLA
563 102 953 150 CCCLXXXVII.
1004 99 1378 146 CCCXXXVIII.
1422 104 1522 150 555

70 220 216 273 sippus
243 218 352 260 dixit
381 218 550 271 parari,
578 239 634 246 —
692 218 737 256 tu
768 215 877 255 nihil
908 213 1154 267 significasti
1182 236 1239 242 ——
1296 211 1347 252 de
1377 211 1521 260 domo;

70 279 164 328 quis
199 289 266 316 me
305 276 500 316 miserior
537 286 620 314 uno
659 274 745 314 iam
779 272 888 313 fuit?
948 274 1054 323 Oro,
1094 271 1291 317 obsecro,
1331 269 1523 321 ignosce:

69 346 154 373 non
184 345 353 385 possum
393 333 518 384 plura
549 330 748 371 scribere.
806 330 969 377 Quanto
999 340 1186 368 maerore
1215 338 1388 379 urgear,
1430 337 1523 377 pro-

70 391 181 430 secto
211 390 353 430 vides:
395 389 506 440 quod
536 388 571 427 si
601 387 707 427 mihi
737 398 958 427 commune
986 397 1083 426 cum
1107 385 1259 425 ceteris
1290 384 1416 433 esset,
1447 382 1522 432 qui

69 446 267 487 videntur
294 446 338 486 in
369 446 511 485 eadem
541 457 666 484 causa
697 455 814 494 esse,
858 444 995 482 minor
1024 454 1117 482 mea
1148 442 1273 492 culpa
1308 439 1523 479 videretur

70 506 112 543 et
142 515 190 543 eo
221 501 488 542 tolerabilior
517 504 636 541 esset.
695 500 816 540 Nunc
846 500 956 539 nihil
987 501 1069 550 est,
1117 497 1228 548 quod
1258 496 1522 543 consoletur3

69 560 151 599 nisi
180 559 280 610 quid
310 562 355 598 tu
386 558 546 609 efficis,
594 558 629 598 si
668 557 789 597 modo
828 557 952 596 etiam
989 568 1101 595 nunc
1132 554 1246 594 effici
1275 555 1432 604 potest,
1474 553 1523 592 ut

68 629 122 656 ne
151 628 234 666 qua
262 615 465 668 singulari
495 614 658 655 afficiar
688 613 926 655 calamitate
957 615 998 652 et
1025 611 1194 652 iniuria.
1253 610 1430 651 Tardius
1467 608 1521 649 ad
1543 607 1572 646 4

68 675 110 713 te
146 673 289 712 remisi
333 672 622 719 tabellarium,
671 671 781 722 quod
828 671 1012 721 potestas
1060 666 1254 709 mittendi
1301 679 1385 707 non
1422 666 1521 707 fuit.

67 731 104 771 A
127 730 211 769 tuis
241 732 282 769 et
310 741 568 769 nummorum
590 728 737 779 accepi
766 727 837 767 HS
861 740 954 767 Lxx.
986 728 1026 766 et
1044 726 1384 766 vestimentorum
1410 722 1521 774 quod

68 799 173 838 opus
202 787 295 825 fuit.
353 785 510 834 Quibus
538 785 618 825 tibi
646 784 859 825 videbitur
887 784 1014 824 velim
1043 783 1114 822 des
1145 783 1294 822 literas
1323 793 1415 820 meo
1444 791 1521 819 no·

69 844 195 885 mine.
253 842 373 883 Nosti
412 854 525 882 meos
566 842 813 882 familiares,
874 841 957 892 [Si]
992 841 1156 893 signum
1196 837 1413 890 requirent
1447 837 1521 877 aut

68 913 260 948 manum,
303 899 416 940 dices
449 899 535 951 [iis]
567 912 633 939 mc
662 901 835 951 propter
865 897 1076 938 custodias
1106 909 1155 938 ea
1183 896 1352 938 vitasse.

131 1083 445 1128 EPISTOLA
480 1081 894 1128 CCCLXXXVIII.
931 1080 1012 1142 (ad
1045 1081 1148 1125 DiV.
1185 1078 1315 1124 VIII.
1352 1080 1455 1137 17.)

240 1169 319 1204 Ser.
346 1169 486 1203 Romae
510 1180 635 1203 mense
660 1169 797 1203 Martio
825 1171 868 1203 A.
893 1168 936 1203 U.
963 1169 1003 1202 e.
1028 1169 1106 1203 705.
1133 1168 1181 1210 (a.
1208 1166 1250 1201 c.
1275 1166 1347 1208 48.)

135 1236 282 1272 Caelius
308 1248 348 1271 se
371 1238 673 1272 Caesai-ianarum
699 1238 859 1282 partium
886 1236 1082 1281 poenitere
1107 1235 1302 1279 significat.
1336 1233 1450 1268 1-2,

511 1316 726 1352 CAELIUS
762 1315 1004 1351 CICERONI
1035 1314 1075 1349 S.

178 1377 291 1428 Ergo
322 1388 388 1415 me
417 1377 557 1427 potius
584 1376 629 1416 in
649 1377 854 1428 Hispania
884 1376 1012 1415 fuisse
1041 1376 1150 1426 tum,
1178 1385 1304 1425 quam
1325 1369 1520 1420 Formiis,

67 1445 196 1484 quum
235 1436 280 1472 tu
310 1434 528 1485 profectus
557 1445 601 1473 es
638 1433 690 1473 ad
720 1431 993 1486 Pompeium?
1053 1430 1171 1479 Quod
1200 1431 1360 1470 utinam
1390 1428 1418 1480 -Χ-
1450 1430 1523 1471 aut

66 1567 124 1600 ep.
152 1555 367 1597 CCXCIII,
399 1557 431 1590 8.
458 1575 503 1581 -
550 1556 592 1589 de
616 1557 732 1590 domo.
782 1555 824 1589 Id
859 1555 984 1599 parari
1021 1554 1170 1587 dixerat
1191 1552 1445 1599 Chrysippu5‚
1485 1557 1527 1587 ut

65 1602 175 1635 domo
202 1612 267 1635 sua
293 1601 443 1643 Cicero,
477 1613 583 1644 quam
610 1603 767 1635 habebat
794 1602 830 1634 in
855 1600 1014 1646 palati0‚
1047 1600 1276 1644 privaretur5
1320 1606 1525 1645 propterea

66 1647 166 1691 quod
193 1655 291 1681 esset
315 1659 395 1680 cum
423 1648 615 1692 Pompeio.
648 1647 854 1682 MANUT.
879 1667 923 1672 —
972 1648 1066 1691 quod
1089 1647 1123 1679 si
1146 1645 1238 1680 mihi
1262 1656 1375 1679 comm
1401 1658 1431 1680 c.
1458 1650 1523 1680 cet.

65 1697 176 1736 esset,
219 1693 448 1727 widerfiihre
482 1694 565 1728 eine
590 1694 718 1728 solche
742 1694 989 1737 Behandlung
1021 1693 1114 1726 auch
1138 1692 1293 1734 Denen,
1332 1692 1393 1726 die
1426 1692 1524 1726 doch

66 1739 223 1774 einerlei
249 1739 368 1774 Sache
392 1740 456 1774 mit
481 1740 551 1773 mir
575 1750 621 1774 zu
646 1740 765 1773 haben
791 1740 987 1783 schemen,
1026 1739 1061 1773 d.
1088 1739 1113 1772 i.
1147 1739 1241 1772 auch
1265 1739 1336 1772 den
1364 1739 1522 1783 iibrigen

65 1786 350 1830 Pompeianern.
387 1805 423 1810 —
478 1787 603 1829 culpa,
639 1786 825 1820 insoferne
857 1797 898 1820 el·
928 1786 1011 1819 dem
1035 1785 1240 1830 Pompeius
1273 1785 1417 1829 gefolgt
1441 1796 1523 1819 war

67 1833 141 1866 und
176 1833 256 1865 sich
289 1831 452 1865 dadurch
486 1832 587 1865 diese
618 1832 865 1876 Beliandlung
898 1842 1113 1876 zugezogen
1149 1831 1260 1865 hatte.
1292 1850 1337 1855 —
1384 1842 1427 1864 ne
1450 1842 1522 1875 qua

65 1878 273 1920 singulari,
314 1878 396 1911 dass
428 1877 487 1910 ich
522 1878 622 1911 nicht
648 1879 764 1912 durch
791 1878 874 1912 eine
898 1878 996 1911 mich
1021 1889 1089 1911 vor
1114 1877 1211 1910 allen
1236 1877 1412 1911 Anderen
1437 1888 1523 1911 aus-

65 1924 294 1958 zeichnende
326 1924 608 1966 Misshandlung
643 1925 825 1967 gekr‘ankt
860 1924 999 1958 werde.
1033 1935 1079 1958 -τ
1114 1934 1188 1967 qua
1211 1922 1277 1957 alii
1301 1923 1523 1969 Pompeiani

65 1970 188 2005 affecti
214 1981 285 2002 non
310 1976 393 2003 sunt
419 1980 440 2002 a
464 1969 706 2004 Caesarianis.
738 1971 970 2005 ERNESTI.

155 2017 190 2050 4.
221 2019 257 2049 A
283 2017 375 2057 tuis,
418 2026 489 2048 von
518 2016 663 2049 Deinen
687 2017 848 2060 Lentem
888 2017 952 2060 qui
978 2027 1038 2050 res
1063 2021 1143 2049 tuas
1168 2015 1206 2048 in
1231 2015 1350 2060 Epiro
1376 2020 1520 2051 curant.

65 2063 172 2098 SCH.
210 2081 252 2086 —
299 2062 364 2095 HS
387 2062 496 2095 LXX
526 2073 572 2094 =
603 2063 822 2104 7‚000F10r.
856 2082 902 2088 -
947 2073 1025 2095 meo
1050 2063 1212 2103 nomine,
1248 2061 1283 2095 d.
1312 2061 1337 2096 i.
1364 2072 1428 2105 50,
1463 2062 1521 2096 als

67 2110 115 2143 ob
151 2109 218 2142 der
246 2107 356 2141 Brief
387 2119 458 2140 von
494 2108 563 2140 mir
595 2109 712 2142 selbst
743 2109 901 2144 komme.
942 2127 986 2133 —
1034 2108 1106 2151 [Sz']
1137 2108 1236 2149 sign.
1267 2118 1340 2152 req.
1374 2112 1436 2141 aut
1459 2120 1522 2152 m.,

65 2155 202 2189 sollten
227 2155 282 2188 sie
308 2154 403 2187 mein
421 2153 547 2197 Siegel
574 2154 645 2187 und
671 2154 789 2188 meine
804 2155 910 2188 Hand
937 2154 1150 2188 vermissen.
1188 2153 1232 2188 Si
1244 2154 1391 2196 signum
1416 2155 1519 2189 Crat.

65 2208 107 2235 ut
129 2201 280 2234 volebat
305 2200 499 2234 Graevius.
535 2200 676 2234 Placet.
726 2201 869 2245 Recepi
893 2201 1022 2235 saltem
1050 2211 1130 2233 cum
1156 2200 1171 2244 [
1195 2200 1208 2243 ]
1243 2201 1324 2234 Om.
1352 2201 1447 2235 Cett.
1471 2202 1518 2234 si.

68 2246 262 2281 ORELLI.
295 2265 339 2271 -—
386 2247 464 2290 [iis]
500 2244 564 2280 Sic
589 2248 673 2280 Asc.
698 2257 754 2291 pr.
791 2247 906 2290 Seqq.
940 2252 1025 2280 ante
1049 2247 1137 2280 Ern.
1180 2247 1278 2280 dices
1302 2247 1358 2279 vel
1396 2248 1520 2282 Oxon.

66 2296 100 2329 1.
126 2294 160 2328 2.
191 2293 287 2327 Ball.
322 2293 474 2326 Helmst.
510 2292 616 2325 Rom.
655 2292 717 2334 (de
742 2293 819 2327 Md.
848 2303 921 2326 non
946 2292 1034 2326 satis
1060 2295 1233 2334 constat.)
1282 2292 1368 2326 Del.
1396 2295 1444 2325 iis
1472 2293 1521 2327 de

67 2339 219 2373 Graevii
250 2339 433 2372 sententia
468 2338 558 2372 Ern.
593 2337 678 2374 Sch.
711 2339 804 2373 Liin.
845 2339 917 2372 ΟΕ.
949 2358 990 2363 -
1039 2349 1094 2372 me
1114 2342 1231 2382 propt.
1260 2342 1347 2371 cust.
1373 2349 1415 2372 ea
1438 2339 1519 2382 vil„

66 2385 125 2419 ich
152 2386 251 2418 hatte
276 2385 353 2418 Das
378 2395 510 2428 wegen
536 2384 676 2417 meiner
700 2385 906 2429 Auspasser
930 2384 1160 2427 vermieden;
1199 2384 1283 2418 falls
1309 2385 1370 2418 die
1390 2385 1520 2419 Briefe

67 2438 166 2466 etwa
190 2431 434 2474 ausgesangen
448 2431 613 2465 wiirden.
649 2430 687 2465 S.
709 2442 766 2475 ep.
787 2431 1082 2474 CCCLXXXII,
1098 2431 1130 2465 2.
1156 2431 1470 2475 CCCLXXVIII,
1484 2432 1518 2466 2.

157 2487 390 2521 CAELIUS.
439 2487 477 2522 S.
505 2498 550 2521 zu
576 2499 635 2532 ep.
653 2487 792 2521 CXCII
816 2487 864 2520 im
888 2488 973 2522 Ans.
1033 2488 1172 2522 Dieser
1194 2487 1300 2521 Brief
1329 2487 1378 2521 ist
1411 2494 1521 2522 unter

65 2534 137 2568 den
162 2536 203 2568 17
225 2534 373 2567 Briesen
408 2534 472 2568 des
491 2534 645 2567 Pr'ators
670 2533 794 2567 C'alius
831 2533 898 2567 der
919 2535 1055 2576 letzte,
1094 2534 1162 2567 der
1187 2533 1358 2577 zugleich
1385 2533 1520 2568 dessen

65 2580 315 2621 brausenden,
342 2579 649 2623 leichtsinnigen,
676 2579 903 2624 unruhigen,
935 2580 1121 2614 zwischen
1146 2580 1232 2614 iibel
1258 2580 1520 2614 berechnetem

66 2627 226 2660 Gefiihle
259 2625 382 2659 seiner
415 2626 521 2659 Krast
559 2626 629 2659 und
663 2626 876 2669 gerechtem
909 2626 1131 2660 Misstrauen
1171 2625 1206 2658 in
1244 2626 1303 2659 die
1335 2626 1520 2669 Klugheit

65 2673 188 2705 seiher
201 2672 432 2714 Massregeln
459 2671 755 2705 schwankenden
768 2672 875 2705 Geist
899 2672 972 2705 und
996 2672 1059 2705 die
1080 2672 1212 2705 daraus
1228 2672 1520 2715 entspringende

63 2717 370 2753 vermessenheit
395 2717 466 2750 und
485 2717 817 2760 Unbest’andigkeit
842 2729 896 2751 am
916 2718 1101 2751 starksten
1125 2717 1346 2761 ausspricht.
1388 2718 1443 2752 Er
1456 2718 1519 2751 hat

63 2764 141 2799 sein
166 2764 272 2799 Facit
297 2763 392 2798 beim
411 2764 523 2799 Gasar
548 2764 648 2799 ulcht
672 2763 857 2808 gerunden
884 2763 956 2799 und
981 2763 1090 2799 kehrt
1115 2763 1288 2799 desshalb
1312 2773 1380 2798 zur
1396 2763 1520 2799 Sache
