1795 3043
559 61 876 110 EPlsToLA
921 60 1169 108 CCXCIII.
1493 70 1593 117 303

135 186 247 226 serre
276 193 356 222 nec
384 181 529 221 feram.
591 175 726 228 Cupio
757 175 810 215 ad
839 186 983 214 omues
1011 176 1105 215 tuas
1129 174 1330 227 epistolas
1340 189 1353 225 ;
1385 175 1456 216 sed
1485 177 1596 221 nihil
1618 193 1646 233 3

135 252 309 282 necesse
340 240 417 279 est.
482 235 571 275 Iam
602 234 713 274 enim
742 234 784 273 te
822 231 989 273 videbo.
1056 232 1168 272 lllud
1202 234 1342 273 tamen
1380 233 1431 274 de
1468 234 1597 290 Chry-

134 300 280 350 sippo:
317 308 415 336 nam
452 293 504 333 de
540 292 674 332 altero
705 291 781 330 illo
812 289 950 329 minus
988 302 1079 329 sum
1108 290 1358 343 admiratus,
1400 294 1595 343 operario

136 355 322 397 homine.
395 351 478 393 Sed
515 351 654 390 tamen
695 360 747 388 ne
775 347 852 387 illo
883 346 1055 397 quidem
1085 348 1313 399 quidquam
1349 348 1596 400 improbius.

138 412 418 465 Chrysippum
446 419 560 456 vero,
589 418 714 458 quem
743 417 819 457 ego
846 406 1022 457 propter
1041 404 1305 445 literularum
1320 407 1463 446 nescio
1494 407 1597 459 quid

137 468 323 509 libenter
352 465 458 517 vidi,
486 465 529 504 in
560 464 721 502 honore
737 461 882 513 habui,
912 461 1128 501 discedere
1159 476 1183 500 a
1212 474 1359 515 puero,
1387 463 1596 505 insciente

138 527 224 567 me!
284 524 410 564 Mitto
441 521 549 573 alia,
586 532 694 570 quae
730 519 879 565 audio,
923 519 1074 565 multa3
1122 518 1245 558 mitto
1279 520 1411 560 furta:
1452 522 1596 574 fugam

139 595 222 623 non
264 583 373 633 sero,
425 591 507 630 qua
546 577 651 617 mihi
688 576 799 616 nihil
833 575 967 615 visum
1017 576 1080 614 est
1120 576 1381 618 sceleratius.
1446 578 1596 630 Itaque

138 637 338 691 usurpavi
368 638 486 678 vetus
514 633 621 674 illud
651 632 804 684 Drusi,
834 634 882 672 ut
911 634 1078 683 serunt,
1116 633 1323 684 praetoris
1351 633 1395 672 in
1429 647 1492 687 co,
1521 634 1596 687 qui

139 696 285 737 eadem
314 694 423 735 liber
451 704 534 732 non
577 690 755 739 iuraret3
797 701 863 729 me
903 689 1005 729 istos
1045 689 1202 730 liberos
1240 702 1325 729 non
1363 691 1593 741 addixisse5

136 752 385 806 praesertim
413 761 542 802 quum
572 748 734 789 adesset
763 759 907 795 nemo,
946 761 971 787 a
999 759 1081 797 quo
1112 748 1229 787 recte
1262 747 1595 791 vindicarentur.

135 882 216 919 scil.
241 880 551 927 supplicationem
577 878 752 913 decrevit.
796 877 910 913 Sonst
935 878 1090 912 dauerte
1114 878 1197 912 eine
1223 879 1351 914 solche
1367 880 1594 925 supplicatio

134 940 205 963 nur
230 928 311 962 drei
337 928 453 971 Tage.
502 927 556 960 Er
588 933 702 959 nennt
737 925 912 960 desshalb
938 924 1041 958 diese
1072 925 1120 958 im
1147 926 1176 968 §.
1201 927 1222 961 6
1252 926 1336 960 eine
1368 928 1596 971 amplissima

135 974 361 1020 supplicatio
387 985 422 1007 u.
451 973 516 1007 des
532 972 691 1007 Bibulus
707 971 914 1007 Schreiben
940 981 985 1003 an
1012 970 1082 1004 den
1109 970 1222 1005 Sonat
1246 972 1384 1016 impud.
1410 974 1465 1009 lz't.
1488 975 1596 1009 ‘Dass

136 1021 271 1056 Cicero
298 1020 364 1054 mit
390 1019 510 1054 einem
528 1019 654 1053 Malile
680 1018 771 1053 ietzt
795 1018 859 1051 auf
873 1018 964 1051 Cato
990 1016 1027 1049 in
1054 1017 1135 1050 dem
1155 1018 1279 1052 Grade
1304 1019 1478 1063 unwillig
1501 1032 1593 1064 war,

134 1068 219 1101 kam
244 1067 377 1109 daher,
411 1066 500 1099 weil
525 1065 650 1098 dieser
674 1075 747 1098 nun
774 1064 868 1097 dem
892 1062 1088 1097 Bibulus
1113 1074 1155 1097 so
1181 1075 1312 1107 grosse
1337 1065 1438 1099 Ehre
1464 1066 1596 1101 decre-

135 1114 203 1148 tirt
227 1114 329 1147 hatte
355 1111 429 1145 und
453 1111 589 1145 Cicero
626 1110 800 1144 desshalb
831 1108 966 1151 meint,
1004 1109 1097 1142 Cato
1123 1110 1219 1144 habe
1243 1110 1329 1144 ihm
1356 1110 1440 1145 eine
1464 1113 1594 1147 solche

134 1160 236 1195 Ehre
260 1158 478 1202 missgonnt.
527 1157 658 1191 Casars
681 1156 794 1190 Brief
818 1165 898 1188 war
929 1154 1038 1188 dabei
1072 1154 1175 1190 nicht
1199 1157 1424 1191 unwirksam
1449 1159 1594 1201 geblie-

134 1206 219 1241 ben.
268 1205 400 1239 Indess
425 1203 572 1237 mochte
598 1203 689 1237 Cato
715 1202 892 1246 geglaubt
915 1201 1058 1245 haben,
1089 1202 1210 1236 einem
1235 1213 1276 1237 so
1303 1203 1417 1238 eitlen
1441 1206 1592 1251 Manne,

134 1252 209 1287 wie
233 1251 415 1293 Bibulus,
449 1249 504 1283 sei
530 1249 642 1283 damit
675 1249 762 1283 sehr
786 1248 950 1292 gedient.
1001 1248 1108 1282 Auch
1140 1249 1271 1283 wollte
1305 1249 1367 1283 die
1398 1251 1595 1286 Anticasa-

135 1297 259 1332 rische
282 1296 412 1332 Partei
437 1305 514 1328 aus
540 1294 726 1328 Politik
752 1295 817 1328 auf
846 1294 906 1327 dic
930 1294 1177 1338 Beruhigung
1206 1295 1272 1329 des
1298 1295 1448 1331 Orients
1473 1298 1594 1333 durch

134 1344 294 1378 Bibulus
320 1343 381 1376 ein
406 1352 447 1376 so
472 1340 698 1384 glauzendes
722 1340 834 1374 Licht
858 1341 1019 1382 werten,
1055 1351 1115 1374 um
1141 1341 1306 1375 dadurch
1328 1342 1394 1377 das
1419 1344 1526 1381 Volk
1554 1344 1594 1379 in

137 1390 220 1425 eine
246 1389 304 1422 sur
330 1388 385 1422 sie
411 1387 582 1431 gunstige
609 1386 816 1430 Stimmung
839 1395 885 1419 zu
910 1391 1119 1420 versetzen.

227 1436 258 1470 8.
288 1435 403 1478 Cupio
430 1433 511 1467 scil.
538 1433 760 1467 rescribere.
786 1452 830 1457 —-
873 1432 956 1465 Iam
980 1444 1026 1466 Ξ
1050 1432 1157 1472 bald,
1193 1432 1231 1467 in
1262 1434 1400 1468 kurzer
1424 1434 1520 1471 Zeit.
1548 1456 1593 1462 —

135 1482 237 1515 Illud
261 1485 398 1523 tamen,
431 1479 540 1513 Doch
567 1479 626 1512 ein
651 1489 741 1523 paar
764 1479 899 1512 worte
924 1479 1017 1512 iiber
1041 1478 1249 1524 Chrysipp!
1287 1481 1520 1527 Chrysippus
1546 1483 1596 1517 li-

134 1529 263 1562 bertus
290 1525 482 1561 Ciceronis
519 1525 687 1558 literatus
714 1523 934 1557 discesserat
960 1535 980 1557 a
1000 1523 1080 1557 filio
1099 1525 1296 1569 Cicerone,
1321 1526 1358 1560 in
1376 1528 1595 1563 servitutem

134 1580 336 1619 propterea
369 1578 562 1606 retractus.
602 1570 694 1606 Vid.
721 1570 767 1604 ad
791 1570 903 1604 Attic.
925 1571 1003 1613 XI,
1026 1571 1057 1605 2.
1076 1589 1117 1596 —
1158 1572 1201 1604 de
1226 1572 1342 1606 altero
1374 1585 1483 1608 servo
1519 1585 1596 1609 non

136 1620 336 1654 nominato.
384 1619 476 1651 Nam
502 1628 567 1650 cur
592 1628 693 1659 eum,
731 1616 829 1659 quod
856 1617 1022 1651 Corrado
1048 1617 1086 1651 in
1111 1624 1270 1652 mentem
1295 1619 1421 1664 venit,
1444 1621 1597 1656 Philar-

134 1677 269 1711 gyrum
300 1665 411 1699 istum
449 1663 564 1697 suisse
601 1662 853 1708 suspicemur,
899 1664 962 1706 qui
994 1663 1038 1697 ad
1072 1664 1185 1698 Amic.
1208 1665 1282 1708 IX,
1301 1667 1345 1700 15
1369 1667 1594 1711 nominatur,

135 1723 279 1746 causam
306 1722 380 1744 non
405 1709 527 1743 video.
552 1709 659 1743 SCH.
682 1728 726 1734 —
764 1720 806 1742 ne
832 1736 839 1743 .
857 1735 865 1743 .
881 1734 890 1742 .
916 1709 1036 1753 quidq.
1062 1710 1171 1754 impr.
1197 1722 1244 1745 =·.
1267 1722 1392 1756 nemo,
1420 1724 1465 1747 ne
1491 1715 1592 1749 ullus

134 1758 282 1803 quidem
320 1756 538 1802 improbior.
563 1774 608 1780 —-
651 1760 804 1799 propter
826 1756 882 1789 lz't.
908 1782 915 1790 .
941 1757 1046 1801 quid,
1078 1766 1212 1800 wegen
1243 1757 1365 1792 seines
1389 1759 1593 1795 Bisschens

132 1804 337 1839 Literatur.
360 1823 395 1829 -
431 1803 613 1836 discedere
637 1813 659 1835 α
678 1813 813 1846 puero,
838 1802 892 1836 M.
909 1801 1102 1836 Ciceronis
1126 1802 1221 1846 filio,
1244 1809 1355 1848 'quem
1374 1806 1590 1852 Chrysippo

133 1856 240 1895 pater
265 1848 506 1883 erudiendum
532 1849 697 1882 dederat.
745 1848 916 1892 Eumque
941 1848 1130 1892 aufugisse
1156 1849 1313 1894 primum
1339 1862 1387 1886 ex
1402 1852 1518 1887 Attici
1543 1852 1590 1888 li-

135 1896 228 1930 teris
253 1896 388 1930 Cicero
414 1894 635 1939 cognovisse
666 1894 826 1929 videtur.
852 1895 958 1929 SGH.
1011 1895 1102 1929 Ueb.
1131 1896 1203 1929 den
1227 1907 1348 1931 accus.
1373 1908 1404 1931 c.
1432 1899 1496 1933 ins.
1523 1899 1589 1934 des

134 1942 295 1977 Ausruss
320 1953 349 1976 s.
375 1941 526 1974 Ramsh.
552 1941 580 1983 §.
599 1941 677 1983 168,
697 1942 727 1975 6.
766 1941 910 1976 Grotes.
936 1942 965 1984 §.
985 1941 1064 1975 412.
1082 1960 1128 1967 -—
1166 1942 1219 1976 M.
1244 1942 1343 1977 Livii
1369 1943 1497 1988 Drusi,
1524 1946 1591 1989 qui

134 1995 290 2033 praetor
320 1988 481 2021 urbanus
509 1987 579 2020 suit
615 1998 645 2021 a.
673 1998 706 2020 u.
731 1987 810 2022 638.
848 1999 880 2021 v.
915 1987 960 2021 ad
995 1988 1158 2022 Herenn.
1180 1988 1241 2031 11,
1261 1991 1317 2024 13.
1352 1989 1460 2034 Pigh.
1502 1991 1592 2035 „ich

134 2035 231 2068 habe
255 2034 333 2067 also
360 2033 434 2067 die
459 2033 609 2067 Stelle
634 2044 698 2066 aus
723 2033 788 2066 des
812 2034 967 2068 Prators
991 2034 1138 2068 Drusus
1163 2034 1286 2068 edicto
1312 2042 1496 2081 perpetuo
1521 2049 1588 2082 ge-

135 2091 207 2124 gen
233 2080 338 2114 diese
361 2080 552 2113 Burschen
579 2078 729 2123 geltend
755 2080 959 2122 gemacht.’'
997 2081 1036 2113 in
1060 2092 1122 2124 eo,
1160 2081 1224 2124 qui
1246 2082 1369 2115 eadem
1400 2083 1495 2117 liber
1518 2094 1592 2117 non

23 2164 25 2176 ¹
72 2136 75 2137 ⁷
133 2128 294 2169 iuraret,
327 2126 447 2160 worin
474 2126 589 2159 steht:
624 2125 688 2168 qui
713 2125 885 2159 libertate
911 2125 1036 2160 donati
1060 2137 1134 2160 non
1156 2126 1323 2161 iurarent
1347 2138 1388 2162 se
1412 2140 1474 2163 eas
1499 2141 1591 2175 ope—

132 2183 218 2216 raS,
253 2183 408 2216 quarum
444 2171 657 2205 conditione
690 2171 902 2205 manumissi
934 2178 1038 2206 erant
1070 2183 1090 2206 a
1122 2172 1291 2216 domino,
1326 2175 1589 2218 praestituros.

132 2218 252 2252 Diese
278 2218 396 2253 Stelle
422 2218 584 2251 erklarte
609 2218 687 2251 also
712 2218 824 2252 keine
849 2218 1090 2262 Freilassung
1112 2219 1173 2252 fiir
1196 2219 1456 2265 rechtsgiiltig,
1480 2232 1592 2256 wenn

134 2264 203 2297 der
236 2263 512 2307 Freigelassene
542 2263 644 2297 nicht
678 2265 921 2307 geschworen
952 2265 1053 2298 hatte
1088 2263 1162 2298 und
1194 2264 1265 2299 den
1299 2265 1458 2301 Schwur
1488 2267 1593 2302 nicht

134 2309 249 2353 hielt,
291 2310 432 2343 seinem
457 2311 597 2344 Patron
627 2310 723 2343 noch
755 2310 881 2344 ferner
905 2310 967 2344 die
991 2310 1150 2345 Dienste
1183 2321 1229 2345 zu
1254 2312 1409 2356 leisten,
1443 2314 1591 2348 welche

134 2355 262 2390 dieser
284 2355 347 2389 bei
370 2356 438 2389 der
461 2356 700 2399 Freilassung
725 2355 803 2389 sich
827 2357 1093 2400 ausbedungen
1114 2357 1187 2390 und
1205 2359 1451 2393 vorbehalten
1474 2360 1590 2394 hatte.

134 2401 175 2436 S.
199 2401 347 2446 Ulpian.
373 2402 457 2435 libr.
472 2402 516 2436 27
541 2403 585 2436 ad
609 2401 795 2437 Sabin.38
819 2403 966 2446 Digest.
996 2403 1072 2436 Tit.
1090 2404 1118 2437 Ι.
1143 2405 1174 2437 1.
1202 2405 1234 2439 7.
1261 2415 1295 2439 u.
1320 2406 1460 2439 Paulus
1486 2406 1552 2439 lib.
1569 2408 1592 2440 7

133 2448 182 2481 ad
197 2447 405 2490 Plautium,
430 2447 577 2491 Digest.
602 2448 669 2482 lib.
686 2448 754 2482 XI.
782 2449 856 2483 Tit.
873 2449 941 2485 IV.
968 2448 1034 2482 lib.
1050 2451 1107 2484 36.
1133 2468 1177 2474 —
1223 2461 1279 2483 ‘me
1305 2451 1383 2484 scil.
1402 2450 1482 2484 dixi
1499 2451 1590 2485 istos

121 2494 270 2527 ‘liberos
292 2503 363 2527 non
388 2494 584 2537 addixisse,
609 2494 670 2528 ich
694 2494 868 2538 eridane,
893 2495 952 2529 ich
976 2495 1075 2529 hatte
1101 2495 1157 2529 sie
1182 2495 1284 2530 nicht
1302 2496 1477 2530 wirklich
1501 2498 1590 2531 frei-

132 2540 379 2584 gesprochen.
424 2539 566 2583 Nempe
591 2551 659 2584 per
679 2540 932 2575 venditionem
956 2540 1056 2575 illam
1082 2541 1181 2575 servi
1201 2541 1466 2586 imaginariam,
1492 2554 1588 2587 quae

131 2585 290 2630 proprie
314 2585 548 2619 manumissio
573 2592 630 2619 est
653 2586 715 2620 vel
739 2587 996 2632 emancipatio.
1056 2588 1173 2623 Quum
1201 2588 1334 2621 Cicero
1359 2588 1501 2623 liberos
1531 2589 1586 2623 sa-

131 2637 235 2665 ceret
259 2631 351 2666 istos
376 2630 553 2673 libertos,
590 2642 662 2665 non
688 2639 768 2665 erat
792 2633 852 2666 cui
877 2633 923 2667 de
947 2642 1051 2666 more
1075 2633 1270 2676 venderet,
1305 2633 1365 2667 cui
1391 2635 1585 2678 magistra-

133 2682 192 2710 tus
217 2677 409 2712 addiceret
438 2677 475 2710 in
507 2677 703 2722 mancipio.
734 2678 969 2714 ERNESTI.
993 2697 1038 2704 —
1080 2691 1103 2714 α
1137 2690 1205 2722 quo
1230 2683 1326 2713 recte
1350 2680 1447 2714 vind.
1474 2681 1512 2715 in
1537 2681 1584 2715 li-

131 2722 329 2768 bertatem5
360 2722 460 2768 quod
485 2729 636 2769 praeter
660 2723 781 2770 ipsum
806 2725 900 2762 alios
927 2736 1077 2770 quoque
1102 2726 1231 2760 adesse
1265 2730 1480 2770 oporteret,
1517 2727 1583 2772 qui
