1795 3043
456 39 770 86 EPISTOLA
806 40 1054 91 CCXXIV.
1412 54 1438 99 1
1448 55 1512 102 15

42 154 120 202 est,
149 152 279 194 velim
308 151 389 194 tibi
419 163 548 194 curae
577 152 646 202 sit,
677 152 788 205 quod
821 167 847 194 a
875 156 919 194 te
947 167 1113 208 semper
1130 157 1248 209 petii,
1281 159 1328 199 ut
1346 159 1510 212 aliquid

41 211 170 252 istinc
208 210 439 252 bestiarum
477 209 732 252 habeamus:
775 209 1085 263 Sittianamque
1113 218 1396 268 syngrapham
1427 218 1508 260 tibi

41 269 304 310 commendo.
367 267 587 307 Libertum
623 268 847 309 Philonem
894 268 1004 309 istuc
1047 270 1143 312 misi
1193 274 1235 312 ct
1274 274 1506 327 Diogenem

41 326 279 377 Graecum,
320 325 472 377 quibus
510 325 708 364 mandata
737 327 779 365 et
806 327 953 366 literas
983 325 1036 366 ad
1065 329 1108 367 te
1145 328 1252 369 dedi.
1301 331 1386 372 Eos
1426 333 1507 373 tibi

39 384 84 422 et
113 394 217 431 rem,
246 383 298 422 de
327 395 410 434 qua
438 381 550 430 misi,
581 382 710 422 velim
740 395 868 423 curae
886 381 1055 424 habeas.
1085 384 1207 433 Nam,
1239 399 1364 437 quam
1383 390 1508 430 vehe-

38 442 203 480 menter
232 440 285 480 ad
313 452 379 480 me
406 439 640 492 pertineat,
670 439 716 480 in
742 439 815 493 iis,
845 452 950 492 quas
979 440 1059 481 tibi
1086 441 1154 482 illi
1183 443 1383 499 reddent,
1412 448 1508 488 lite-

38 496 99 538 ris
129 496 350 550 descripsi.

238 623 553 670 EPISTOLA
589 622 832 668 CCXXIV.
878 622 960 681 (ad
993 623 1100 671 Div.
1134 624 1193 670 ΙΙ.
1228 627 1298 686 9.)

0 734 1 737 ,
38 698 190 744 Scripta
213 698 251 733 in
275 699 415 734 vicinia
438 699 574 733 montis
591 698 707 733 Tauri
731 702 856 733 me'nse
868 699 1026 735 Octobri
1044 701 1088 735 Α.
1106 700 1148 736 U.
1165 702 1206 737 C.
1221 704 1298 738 703.
1319 705 1504 751 (a.c.51.)

38 757 254 792 Gratulatur
276 757 407 792 Caelio
433 757 480 791 de
504 756 698 790 aedilitate
723 756 876 790 obtenta
906 763 943 791 et
974 757 1012 791 in
1037 758 1191 793 Hirrum
1217 762 1504 806 competitorem

501 803 687 837 deiectum
721 803 876 837 iocatur.
904 805 924 837 1
940 822 985 828 -
1003 805 1038 839 3.

36 860 90 896 Μ.
115 859 301 896 CICERO
333 860 545 895 PROCOS.
579 860 619 895 S.
646 860 694 894 D.
721 860 772 894 M.
806 860 996 895 CAELIO
1031 861 1215 896 AEDILI
1246 864 1360 900 CUR.
1384 866 1502 904 DES.

151 919 343 960 Primum
371 919 466 972 tibi,
496 922 544 959 ut
573 919 720 967 debeo,
752 921 942 972 gratulor
969 921 1191 972 laetorque
1220 936 1349 974 quum
1379 938 1504 976 prae-

38 976 171 1024 senti,
210 979 300 1017 tum
329 978 456 1018 etiam
485 978 654 1029 sperata
681 979 755 1016 tua
795 977 1018 1029 dignitate,
1061 980 1215 1027 serius,
1258 993 1342 1020 non
1371 984 1504 1036 negli-

37 1034 180 1087 gentia
208 1046 325 1083 mea,
366 1034 439 1074 sed
479 1034 740 1087 ignoratione
782 1047 923 1074 rerum
962 1035 1168 1077 omnium:
1205 1036 1250 1076 111
1292 1038 1346 1078 iis
1387 1042 1502 1081 enim

0 1107 3 1123 ι
37 1104 130 1131 sum
157 1091 289 1139 locis,
331 1103 414 1143 quo
445 1096 484 1131 et
514 1093 688 1143 propter
717 1091 1070 1144 longinquitatem
1099 1094 1142 1132 et
1171 1096 1346 1146 propter
1372 1097 1503 1137 latro-

0 1176 3 1193 ,
37 1148 152 1188 cinia
179 1148 416 1190 tardissime
445 1149 588 1188 omnia
617 1150 901 1201 perferuntur.
954 1150 1010 1190 Et
1029 1162 1158 1201 quum
1178 1153 1382 1203 gratulor,
1414 1156 1504 1196 tum

0 1204 4 1236 J
37 1217 153 1257 vero,
183 1205 337 1258 quibus
364 1205 506 1246 verbis
534 1206 615 1271 ι11111
638 1206 794 1258 gratias
824 1218 957 1259 agam,
992 1219 1075 1246 non
1095 1208 1279 1260 reperio,
1310 1211 1420 1260 quod
1442 1212 1503 1252 ita

0 1263 1 1269 ’
37 1263 177 1302 factus
208 1263 289 1314 sis,
329 1264 374 1302 ut
405 1263 569 1302 dederis
609 1263 753 1314 nobis,
791 1263 1143 1313 quemadmodum
1179 1266 1408 1317 scripseras
1448 1269 1502 1310 ad

0 1330 2 1358 r
38 1331 132 1368 me,
169 1331 294 1370 quem
324 1331 488 1370 semper
522 1319 662 1359 ridere
701 1331 930 1370 possemus.
984 1321 1134 1371 Itaque
1163 1334 1292 1372 quum
1320 1324 1504 1375 primum

0 1374 2 1434 ᾗ
38 1376 198 1423 audivi,
230 1389 306 1429 ego
327 1377 402 1416 ille
420 1376 511 1427 ipsc
530 1377 667 1415 factus
688 1388 779 1416 sum
794 1398 853 1404 -—
872 1377 956 1416 scis
978 1389 1105 1427 quem
1127 1377 1332 1418 dicam—
1350 1382 1503 1434 egique

0 1436 6 1464 ¹,
38 1445 183 1474 omnes
219 1434 317 1474 illos
356 1433 665 1480 adolescentes,
712 1445 816 1484 quos
854 1433 928 1473 ille
966 1434 1146 1474 iactitat.
1211 1435 1398 1477 Difficile
1437 1442 1499 1480 est
1520 1452 1552 1492 2

41 1554 98 1588 rei
124 1555 339 1588 iiberhoben
368 1554 463 1597 sein,
490 1555 549 1587 ein
577 1553 800 1598 Schauspiel
828 1555 894 1589 mit
919 1555 1075 1590 solchen
1100 1555 1266 1590 Thieren
1293 1569 1338 1593 zu
1364 1562 1499 1603 geben.

0 1599 7 1643 l¹
34 1601 157 1646 potuit
181 1607 223 1635 st.
246 1601 433 1644 potuisset.
470 1599 509 1634 S.
531 1601 681 1649 Ramsh.
708 1601 736 1643 ζ).
753 1603 833 1643 166,
850 1601 892 1643 2,
921 1613 952 1635 c.
971 1602 1055 1636 Not.
1077 1621 1120 1626 —
1146 1604 1328 1646 quonlam.
1362 1608 1499 1651 Vergl.

0 1643 7 1690 ἷ,
38 1658 85 1681 zu
112 1658 170 1691 ep.
194 1648 407 1687 CCXVIII,
427 1647 460 1680 2.
488 1647 682 1689 CXCVII,
701 1648 734 1680 4.
763 1658 884 1691 gegen
910 1648 1029 1681 Ende.
1072 1649 1216 1692 aliquid
1248 1651 1333 1685 best.
1372 1652 1409 1687 S.
1438 1665 1499 1698 ep.

0 1694 8 1732 t*
38 1694 152 1736 CCII,
172 1692 204 1727 2.
228 1694 368 1734 CCVI,
389 1694 422 1726 5.
451 1694 582 1735 ccxi,
600 1695 634 1727 3.
678 1694 805 1727 Ueber
828 1694 971 1737 aliquid
996 1706 1028 1728 c.
1056 1696 1171 1738 geuit.
1204 1696 1353 1731 Ramsh.
1379 1700 1407 1742 §.
1421 1702 1499 1736 104.

0 1736 5 1779 1
38 1742 89 1782 Α,
108 1740 140 1773 2.
167 1759 212 1765 -
259 1739 458 1773 Sittianam
481 1749 609 1783 syngr.
644 1738 683 1773 S.
711 1750 755 1773 zu
784 1751 842 1784 cp.
861 1740 974 1783 CCII,
995 1741 1027 1773 2.
1055 1742 1186 1784 CCVI,
1204 1743 1236 1776 5.
1265 1744 1397 1788 CCXI,
1414 1748 1502 1781 3.-

1 1781 5 1839 j
37 1785 183 1820 Philon.
211 1786 271 1818 9111
297 1786 608 1828 Freigelassener
641 1785 707 1819 des
733 1786 871 1820 Calius.
907 1785 944 1820 S.
978 1797 1035 1831 ep.
1052 1787 1265 1831 CCLXIH,
1286 1790 1319 1823 2.
1339 1810 1380 1815 —
1406 1793 1501 1826 istuc

0 1845 6 1852 ·
37 1843 84 1866 =
106 1833 198 1866 istoc
222 1832 320 1874 Md„
347 1832 390 1865 ad
418 1840 464 1865 te.
483 1850 528 1855 —
551 1832 667 1873 Diog.
695 1831 885 1866 Graecum.
918 1831 956 1866 S.
980 1843 1040 1876 ep.
1065 1833 1269 1877 CCLXHI,
1282 1836 1316 1869 2.
1350 1837 1406 1870 Er
1422 1849 1502 1872 war

7 1876 9 1894 ³
37 1879 101 1912 ein
127 1878 277 1912 Freund
303 1878 369 1911 des
386 1878 578 1911 (3111115.-
607 1878 803 1922 pertineat,
829 1878 899 1911 mir
924 1879 1036 1912 daran
1063 1880 1224 1922 gclegen
1244 1882 1309 1915 sei.
1341 1883 1502 1918 Miserat

39 1935 108 1960 eos
126 1924 293 1964 Caelius,
319 1931 359 1957 ut
384 1935 403 1956 e
425 1924 647 1968 Syngrapha
665 1924 823 1958 Sittiana
848 1925 1027 1968 pecunias
1053 1925 1263 1968 exigerent.
1287 1928 1498 1966 MANUT.

3 1963 7 2008 Ι,
130 1972 160 2004 1.
184 1980 302 2014 praes.
320 1971 514 2012 dignitate.
549 1972 604 2004 Er
618 1981 696 2003 war
720 1970 856 2004 aedilis
874 1971 1016 2004 (11111115
1036 1973 1253 2014 geworden.
1268 1993 1312 1998 —
1336 1981 1498 2020 sperata,

0 2016 9 2050 t
40 2027 149 2061 quam
175 2017 367 2060 hucusque
398 2016 559 2061 sperasti
584 2023 622 2050 et
648 2027 745 2049 nunc
768 2027 908 2060 speras.
942 2017 1050 2051 SCH.
1085 2018 1191 2060 „und
1223 2021 1401 2055 wiinschc
1424 2023 1502 2056 Dir

3 2074 11 2094 ·.=
39 2062 92 2097 im
116 2063 268 2098 Voraus
294 2063 416 2096 Gluck
437 2074 482 2096 zu
509 2063 580 2096 den
606 2063 801 2105 VV'usden,
823 2074 933 2097 wozu
960 2063 1023 2096 (119
1048 2064 1235 2099 Aedilitas
1259 2068 1401 2102 curulis
1426 2069 1503 2102 Dir

0 2119 7 2139 r*
39 2109 114 2143 den
125 2109 225 2152 VVeg
239 2109 359 2143 bahnt.
391 2109 714 2143 tst‘JELAND.—
739 2120 813 2143 rer.
839 2120 934 2142 omn.
960 2110 1101 2142 Romae
1127 2121 1222 2153 quae
1246 2121 1440 2154 geruntur.
1457 2134 1501 2139 -κ

0 2154 11 2198 ts*
39 2155 164 2189 iniis.
199 2155 264 2189 Sic
294 2155 518 2198 Mart-Lag.
544 2157 699 2189 Liinem.
730 2155 771 2188 ‘in
803 2155 860 2188 leis
890 2155 1015 2189 Ceteri
1049 2167 1130 2188 cum
1156 2157 1232 2190 Md.
1263 2158 1336 2192 ΟΒ.
1358 2178 1402 2185 -
1431 2172 1501 2205 quo

40 2212 87 2235 =
112 2201 148 2234 in
173 2211 281 2245 quae.
317 2202 354 2236 S.
380 2202 528 2236 Ramsh.
555 2202 583 2245 §.
599 2203 680 2244 203,
706 2202 780 2244 IV,
808 2204 841 2244 1,
868 2212 955 2235 3.-
980 2202 1075 2245 quod
1100 2203 1153 2235 ita
1177 2204 1297 2245 factus
1319 2205 1373 2238 sis
1396 2207 1503 2240 aedi-

0 2203 11 2290 ξ
40 2246 106 2288 lis,
132 2254 171 2280 ut
194 2248 430 2290 superaveris
447 2249 732 2293 competitorem
746 2248 962 2290 ridiculum,
990 2248 1155 2282 Hirrum.
1184 2249 1271 2284 Vid.
1287 2262 1344 2296 ep.
1363 2252 1499 2295 CCXI,

0 2291 11 2328 11
40 2293 122 2328 init.
147 2293 279 2335 CCVI,
298 2295 331 2327 3.
357 2294 487 2337 CCIII,
510 2296 542 2329 1.
573 2295 688 2337 CCII,
705 2294 738 2328 2.
757 2314 795 2319 —
829 2304 942 2338 quem.
975 2293 1068 2329 Cdd.
1100 2295 1188 2339 aliq.
1222 2298 1317 2340 quod
1347 2308 1498 2342 semper.

0 2330 13 2421 ft
42 2339 91 2372 de
111 2339 330 2381 Mart.-Lag.
358 2340 453 2373 mala
476 2340 570 2374 coni.
606 2340 692 2375 Sch.
716 2340 812 2375 Liin.
845 2349 936 2384 quae
970 2350 998 2373 ε.
1031 2341 1228 2375 ORELLI.
1250 2362 1294 2367 —
1333 2344 1398 2377 ille
1423 2346 1502 2388 ipse

8 2383 13 2427 »¹3
42 2385 70 2418 i.
98 2396 128 2419 9.
155 2385 324 2418 111111ιε.”
370 2385 527 2427 „Ueber
550 2386 613 2420 die
639 2386 844 2420 Nachricht
875 2385 938 2419 bin
971 2385 1029 2419 ich
1063 2388 1133 2420 fast
1156 2397 1240 2420 zum
1266 2389 1409 2422 Narren
1436 2402 1502 2433 ge-

0 2428 13 2470 'rs
42 2431 293 2464 wordeu.⁷'·—-
321 2431 486 2475 iactitat,
513 2432 620 2475 „und
645 2433 783 2477 spielte
807 2432 881 2465 wie
909 2431 944 2464 in
961 2432 1311 2468 cinerPantomime
1328 2446 1394 2469 aus
1415 2436 1501 2469 dem

0 2480 11 2506 1'*
43 2476 236 2521 Stegereis
255 2477 316 2510 die
335 2478 473 2511 Rollen
496 2479 592 2512 aller
616 2478 685 2512 der
710 2481 850 2521 jungen
876 2479 1022 2520 Herm,
1056 2481 1120 2512 auf
1149 2479 1211 2512 die
1243 2490 1285 2512 er
1317 2491 1359 2513 so
1392 2492 1502 2524 gross

8 2531 15 2561 :2
43 2523 158 2558 thut.”
207 2523 314 2558 Quod
340 2523 429 2556 fecit
451 2524 680 2558 aedilitatem
706 2532 850 2569 petens,
878 2535 990 2568 quum
1016 2524 1162 2558 diceret
1184 2535 1225 2558 Se
1250 2526 1501 2568 gratiosorum

9 2576 15 2603 1
43 2568 83 2603 in
107 2569 295 2612 suffragiis
329 2569 608 2603 adolescentum
635 2572 750 2613 opera
783 2570 943 2603 aedilem
969 2571 1144 2603 suturam.
1186 2570 1241 2603 Cf.
1267 2571 1314 2604 ad
1340 2572 1501 2614 Div.11‚

10 2608 13 2632 ³
44 2616 80 2658 6,
98 2618 132 2651 3.
159 2626 214 2659 ep.
235 2616 300 2650 173
326 2616 361 2648 h.
383 2615 442 2649 ed.
476 2616 685 2650 MANUT.
711 2616 902 2650 iactitabat
929 2616 1028 2649 Man.
1053 2617 1169 2659 Beng.
1188 2616 1382 2651 Fortasse:
1410 2620 1502 2653 acti-

9 2640 17 2696 1
46 2663 98 2695 tat
121 2661 201 2695 scil.
230 2671 412 2706 personas
436 2661 732 2696 adolescentium
758 2674 778 2695 e
804 2662 1012 2696 comoediis
1037 2668 1076 2695 et
1106 2661 1240 2696 mimis.
1280 2663 1478 2699 ORELLI.

13 2709 15 2713 '
132 2707 165 2742 2.
191 2707 309 2752 loqui,
343 2718 417 2751 „so
434 2707 561 2743 Etwas
585 2708 676 2743 lasst
700 2708 782 2744 sich
807 2708 908 2744 nicht
932 2714 999 2751 gut
1020 2707 1312 2754 beschreiben5''
1342 2711 1504 2746 namlich

1139 2768 1200 2810 8*
