<?xml version="1.0" encoding="UTF-8"?>
<!DOCTYPE html PUBLIC "-//W3C//DTD XHTML 1.0 Transitional//EN"
    "http://www.w3.org/TR/xhtml1/DTD/xhtml1-transitional.dtd">
<html xmlns="http://www.w3.org/1999/xhtml" xml:lang="en" lang="en">
 <head>
  <title>
</title>
<meta http-equiv="Content-Type" content="text/html;charset=utf-8" />
  <meta name='ocr-system' content='tesseract 3.04.00' />
  <meta name='ocr-capabilities' content='ocr_page ocr_carea ocr_par ocr_line ocrx_word'/>
</head>
<body>
  <div class='ocr_page' id='page_1' title='image "./epistolaeadattic02ciceuoft_0171.png"; bbox 0 0 1795 3043; ppageno 0'>
   <div class='ocr_carea' id='block_1_1' title="bbox 566 65 1559 126">
    <p class='ocr_par' dir='ltr' id='par_1_1' title="bbox 566 65 1559 126">
     <span class='ocr_line' id='line_1_1' title="bbox 566 65 1559 126; baseline 0.003 -12"><span class='ocrx_word' id='word_1_1' title='bbox 566 65 878 115; x_wconf 86' lang='lat' dir='ltr'>EPISTOLA</span> <span class='ocrx_word' id='word_1_2' title='bbox 912 67 1137 116; x_wconf 87' lang='lat' dir='ltr'>CCXLII.</span> <span class='ocrx_word' id='word_1_3' title='bbox 1459 76 1559 126; x_wconf 83' lang='lat'><strong>161</strong></span> 
     </span>
    </p>
   </div>
   <div class='ocr_carea' id='block_1_2' title="bbox 88 178 1560 519">
    <p class='ocr_par' dir='ltr' id='par_1_2' title="bbox 88 178 1560 519">
     <span class='ocr_line' id='line_1_2' title="bbox 90 178 1560 234; baseline 0.002 -12"><span class='ocrx_word' id='word_1_4' title='bbox 90 181 198 229; x_wconf 85' lang='lat' dir='ltr'><strong>meis</strong></span> <span class='ocrx_word' id='word_1_5' title='bbox 225 178 499 234; x_wconf 78' lang='lat' dir='ltr'><strong>temporibus.</strong></span> <span class='ocrx_word' id='word_1_6' title='bbox 550 179 744 221; x_wconf 81' lang='lat' dir='ltr'><strong>Accessit</strong></span> <span class='ocrx_word' id='word_1_7' title='bbox 765 181 860 232; x_wconf 90' lang='lat' dir='ltr'><strong>post</strong></span> <span class='ocrx_word' id='word_1_8' title='bbox 889 181 1007 220; x_wconf 78' lang='lat' dir='ltr'><strong>tuum</strong></span> <span class='ocrx_word' id='word_1_9' title='bbox 1037 180 1266 221; x_wconf 84' lang='lat' dir='ltr'><strong>discessum</strong></span> <span class='ocrx_word' id='word_1_10' title='bbox 1291 181 1560 226; x_wconf 80' lang='lat' dir='ltr'><strong>familiaritas</strong></span> 
     </span>
     <span class='ocr_line' id='line_1_3' title="bbox 91 237 1558 294; baseline 0.003 -16"><span class='ocrx_word' id='word_1_11' title='bbox 91 239 200 279; x_wconf 90' lang='lat' dir='ltr'><strong>mihi</strong></span> <span class='ocrx_word' id='word_1_12' title='bbox 230 251 325 279; x_wconf 89' lang='lat' dir='ltr'><strong>cum</strong></span> <span class='ocrx_word' id='word_1_13' title='bbox 355 239 486 278; x_wconf 82' lang='lat' dir='ltr'><strong>Bruto</strong></span> <span class='ocrx_word' id='word_1_14' title='bbox 524 237 596 277; x_wconf 82' lang='lat' dir='ltr'><strong>tuo</strong></span> <span class='ocrx_word' id='word_1_15' title='bbox 630 237 828 278; x_wconf 84' lang='lat' dir='ltr'><strong>maxima.</strong></span> <span class='ocrx_word' id='word_1_16' title='bbox 895 237 1044 288; x_wconf 81' lang='lat' dir='ltr'><strong>Itaque</strong></span> <span class='ocrx_word' id='word_1_17' title='bbox 1072 238 1115 277; x_wconf 90' lang='lat' dir='ltr'><strong>in</strong></span> <span class='ocrx_word' id='word_1_18' title='bbox 1146 240 1285 279; x_wconf 82' lang='lat' dir='ltr'><strong>vestro</strong></span> <span class='ocrx_word' id='word_1_19' title='bbox 1314 239 1482 294; x_wconf 81' lang='lat' dir='ltr'><strong>ingenio</strong></span> <span class='ocrx_word' id='word_1_20' title='bbox 1513 242 1558 282; x_wconf 80' lang='lat' dir='ltr'><strong>et</strong></span> 
     </span>
     <span class='ocr_line' id='line_1_4' title="bbox 90 293 1556 348; baseline 0.002 -12"><span class='ocrx_word' id='word_1_21' title='bbox 90 295 300 336; x_wconf 75' lang='lat' dir='ltr'><strong>industria</strong></span> <span class='ocrx_word' id='word_1_22' title='bbox 329 295 433 335; x_wconf 88' lang='lat' dir='ltr'><strong>mihi</strong></span> <span class='ocrx_word' id='word_1_23' title='bbox 462 294 689 347; x_wconf 90' lang='lat' dir='ltr'><strong>plurimum</strong></span> <span class='ocrx_word' id='word_1_24' title='bbox 720 295 761 334; x_wconf 84' lang='lat' dir='ltr'><strong>et</strong></span> <span class='ocrx_word' id='word_1_25' title='bbox 791 293 1010 334; x_wconf 81' lang='lat' dir='ltr'><strong>suavitatis</strong></span> <span class='ocrx_word' id='word_1_26' title='bbox 1041 296 1082 334; x_wconf 78' lang='lat' dir='ltr'><strong>et</strong></span> <span class='ocrx_word' id='word_1_27' title='bbox 1112 294 1325 348; x_wconf 82' lang='lat' dir='ltr'><strong>dignitatis</strong></span> <span class='ocrx_word' id='word_1_28' title='bbox 1355 298 1556 338; x_wconf 82' lang='lat' dir='ltr'><strong>constitu-</strong></span> 
     </span>
     <span class='ocr_line' id='line_1_5' title="bbox 89 349 1556 405; baseline 0.001 -12"><span class='ocrx_word' id='word_1_29' title='bbox 89 355 179 393; x_wconf 76' lang='lat' dir='ltr'><strong>tum</strong></span> <span class='ocrx_word' id='word_1_30' title='bbox 209 354 324 405; x_wconf 83' lang='lat' dir='ltr'><strong>puto.</strong></span> <span class='ocrx_word' id='word_1_31' title='bbox 382 351 430 391; x_wconf 87' lang='lat' dir='ltr'><strong>Id</strong></span> <span class='ocrx_word' id='word_1_32' title='bbox 468 353 513 391; x_wconf 86' lang='lat' dir='ltr'><strong>tu</strong></span> <span class='ocrx_word' id='word_1_33' title='bbox 551 352 599 390; x_wconf 86' lang='lat' dir='ltr'><strong>ut</strong></span> <span class='ocrx_word' id='word_1_34' title='bbox 638 353 711 391; x_wconf 88' lang='lat' dir='ltr'><strong>tuo</strong></span> <span class='ocrx_word' id='word_1_35' title='bbox 750 350 889 390; x_wconf 79' lang='lat' dir='ltr'><strong>studio</strong></span> <span class='ocrx_word' id='word_1_36' title='bbox 927 349 1174 403; x_wconf 87' lang='lat' dir='ltr'><strong>confirmes,</strong></span> <span class='ocrx_word' id='word_1_37' title='bbox 1212 355 1253 392; x_wconf 86' lang='lat' dir='ltr'><strong>te</strong></span> <span class='ocrx_word' id='word_1_38' title='bbox 1283 354 1556 395; x_wconf 83' lang='lat' dir='ltr'><strong>vehementer</strong></span> 
     </span>
     <span class='ocr_line' id='line_1_6' title="bbox 88 406 1554 462; baseline 0.003 -12"><span class='ocrx_word' id='word_1_39' title='bbox 88 422 210 461; x_wconf 81' lang='lat' dir='ltr'><strong>rogo:</strong></span> <span class='ocrx_word' id='word_1_40' title='bbox 243 411 473 460; x_wconf 83' lang='lat' dir='ltr'><strong>titerasque</strong></span> <span class='ocrx_word' id='word_1_41' title='bbox 496 406 549 448; x_wconf 89' lang='lat' dir='ltr'><strong>ad</strong></span> <span class='ocrx_word' id='word_1_42' title='bbox 576 420 643 447; x_wconf 92' lang='lat' dir='ltr'><strong>me</strong></span> <span class='ocrx_word' id='word_1_43' title='bbox 673 409 715 448; x_wconf 83' lang='lat' dir='ltr'><strong>et</strong></span> <span class='ocrx_word' id='word_1_44' title='bbox 744 407 945 448; x_wconf 83' lang='lat' dir='ltr'><strong>continuo</strong></span> <span class='ocrx_word' id='word_1_45' title='bbox 977 408 1120 449; x_wconf 83' lang='lat' dir='ltr'><strong>mittas</strong></span> <span class='ocrx_word' id='word_1_46' title='bbox 1141 410 1198 458; x_wconf 83' lang='lat' dir='ltr'><strong>et,</strong></span> <span class='ocrx_word' id='word_1_47' title='bbox 1231 421 1360 462; x_wconf 89' lang='lat' dir='ltr'><strong>quum</strong></span> <span class='ocrx_word' id='word_1_48' title='bbox 1378 412 1554 455; x_wconf 83' lang='lat' dir='ltr'><strong>Romam</strong></span> 
     </span>
     <span class='ocr_line' id='line_1_7' title="bbox 89 464 728 519; baseline -0.005 -11"><span class='ocrx_word' id='word_1_49' title='bbox 89 466 279 516; x_wconf 84' lang='lat' dir='ltr'><strong>veneris,</strong></span> <span class='ocrx_word' id='word_1_50' title='bbox 323 478 447 519; x_wconf 86' lang='lat' dir='ltr'><strong>quam</strong></span> <span class='ocrx_word' id='word_1_51' title='bbox 477 464 728 518; x_wconf 85' lang='lat' dir='ltr'><strong>saepissime.</strong></span> 
     </span>
    </p>
   </div>
   <div class='ocr_carea' id='block_1_3' title="bbox 273 635 1370 698">
    <p class='ocr_par' dir='ltr' id='par_1_3' title="bbox 273 635 1370 698">
     <span class='ocr_line' id='line_1_8' title="bbox 273 635 1370 698; baseline 0 -14"><span class='ocrx_word' id='word_1_52' title='bbox 273 635 586 684; x_wconf 88' lang='lat' dir='ltr'><strong>EPISTOLA</strong></span> <span class='ocrx_word' id='word_1_53' title='bbox 621 635 844 683; x_wconf 85' lang='lat' dir='ltr'>CCXLII.</span> <span class='ocrx_word' id='word_1_54' title='bbox 880 635 962 696; x_wconf 85' lang='lat' dir='ltr'><strong>(ad</strong></span> <span class='ocrx_word' id='word_1_55' title='bbox 997 637 1102 684; x_wconf 86' lang='lat' dir='ltr'><strong>Div.</strong></span> <span class='ocrx_word' id='word_1_56' title='bbox 1137 637 1261 685; x_wconf 89' lang='lat' dir='ltr'>VIII.</span> <span class='ocrx_word' id='word_1_57' title='bbox 1298 640 1370 698; x_wconf 82' lang='lat'><strong>6.)</strong></span> 
     </span>
    </p>
   </div>
   <div class='ocr_carea' id='block_1_4' title="bbox 297 723 1341 771">
    <p class='ocr_par' dir='ltr' id='par_1_4' title="bbox 297 723 1341 771">
     <span class='ocr_line' id='line_1_9' title="bbox 297 723 1341 771; baseline 0.003 -13"><span class='ocrx_word' id='word_1_58' title='bbox 297 723 378 759; x_wconf 92' lang='lat' dir='ltr'><strong>Scr.</strong></span> <span class='ocrx_word' id='word_1_59' title='bbox 402 724 544 759; x_wconf 86' lang='lat' dir='ltr'><strong>Romae</strong></span> <span class='ocrx_word' id='word_1_60' title='bbox 569 735 697 759; x_wconf 88' lang='lat' dir='ltr'><strong>mense</strong></span> <span class='ocrx_word' id='word_1_61' title='bbox 722 725 802 759; x_wconf 86' lang='lat' dir='ltr'><strong>Ian.</strong></span> <span class='ocrx_word' id='word_1_62' title='bbox 825 725 872 760; x_wconf 84' lang='lat' dir='ltr'><strong>A.</strong></span> <span class='ocrx_word' id='word_1_63' title='bbox 896 725 941 760; x_wconf 88' lang='lat' dir='ltr'><strong>U.</strong></span> <span class='ocrx_word' id='word_1_64' title='bbox 967 725 1008 760; x_wconf 91' lang='lat' dir='ltr'><strong>C.</strong></span> <span class='ocrx_word' id='word_1_65' title='bbox 1034 726 1112 762; x_wconf 85' lang='lat'><strong>704.</strong></span> <span class='ocrx_word' id='word_1_66' title='bbox 1137 727 1186 771; x_wconf 91' lang='lat' dir='ltr'><strong>(a.</strong></span> <span class='ocrx_word' id='word_1_67' title='bbox 1210 727 1252 762; x_wconf 88' lang='lat' dir='ltr'><strong>C.</strong></span> <span class='ocrx_word' id='word_1_68' title='bbox 1267 727 1341 769; x_wconf 88' lang='grc'>50.)</span> 
     </span>
    </p>
   </div>
   <div class='ocr_carea' id='block_1_5' title="bbox 86 791 1552 931">
    <p class='ocr_par' dir='ltr' id='par_1_5' title="bbox 86 791 1552 931">
     <span class='ocr_line' id='line_1_10' title="bbox 86 791 1552 838; baseline 0.001 -10"><span class='ocrx_word' id='word_1_69' title='bbox 86 791 242 828; x_wconf 80' lang='lat' dir='ltr'><strong>Nuntiat</strong></span> <span class='ocrx_word' id='word_1_70' title='bbox 266 792 414 827; x_wconf 88' lang='lat' dir='ltr'><strong>Caelius</strong></span> <span class='ocrx_word' id='word_1_71' title='bbox 430 792 593 838; x_wconf 89' lang='lat' dir='ltr'><strong>Appium</strong></span> <span class='ocrx_word' id='word_1_72' title='bbox 618 804 639 827; x_wconf 88' lang='lat' dir='ltr'><strong>a</strong></span> <span class='ocrx_word' id='word_1_73' title='bbox 657 793 860 827; x_wconf 87' lang='lat' dir='ltr'>Dolabella</span> <span class='ocrx_word' id='word_1_74' title='bbox 884 800 1106 837; x_wconf 87' lang='lat' dir='ltr'><strong>accusatum,</strong></span> <span class='ocrx_word' id='word_1_75' title='bbox 1133 805 1291 838; x_wconf 89' lang='lat' dir='ltr'><strong>eumque</strong></span> <span class='ocrx_word' id='word_1_76' title='bbox 1316 794 1354 829; x_wconf 88' lang='lat' dir='ltr'><strong>in</strong></span> <span class='ocrx_word' id='word_1_77' title='bbox 1369 793 1552 831; x_wconf 83' lang='lat' dir='ltr'><strong>Cicerone</strong></span> 
     </span>
     <span class='ocr_line' id='line_1_11' title="bbox 87 838 1551 886; baseline 0.003 -12"><span class='ocrx_word' id='word_1_78' title='bbox 87 839 283 875; x_wconf 79' lang='lat' dir='ltr'><strong>maximam</strong></span> <span class='ocrx_word' id='word_1_79' title='bbox 308 850 410 884; x_wconf 88' lang='lat' dir='ltr'><strong>spem</strong></span> <span class='ocrx_word' id='word_1_80' title='bbox 436 840 587 873; x_wconf 85' lang='lat' dir='ltr'><strong>habere.</strong></span> <span class='ocrx_word' id='word_1_81' title='bbox 615 841 645 874; x_wconf 94' lang='grc'><strong>1.</strong></span> <span class='ocrx_word' id='word_1_82' title='bbox 694 840 740 873; x_wconf 93' lang='lat' dir='ltr'><strong>de</strong></span> <span class='ocrx_word' id='word_1_83' title='bbox 765 838 946 874; x_wconf 78' lang='lat' dir='ltr'><strong>affinitate</strong></span> <span class='ocrx_word' id='word_1_84' title='bbox 971 853 1053 875; x_wconf 90' lang='lat' dir='ltr'><strong>cum</strong></span> <span class='ocrx_word' id='word_1_85' title='bbox 1080 841 1282 875; x_wconf 85' lang='lat' dir='ltr'><strong>Dolabella</strong></span> <span class='ocrx_word' id='word_1_86' title='bbox 1306 841 1504 886; x_wconf 82' lang='lat' dir='ltr'><strong>iungenda.</strong></span> <span class='ocrx_word' id='word_1_87' title='bbox 1515 844 1551 879; x_wconf 86' lang='lat'><strong>2.</strong></span> 
     </span>
     <span class='ocr_line' id='line_1_12' title="bbox 134 885 1505 931; baseline 0.004 -11"><span class='ocrx_word' id='word_1_88' title='bbox 134 886 181 920; x_wconf 91' lang='lat' dir='ltr'><strong>de</strong></span> <span class='ocrx_word' id='word_1_89' title='bbox 205 885 319 921; x_wconf 78' lang='lat' dir='ltr'><strong>variis</strong></span> <span class='ocrx_word' id='word_1_90' title='bbox 343 887 456 920; x_wconf 90' lang='lat' dir='ltr'><strong>rebus</strong></span> <span class='ocrx_word' id='word_1_91' title='bbox 481 886 669 929; x_wconf 80' lang='lat' dir='ltr'><strong>Romanis,</strong></span> <span class='ocrx_word' id='word_1_92' title='bbox 696 885 866 931; x_wconf 83' lang='lat' dir='ltr'><strong>inprimis</strong></span> <span class='ocrx_word' id='word_1_93' title='bbox 891 887 937 920; x_wconf 90' lang='lat' dir='ltr'><strong>de</strong></span> <span class='ocrx_word' id='word_1_94' title='bbox 955 888 1128 923; x_wconf 88' lang='lat' dir='ltr'><strong>Curionis</strong></span> <span class='ocrx_word' id='word_1_95' title='bbox 1154 888 1355 923; x_wconf 79' lang='lat' dir='ltr'><strong>tribunatu.</strong></span> <span class='ocrx_word' id='word_1_96' title='bbox 1379 891 1505 926; x_wconf 82' lang='lat'><strong>3-5.</strong></span> 
     </span>
    </p>
   </div>
   <div class='ocr_carea' id='block_1_6' title="bbox 531 965 1105 1002">
    <p class='ocr_par' dir='ltr' id='par_1_6' title="bbox 531 965 1105 1002">
     <span class='ocr_line' id='line_1_13' title="bbox 531 965 1105 1002; baseline 0.005 -3"><span class='ocrx_word' id='word_1_97' title='bbox 531 965 749 1001; x_wconf 89' lang='lat' dir='ltr'>CAELIUS</span> <span class='ocrx_word' id='word_1_98' title='bbox 786 966 1032 1002; x_wconf 87' lang='lat' dir='ltr'>CICERONI</span> <span class='ocrx_word' id='word_1_99' title='bbox 1066 966 1105 1002; x_wconf 88' lang='lat' dir='ltr'><strong>S.</strong></span> 
     </span>
    </p>
   </div>
   <div class='ocr_carea' id='block_1_7' title="bbox 88 1035 1553 1205">
    <p class='ocr_par' dir='ltr' id='par_1_7' title="bbox 88 1035 1553 1205">
     <span class='ocr_line' id='line_1_14' title="bbox 201 1035 1552 1090; baseline 0.001 -12"><span class='ocrx_word' id='word_1_100' title='bbox 201 1035 296 1078; x_wconf 92' lang='lat' dir='ltr'><strong>Non</strong></span> <span class='ocrx_word' id='word_1_101' title='bbox 326 1035 486 1083; x_wconf 84' lang='lat' dir='ltr'><strong>dubito,</strong></span> <span class='ocrx_word' id='word_1_102' title='bbox 519 1036 622 1087; x_wconf 87' lang='lat' dir='ltr'><strong>quin</strong></span> <span class='ocrx_word' id='word_1_103' title='bbox 652 1038 866 1088; x_wconf 85' lang='lat' dir='ltr'><strong>perlatum</strong></span> <span class='ocrx_word' id='word_1_104' title='bbox 896 1036 949 1078; x_wconf 85' lang='lat' dir='ltr'><strong>ad</strong></span> <span class='ocrx_word' id='word_1_105' title='bbox 978 1038 1020 1077; x_wconf 82' lang='lat' dir='ltr'><strong>te</strong></span> <span class='ocrx_word' id='word_1_106' title='bbox 1050 1037 1126 1085; x_wconf 84' lang='lat' dir='ltr'><strong>sit,</strong></span> <span class='ocrx_word' id='word_1_107' title='bbox 1156 1036 1342 1090; x_wconf 90' lang='lat' dir='ltr'><strong>Appium</strong></span> <span class='ocrx_word' id='word_1_108' title='bbox 1372 1051 1397 1079; x_wconf 90' lang='lat' dir='ltr'><strong>a</strong></span> <span class='ocrx_word' id='word_1_109' title='bbox 1425 1038 1552 1080; x_wconf 90' lang='lat' dir='ltr'><strong>Dola-</strong></span> 
     </span>
     <span class='ocr_line' id='line_1_15' title="bbox 89 1092 1553 1150; baseline 0.002 -16"><span class='ocrx_word' id='word_1_110' title='bbox 89 1092 204 1134; x_wconf 86' lang='lat' dir='ltr'><strong>bella</strong></span> <span class='ocrx_word' id='word_1_111' title='bbox 233 1105 352 1133; x_wconf 92' lang='lat' dir='ltr'><strong>reum</strong></span> <span class='ocrx_word' id='word_1_112' title='bbox 381 1094 561 1133; x_wconf 81' lang='lat' dir='ltr'><strong>factum:</strong></span> <span class='ocrx_word' id='word_1_113' title='bbox 594 1106 819 1144; x_wconf 88' lang='lat' dir='ltr'><strong>sanequam</strong></span> <span class='ocrx_word' id='word_1_114' title='bbox 848 1104 933 1134; x_wconf 87' lang='lat' dir='ltr'><strong>non</strong></span> <span class='ocrx_word' id='word_1_115' title='bbox 956 1106 1025 1142; x_wconf 86' lang='lat' dir='ltr'><strong>ea,</strong></span> <span class='ocrx_word' id='word_1_116' title='bbox 1058 1107 1182 1145; x_wconf 91' lang='lat' dir='ltr'><strong>quam</strong></span> <span class='ocrx_word' id='word_1_117' title='bbox 1200 1096 1553 1150; x_wconf 77' lang='lat' dir='ltr'><strong>existimaveram,</strong></span> 
     </span>
     <span class='ocr_line' id='line_1_16' title="bbox 88 1149 1553 1205; baseline 0.003 -15"><span class='ocrx_word' id='word_1_118' title='bbox 88 1149 262 1192; x_wconf 76' lang='lat' dir='ltr'><strong>invidia.</strong></span> <span class='ocrx_word' id='word_1_119' title='bbox 319 1149 465 1201; x_wconf 91' lang='lat' dir='ltr'><strong>Neque</strong></span> <span class='ocrx_word' id='word_1_120' title='bbox 495 1150 608 1190; x_wconf 91' lang='lat' dir='ltr'><strong>enim</strong></span> <span class='ocrx_word' id='word_1_121' title='bbox 636 1151 762 1190; x_wconf 86' lang='lat' dir='ltr'><strong>stulte</strong></span> <span class='ocrx_word' id='word_1_122' title='bbox 790 1151 971 1203; x_wconf 87' lang='lat' dir='ltr'><strong>Appius:</strong></span> <span class='ocrx_word' id='word_1_123' title='bbox 1004 1151 1090 1203; x_wconf 89' lang='lat' dir='ltr'><strong>qui,</strong></span> <span class='ocrx_word' id='word_1_124' title='bbox 1123 1152 1247 1192; x_wconf 87' lang='lat' dir='ltr'><strong>simul</strong></span> <span class='ocrx_word' id='word_1_125' title='bbox 1277 1154 1401 1205; x_wconf 84' lang='lat' dir='ltr'><strong>atque</strong></span> <span class='ocrx_word' id='word_1_126' title='bbox 1424 1154 1553 1194; x_wconf 86' lang='lat' dir='ltr'><strong>Dola-</strong></span> 
     </span>
    </p>
   </div>
   <div class='ocr_carea' id='block_1_8' title="bbox 19 1205 1554 1263">
    <p class='ocr_par' dir='ltr' id='par_1_8' title="bbox 19 1205 1554 1263">
     <span class='ocr_line' id='line_1_17' title="bbox 19 1205 1554 1263; baseline 0.003 -16"><span class='ocrx_word' id='word_1_127' title='bbox 19 1221 22 1223; x_wconf 50' lang='lat'><em>*</em></span> <span class='ocrx_word' id='word_1_128' title='bbox 87 1207 203 1248; x_wconf 90' lang='lat' dir='ltr'><strong>bella</strong></span> <span class='ocrx_word' id='word_1_129' title='bbox 232 1208 433 1248; x_wconf 85' lang='lat' dir='ltr'><strong>accesssit</strong></span> <span class='ocrx_word' id='word_1_130' title='bbox 461 1207 514 1247; x_wconf 89' lang='lat' dir='ltr'><strong>ad</strong></span> <span class='ocrx_word' id='word_1_131' title='bbox 543 1205 744 1259; x_wconf 80' lang='lat' dir='ltr'><strong>tribunal,</strong></span> <span class='ocrx_word' id='word_1_132' title='bbox 767 1207 991 1248; x_wconf 81' lang='lat' dir='ltr'><strong>introierat</strong></span> <span class='ocrx_word' id='word_1_133' title='bbox 1018 1208 1063 1248; x_wconf 91' lang='lat' dir='ltr'><strong>in</strong></span> <span class='ocrx_word' id='word_1_134' title='bbox 1086 1208 1235 1249; x_wconf 91' lang='lat' dir='ltr'><strong>urbem</strong></span> <span class='ocrx_word' id='word_1_135' title='bbox 1264 1210 1554 1263; x_wconf 79' lang='lat' dir='ltr'><strong>triumphique</strong></span> 
     </span>
    </p>
   </div>
   <div class='ocr_carea' id='block_1_9' title="bbox 89 1264 1556 1489">
    <p class='ocr_par' dir='ltr' id='par_1_9' title="bbox 89 1264 1556 1489">
     <span class='ocr_line' id='line_1_18' title="bbox 89 1264 1554 1319; baseline 0.002 -15"><span class='ocrx_word' id='word_1_136' title='bbox 89 1265 415 1316; x_wconf 80' lang='lat' dir='ltr'><strong>postulationem</strong></span> <span class='ocrx_word' id='word_1_137' title='bbox 445 1264 671 1303; x_wconf 84' lang='lat' dir='ltr'><strong>abiecerat.</strong></span> <span class='ocrx_word' id='word_1_138' title='bbox 731 1264 822 1311; x_wconf 78' lang='lat' dir='ltr'><strong>Quo</strong></span> <span class='ocrx_word' id='word_1_139' title='bbox 853 1265 965 1304; x_wconf 82' lang='lat' dir='ltr'><strong>facto</strong></span> <span class='ocrx_word' id='word_1_140' title='bbox 1003 1265 1162 1305; x_wconf 83' lang='lat' dir='ltr'><strong>retudit</strong></span> <span class='ocrx_word' id='word_1_141' title='bbox 1190 1278 1401 1307; x_wconf 86' lang='lat' dir='ltr'><strong>sermones</strong></span> <span class='ocrx_word' id='word_1_142' title='bbox 1430 1280 1554 1319; x_wconf 87' lang='lat' dir='ltr'><strong>para-</strong></span> 
     </span>
     <span class='ocr_line' id='line_1_19' title="bbox 91 1321 1552 1372; baseline 0.002 -11"><span class='ocrx_word' id='word_1_143' title='bbox 91 1322 259 1371; x_wconf 79' lang='lat' dir='ltr'><strong>tiorque</strong></span> <span class='ocrx_word' id='word_1_144' title='bbox 289 1321 401 1360; x_wconf 87' lang='lat' dir='ltr'><strong>visus</strong></span> <span class='ocrx_word' id='word_1_145' title='bbox 432 1321 520 1366; x_wconf 86' lang='lat' dir='ltr'><strong>est,</strong></span> <span class='ocrx_word' id='word_1_146' title='bbox 564 1331 688 1371; x_wconf 88' lang='lat' dir='ltr'><strong>quam</strong></span> <span class='ocrx_word' id='word_1_147' title='bbox 718 1322 961 1372; x_wconf 83' lang='lat' dir='ltr'><strong>speraverat</strong></span> <span class='ocrx_word' id='word_1_148' title='bbox 992 1323 1226 1362; x_wconf 79' lang='lat' dir='ltr'><strong>accusator.</strong></span> <span class='ocrx_word' id='word_1_149' title='bbox 1284 1324 1326 1363; x_wconf 90' lang='lat' dir='ltr'><strong>Is</strong></span> <span class='ocrx_word' id='word_1_150' title='bbox 1361 1335 1476 1364; x_wconf 90' lang='lat' dir='ltr'><strong>nunc</strong></span> <span class='ocrx_word' id='word_1_151' title='bbox 1505 1325 1552 1364; x_wconf 84' lang='lat' dir='ltr'><strong>in</strong></span> 
     </span>
     <span class='ocr_line' id='line_1_20' title="bbox 90 1376 1552 1427; baseline 0.003 -10"><span class='ocrx_word' id='word_1_152' title='bbox 90 1379 134 1417; x_wconf 78' lang='lat' dir='ltr'><strong>te</strong></span> <span class='ocrx_word' id='word_1_153' title='bbox 164 1377 388 1418; x_wconf 82' lang='lat' dir='ltr'><strong>maximam</strong></span> <span class='ocrx_word' id='word_1_154' title='bbox 430 1388 545 1427; x_wconf 83' lang='lat' dir='ltr'><strong>spem</strong></span> <span class='ocrx_word' id='word_1_155' title='bbox 584 1376 723 1416; x_wconf 86' lang='lat' dir='ltr'><strong>habet.</strong></span> <span class='ocrx_word' id='word_1_156' title='bbox 798 1377 897 1417; x_wconf 90' lang='lat' dir='ltr'><strong>Scio</strong></span> <span class='ocrx_word' id='word_1_157' title='bbox 932 1377 1010 1417; x_wconf 79' lang='lat' dir='ltr'><strong>tibi</strong></span> <span class='ocrx_word' id='word_1_158' title='bbox 1050 1390 1145 1418; x_wconf 91' lang='lat' dir='ltr'><strong>eum</strong></span> <span class='ocrx_word' id='word_1_159' title='bbox 1185 1390 1270 1419; x_wconf 91' lang='lat' dir='ltr'><strong>non</strong></span> <span class='ocrx_word' id='word_1_160' title='bbox 1309 1392 1398 1420; x_wconf 89' lang='lat' dir='ltr'><strong>esse</strong></span> <span class='ocrx_word' id='word_1_161' title='bbox 1438 1381 1552 1423; x_wconf 88' lang='lat' dir='ltr'><strong>odio.</strong></span> 
     </span>
     <span class='ocr_line' id='line_1_21' title="bbox 94 1432 1556 1489; baseline 0.003 -16"><span class='ocrx_word' id='word_1_162' title='bbox 94 1434 228 1482; x_wconf 84' lang='lat' dir='ltr'><strong>Quam</strong></span> <span class='ocrx_word' id='word_1_163' title='bbox 262 1434 367 1475; x_wconf 80' lang='lat' dir='ltr'><strong>velis</strong></span> <span class='ocrx_word' id='word_1_164' title='bbox 405 1445 498 1472; x_wconf 89' lang='lat' dir='ltr'><strong>eum</strong></span> <span class='ocrx_word' id='word_1_165' title='bbox 537 1432 748 1485; x_wconf 84' lang='lat' dir='ltr'><strong>obligare,</strong></span> <span class='ocrx_word' id='word_1_166' title='bbox 787 1433 833 1473; x_wconf 90' lang='lat' dir='ltr'><strong>in</strong></span> <span class='ocrx_word' id='word_1_167' title='bbox 871 1435 944 1474; x_wconf 84' lang='lat' dir='ltr'><strong>tua</strong></span> <span class='ocrx_word' id='word_1_168' title='bbox 981 1447 1109 1475; x_wconf 89' lang='lat' dir='ltr'><strong>manu</strong></span> <span class='ocrx_word' id='word_1_169' title='bbox 1149 1438 1234 1476; x_wconf 83' lang='lat' dir='ltr'><strong>est:</strong></span> <span class='ocrx_word' id='word_1_170' title='bbox 1272 1448 1370 1477; x_wconf 90' lang='lat' dir='ltr'><strong>cum</strong></span> <span class='ocrx_word' id='word_1_171' title='bbox 1400 1449 1483 1489; x_wconf 91' lang='lat' dir='ltr'><strong>quo</strong></span> <span class='ocrx_word' id='word_1_172' title='bbox 1513 1440 1556 1480; x_wconf 74' lang='grc' dir='ltr'><strong>εἰ</strong></span> 
     </span>
    </p>
   </div>
   <div class='ocr_carea' id='block_1_10' title="bbox 89 1554 1553 1789">
    <p class='ocr_par' dir='ltr' id='par_1_10' title="bbox 89 1554 1553 1789">
     <span class='ocr_line' id='line_1_22' title="bbox 90 1554 1553 1603; baseline 0.001 -10"><span class='ocrx_word' id='word_1_173' title='bbox 90 1559 322 1603; x_wconf 79' lang='lat' dir='ltr'><strong>ausgesucht,</strong></span> <span class='ocrx_word' id='word_1_174' title='bbox 347 1556 446 1590; x_wconf 92' lang='lat' dir='ltr'><strong>Dich</strong></span> <span class='ocrx_word' id='word_1_175' title='bbox 472 1565 517 1588; x_wconf 91' lang='lat' dir='ltr'><strong>an</strong></span> <span class='ocrx_word' id='word_1_176' title='bbox 542 1554 638 1588; x_wconf 90' lang='lat' dir='ltr'><strong>mich</strong></span> <span class='ocrx_word' id='word_1_177' title='bbox 663 1555 915 1598; x_wconf 79' lang='lat' dir='ltr'><strong>geschlossen.</strong></span> <span class='ocrx_word' id='word_1_178' title='bbox 933 1574 977 1581; x_wconf 91' lang='lat'><strong>—·</strong></span> <span class='ocrx_word' id='word_1_179' title='bbox 1008 1556 1240 1601; x_wconf 80' lang='lat' dir='ltr'><strong>temporibus,</strong></span> <span class='ocrx_word' id='word_1_180' title='bbox 1266 1566 1376 1602; x_wconf 89' lang='lat' dir='ltr'><strong>quum</strong></span> <span class='ocrx_word' id='word_1_181' title='bbox 1401 1568 1553 1594; x_wconf 86' lang='lat' dir='ltr'><strong>accusa-</strong></span> 
     </span>
     <span class='ocr_line' id='line_1_23' title="bbox 90 1603 1553 1649; baseline 0.002 -12"><span class='ocrx_word' id='word_1_182' title='bbox 90 1617 153 1641; x_wconf 84' lang='lat' dir='ltr'><strong>rer</strong></span> <span class='ocrx_word' id='word_1_183' title='bbox 177 1616 198 1638; x_wconf 88' lang='lat' dir='ltr'><strong>a</strong></span> <span class='ocrx_word' id='word_1_184' title='bbox 223 1603 368 1638; x_wconf 88' lang='lat' dir='ltr'><strong>Clodio.</strong></span> <span class='ocrx_word' id='word_1_185' title='bbox 384 1621 427 1627; x_wconf 91' lang='lat'><em>-</em></span> <span class='ocrx_word' id='word_1_186' title='bbox 464 1603 678 1643; x_wconf 78' lang='lat' dir='ltr'><strong>discessum,</strong></span> <span class='ocrx_word' id='word_1_187' title='bbox 703 1603 886 1645; x_wconf 82' lang='lat' dir='ltr'><strong>Abgange</strong></span> <span class='ocrx_word' id='word_1_188' title='bbox 910 1613 984 1636; x_wconf 88' lang='lat' dir='ltr'><strong>von</strong></span> <span class='ocrx_word' id='word_1_189' title='bbox 1007 1603 1115 1637; x_wconf 91' lang='lat' dir='ltr'><strong>Rom.</strong></span> <span class='ocrx_word' id='word_1_190' title='bbox 1132 1622 1177 1629; x_wconf 91' lang='lat'><strong>—</strong></span> <span class='ocrx_word' id='word_1_191' title='bbox 1205 1605 1326 1638; x_wconf 78' lang='lat' dir='ltr'><strong>Bruto</strong></span> <span class='ocrx_word' id='word_1_192' title='bbox 1352 1609 1431 1649; x_wconf 79' lang='lat' dir='ltr'><strong>tuo,</strong></span> <span class='ocrx_word' id='word_1_193' title='bbox 1465 1607 1553 1640; x_wconf 88' lang='lat' dir='ltr'><strong>des-</strong></span> 
     </span>
     <span class='ocr_line' id='line_1_24' title="bbox 93 1647 1552 1694; baseline -0.001 -8"><span class='ocrx_word' id='word_1_194' title='bbox 93 1663 157 1686; x_wconf 88' lang='lat' dir='ltr'><strong>sen</strong></span> <span class='ocrx_word' id='word_1_195' title='bbox 179 1651 392 1685; x_wconf 84' lang='lat' dir='ltr'><strong>Schwester</strong></span> <span class='ocrx_word' id='word_1_196' title='bbox 417 1648 477 1681; x_wconf 92' lang='lat' dir='ltr'><strong>die</strong></span> <span class='ocrx_word' id='word_1_197' title='bbox 499 1647 721 1682; x_wconf 89' lang='lat' dir='ltr'><strong>Gemahlinn</strong></span> <span class='ocrx_word' id='word_1_198' title='bbox 745 1648 812 1682; x_wconf 88' lang='lat' dir='ltr'><strong>des</strong></span> <span class='ocrx_word' id='word_1_199' title='bbox 832 1648 982 1683; x_wconf 84' lang='lat' dir='ltr'><strong>Cassius</strong></span> <span class='ocrx_word' id='word_1_200' title='bbox 1006 1660 1097 1685; x_wconf 81' lang='lat' dir='ltr'><strong>war.</strong></span> <span class='ocrx_word' id='word_1_201' title='bbox 1113 1668 1158 1675; x_wconf 95' lang='lat'><strong>-—</strong></span> <span class='ocrx_word' id='word_1_202' title='bbox 1189 1661 1295 1694; x_wconf 80' lang='lat' dir='ltr'><strong>quum</strong></span> <span class='ocrx_word' id='word_1_203' title='bbox 1312 1651 1465 1685; x_wconf 83' lang='lat' dir='ltr'><strong>Romam</strong></span> <span class='ocrx_word' id='word_1_204' title='bbox 1490 1664 1552 1685; x_wconf 83' lang='lat' dir='ltr'><strong>ve·-</strong></span> 
     </span>
     <span class='ocr_line' id='line_1_25' title="bbox 90 1693 1550 1739; baseline 0.001 -8"><span class='ocrx_word' id='word_1_205' title='bbox 90 1698 200 1731; x_wconf 79' lang='lat' dir='ltr'><strong>neris.</strong></span> <span class='ocrx_word' id='word_1_206' title='bbox 249 1695 387 1729; x_wconf 87' lang='lat' dir='ltr'><strong>Dieser</strong></span> <span class='ocrx_word' id='word_1_207' title='bbox 410 1693 522 1727; x_wconf 85' lang='lat' dir='ltr'><strong>Brief</strong></span> <span class='ocrx_word' id='word_1_208' title='bbox 549 1693 597 1727; x_wconf 88' lang='lat' dir='ltr'><strong>ist</strong></span> <span class='ocrx_word' id='word_1_209' title='bbox 628 1694 707 1727; x_wconf 87' lang='lat' dir='ltr'><strong>also</strong></span> <span class='ocrx_word' id='word_1_210' title='bbox 740 1705 784 1728; x_wconf 89' lang='lat' dir='ltr'><strong>an</strong></span> <span class='ocrx_word' id='word_1_211' title='bbox 817 1694 966 1728; x_wconf 80' lang='lat' dir='ltr'><strong>Cassius</strong></span> <span class='ocrx_word' id='word_1_212' title='bbox 997 1695 1260 1739; x_wconf 85' lang='lat' dir='ltr'><strong>geschrieben‚</strong></span> <span class='ocrx_word' id='word_1_213' title='bbox 1295 1697 1349 1731; x_wconf 90' lang='lat' dir='ltr'><strong>als</strong></span> <span class='ocrx_word' id='word_1_214' title='bbox 1381 1708 1423 1731; x_wconf 90' lang='lat' dir='ltr'><strong>er</strong></span> <span class='ocrx_word' id='word_1_215' title='bbox 1454 1698 1550 1733; x_wconf 88' lang='lat' dir='ltr'><strong>eben</strong></span> 
     </span>
     <span class='ocr_line' id='line_1_26' title="bbox 89 1739 1550 1789; baseline 0.003 -14"><span class='ocrx_word' id='word_1_216' title='bbox 89 1755 154 1778; x_wconf 84' lang='lat' dir='ltr'><strong>aus</strong></span> <span class='ocrx_word' id='word_1_217' title='bbox 179 1741 316 1789; x_wconf 80' lang='lat' dir='ltr'><strong>Syrien</strong></span> <span class='ocrx_word' id='word_1_218' title='bbox 341 1742 581 1785; x_wconf 79' lang='lat' dir='ltr'><strong>abgegangen</strong></span> <span class='ocrx_word' id='word_1_219' title='bbox 606 1740 681 1774; x_wconf 91' lang='lat' dir='ltr'><strong>und</strong></span> <span class='ocrx_word' id='word_1_220' title='bbox 706 1741 770 1774; x_wconf 89' lang='lat' dir='ltr'><strong>auf</strong></span> <span class='ocrx_word' id='word_1_221' title='bbox 791 1739 858 1774; x_wconf 91' lang='lat' dir='ltr'><strong>der</strong></span> <span class='ocrx_word' id='word_1_222' title='bbox 873 1741 985 1775; x_wconf 86' lang='lat' dir='ltr'><strong>Reise</strong></span> <span class='ocrx_word' id='word_1_223' title='bbox 1010 1742 1104 1775; x_wconf 88' lang='lat' dir='ltr'><strong>nach</strong></span> <span class='ocrx_word' id='word_1_224' title='bbox 1128 1742 1224 1776; x_wconf 90' lang='lat' dir='ltr'><strong>Rom</strong></span> <span class='ocrx_word' id='word_1_225' title='bbox 1248 1743 1433 1787; x_wconf 80' lang='lat' dir='ltr'><strong>begriffen</strong></span> <span class='ocrx_word' id='word_1_226' title='bbox 1458 1754 1550 1780; x_wconf 85' lang='lat' dir='ltr'><strong>war.</strong></span> 
     </span>
    </p>
   </div>
   <div class='ocr_carea' id='block_1_11' title="bbox 88 1796 1550 2764">
    <p class='ocr_par' dir='ltr' id='par_1_11' title="bbox 494 1796 1139 1842">
     <span class='ocr_line' id='line_1_27' title="bbox 494 1796 1139 1842; baseline 0.003 -11"><span class='ocrx_word' id='word_1_227' title='bbox 494 1796 724 1831; x_wconf 82' lang='lat' dir='ltr'><strong>CAELIUS.</strong></span> <span class='ocrx_word' id='word_1_228' title='bbox 774 1796 810 1832; x_wconf 88' lang='lat' dir='ltr'><strong>S.</strong></span> <span class='ocrx_word' id='word_1_229' title='bbox 838 1808 881 1831; x_wconf 88' lang='lat' dir='ltr'><strong>zu</strong></span> <span class='ocrx_word' id='word_1_230' title='bbox 909 1809 964 1842; x_wconf 91' lang='lat' dir='ltr'><strong>ep.</strong></span> <span class='ocrx_word' id='word_1_231' title='bbox 990 1798 1139 1834; x_wconf 87' lang='lat' dir='ltr'>CXCII.</span> 
     </span>
    </p>

    <p class='ocr_par' dir='ltr' id='par_1_12' title="bbox 88 1842 1550 2764">
     <span class='ocr_line' id='line_1_28' title="bbox 181 1842 1549 1895; baseline 0.001 -16"><span class='ocrx_word' id='word_1_232' title='bbox 181 1846 214 1879; x_wconf 94' lang='lat'><strong>1.</strong></span> <span class='ocrx_word' id='word_1_233' title='bbox 248 1844 427 1888; x_wconf 80' lang='lat' dir='ltr'><strong>Appium,</strong></span> <span class='ocrx_word' id='word_1_234' title='bbox 454 1854 560 1888; x_wconf 90' lang='lat' dir='ltr'><strong>quem</strong></span> <span class='ocrx_word' id='word_1_235' title='bbox 587 1855 606 1877; x_wconf 90' lang='lat' dir='ltr'><strong>e</strong></span> <span class='ocrx_word' id='word_1_236' title='bbox 632 1842 825 1895; x_wconf 78' lang='lat' dir='ltr'><strong>provincia</strong></span> <span class='ocrx_word' id='word_1_237' title='bbox 850 1842 984 1878; x_wconf 84' lang='lat' dir='ltr'><strong>Cilicia</strong></span> <span class='ocrx_word' id='word_1_238' title='bbox 1009 1845 1224 1879; x_wconf 87' lang='lat' dir='ltr'><strong>redeuntem</strong></span> <span class='ocrx_word' id='word_1_239' title='bbox 1243 1843 1458 1889; x_wconf 86' lang='lat' dir='ltr'><strong>Dolabella,</strong></span> <span class='ocrx_word' id='word_1_240' title='bbox 1484 1845 1549 1892; x_wconf 81' lang='lat' dir='ltr'><strong>qui</strong></span> 
     </span>
     <span class='ocr_line' id='line_1_29' title="bbox 89 1888 1550 1937; baseline 0.003 -13"><span class='ocrx_word' id='word_1_241' title='bbox 89 1897 221 1936; x_wconf 80' lang='lat' dir='ltr'><strong>postea</strong></span> <span class='ocrx_word' id='word_1_242' title='bbox 246 1901 360 1934; x_wconf 81' lang='lat' dir='ltr'><strong>gener</strong></span> <span class='ocrx_word' id='word_1_243' title='bbox 377 1889 569 1924; x_wconf 86' lang='lat' dir='ltr'><strong>Ciceronis</strong></span> <span class='ocrx_word' id='word_1_244' title='bbox 594 1889 677 1932; x_wconf 82' lang='lat' dir='ltr'><strong>fuit,</strong></span> <span class='ocrx_word' id='word_1_245' title='bbox 704 1888 750 1923; x_wconf 90' lang='lat' dir='ltr'><strong>de</strong></span> <span class='ocrx_word' id='word_1_246' title='bbox 775 1889 963 1924; x_wconf 82' lang='lat' dir='ltr'><strong>maiestate</strong></span> <span class='ocrx_word' id='word_1_247' title='bbox 988 1891 1185 1926; x_wconf 78' lang='lat' dir='ltr'><strong>accusavit.</strong></span> <span class='ocrx_word' id='word_1_248' title='bbox 1222 1892 1310 1928; x_wconf 84' lang='lat' dir='ltr'><strong>Vid.</strong></span> <span class='ocrx_word' id='word_1_249' title='bbox 1340 1904 1398 1937; x_wconf 86' lang='lat' dir='ltr'><strong>ep.</strong></span> <span class='ocrx_word' id='word_1_250' title='bbox 1416 1890 1488 1936; x_wconf 83' lang='grc' dir='ltr'><strong>ΙΙΙ,</strong></span> <span class='ocrx_word' id='word_1_251' title='bbox 1504 1894 1550 1928; x_wconf 81' lang='lat'><strong>10</strong></span> 
     </span>
     <span class='ocr_line' id='line_1_30' title="bbox 93 1936 1550 1982; baseline 0.001 -11"><span class='ocrx_word' id='word_1_252' title='bbox 93 1937 288 1980; x_wconf 89' lang='lat' dir='ltr'>(CCLXI).</span> <span class='ocrx_word' id='word_1_253' title='bbox 338 1937 561 1979; x_wconf 80' lang='lat' dir='ltr'><strong>Quamquam</strong></span> <span class='ocrx_word' id='word_1_254' title='bbox 588 1942 624 1970; x_wconf 88' lang='lat' dir='ltr'><strong>et</strong></span> <span class='ocrx_word' id='word_1_255' title='bbox 660 1936 706 1969; x_wconf 93' lang='lat' dir='ltr'><strong>de</strong></span> <span class='ocrx_word' id='word_1_256' title='bbox 742 1936 879 1970; x_wconf 82' lang='lat' dir='ltr'><strong>ambitu</strong></span> <span class='ocrx_word' id='word_1_257' title='bbox 905 1938 1130 1981; x_wconf 85' lang='lat' dir='ltr'><strong>postulatum</strong></span> <span class='ocrx_word' id='word_1_258' title='bbox 1156 1947 1237 1971; x_wconf 87' lang='lat' dir='ltr'><strong>esse</strong></span> <span class='ocrx_word' id='word_1_259' title='bbox 1263 1939 1550 1982; x_wconf 88' lang='lat' dir='ltr'><strong>absolutumque</strong></span> 
     </span>
     <span class='ocr_line' id='line_1_31' title="bbox 91 1982 1549 2027; baseline 0.003 -11"><span class='ocrx_word' id='word_1_260' title='bbox 91 1990 253 2026; x_wconf 80' lang='lat' dir='ltr'><strong>utroque</strong></span> <span class='ocrx_word' id='word_1_261' title='bbox 272 1982 425 2016; x_wconf 91' lang='lat' dir='ltr'><strong>crimine</strong></span> <span class='ocrx_word' id='word_1_262' title='bbox 445 1982 656 2026; x_wconf 77' lang='lat' dir='ltr'><strong>significant</strong></span> <span class='ocrx_word' id='word_1_263' title='bbox 674 1982 856 2026; x_wconf 85' lang='lat' dir='ltr'><strong>epistolae</strong></span> <span class='ocrx_word' id='word_1_264' title='bbox 871 1982 965 2016; x_wconf 89' lang='lat' dir='ltr'><strong>duae</strong></span> <span class='ocrx_word' id='word_1_265' title='bbox 986 1983 1057 2027; x_wconf 93' lang='lat' dir='ltr'><strong>III,</strong></span> <span class='ocrx_word' id='word_1_266' title='bbox 1072 1986 1114 2017; x_wconf 91' lang='lat' dir='ltr'><strong>ll</strong></span> <span class='ocrx_word' id='word_1_267' title='bbox 1129 1991 1165 2017; x_wconf 94' lang='lat' dir='ltr'><strong>et</strong></span> <span class='ocrx_word' id='word_1_268' title='bbox 1178 1984 1220 2017; x_wconf 85' lang='lat'><strong>12</strong></span> <span class='ocrx_word' id='word_1_269' title='bbox 1237 1984 1287 2027; x_wconf 89' lang='lat' dir='ltr'><strong>(h.</strong></span> <span class='ocrx_word' id='word_1_270' title='bbox 1302 1987 1360 2019; x_wconf 78' lang='lat' dir='ltr'><strong>ed.</strong></span> <span class='ocrx_word' id='word_1_271' title='bbox 1373 1984 1549 2022; x_wconf 83' lang='lat' dir='ltr'>CCLXV</span> 
     </span>
     <span class='ocr_line' id='line_1_32' title="bbox 91 2027 1548 2075; baseline 0.003 -13"><span class='ocrx_word' id='word_1_272' title='bbox 91 2035 129 2062; x_wconf 85' lang='lat' dir='ltr'><strong>et</strong></span> <span class='ocrx_word' id='word_1_273' title='bbox 145 2029 402 2071; x_wconf 89' lang='lat' dir='ltr'>CCLXXIV).</span> <span class='ocrx_word' id='word_1_274' title='bbox 433 2027 639 2062; x_wconf 81' lang='lat' dir='ltr'><strong>MANUT.</strong></span> <span class='ocrx_word' id='word_1_275' title='bbox 666 2046 709 2052; x_wconf 88' lang='lat'><strong>--</strong></span> <span class='ocrx_word' id='word_1_276' title='bbox 746 2038 848 2061; x_wconf 78' lang='lat' dir='ltr'><strong>reum</strong></span> <span class='ocrx_word' id='word_1_277' title='bbox 870 2030 991 2072; x_wconf 81' lang='lat' dir='ltr'><strong>facere</strong></span> <span class='ocrx_word' id='word_1_278' title='bbox 1014 2041 1061 2063; x_wconf 74' lang='grc' dir='ltr'><strong>-Ξ</strong></span> <span class='ocrx_word' id='word_1_279' title='bbox 1084 2031 1293 2074; x_wconf 82' lang='lat' dir='ltr'><strong>postulare,</strong></span> <span class='ocrx_word' id='word_1_280' title='bbox 1319 2037 1447 2075; x_wconf 84' lang='lat' dir='ltr'><strong>petere</strong></span> <span class='ocrx_word' id='word_1_281' title='bbox 1472 2030 1548 2066; x_wconf 83' lang='lat' dir='ltr'><strong>sibi</strong></span> 
     </span>
     <span class='ocr_line' id='line_1_33' title="bbox 92 2073 1548 2121; baseline 0.002 -13"><span class='ocrx_word' id='word_1_282' title='bbox 92 2075 273 2108; x_wconf 81' lang='lat' dir='ltr'><strong>actionem</strong></span> <span class='ocrx_word' id='word_1_283' title='bbox 298 2075 335 2108; x_wconf 91' lang='lat' dir='ltr'><strong>in</strong></span> <span class='ocrx_word' id='word_1_284' title='bbox 352 2075 581 2117; x_wconf 86' lang='lat' dir='ltr'><strong>aliquem.-</strong></span> <span class='ocrx_word' id='word_1_285' title='bbox 607 2073 750 2108; x_wconf 65' lang='lat' dir='ltr'><strong>invidia</strong></span> <span class='ocrx_word' id='word_1_286' title='bbox 775 2074 800 2108; x_wconf 86' lang='lat' dir='ltr'><strong>i.</strong></span> <span class='ocrx_word' id='word_1_287' title='bbox 820 2086 852 2108; x_wconf 93' lang='lat' dir='ltr'><strong>e.</strong></span> <span class='ocrx_word' id='word_1_288' title='bbox 878 2075 996 2109; x_wconf 85' lang='lat' dir='ltr'><strong>minus</strong></span> <span class='ocrx_word' id='word_1_289' title='bbox 1022 2076 1177 2109; x_wconf 81' lang='lat' dir='ltr'><strong>adversa</strong></span> <span class='ocrx_word' id='word_1_290' title='bbox 1202 2074 1239 2109; x_wconf 91' lang='lat' dir='ltr'><strong>in</strong></span> <span class='ocrx_word' id='word_1_291' title='bbox 1255 2075 1418 2121; x_wconf 84' lang='lat' dir='ltr'><strong>Appium</strong></span> <span class='ocrx_word' id='word_1_292' title='bbox 1443 2086 1548 2111; x_wconf 89' lang='lat' dir='ltr'><strong>reum</strong></span> 
     </span>
     <span class='ocr_line' id='line_1_34' title="bbox 92 2120 1548 2165; baseline 0.003 -12"><span class='ocrx_word' id='word_1_293' title='bbox 92 2120 277 2154; x_wconf 88' lang='lat' dir='ltr'><strong>hominum</strong></span> <span class='ocrx_word' id='word_1_294' title='bbox 307 2121 498 2154; x_wconf 81' lang='lat' dir='ltr'><strong>voluntate</strong></span> <span class='ocrx_word' id='word_1_295' title='bbox 533 2131 638 2164; x_wconf 88' lang='lat' dir='ltr'><strong>quam</strong></span> <span class='ocrx_word' id='word_1_296' title='bbox 672 2126 850 2165; x_wconf 84' lang='lat' dir='ltr'><strong>putaram.</strong></span> <span class='ocrx_word' id='word_1_297' title='bbox 882 2121 990 2155; x_wconf 84' lang='lat' dir='ltr'><strong>SCH.</strong></span> <span class='ocrx_word' id='word_1_298' title='bbox 1034 2123 1141 2164; x_wconf 83' lang='lat' dir='ltr'><strong>„Das</strong></span> <span class='ocrx_word' id='word_1_299' title='bbox 1172 2122 1371 2157; x_wconf 88' lang='lat' dir='ltr'><strong>Publicum</strong></span> <span class='ocrx_word' id='word_1_300' title='bbox 1402 2123 1451 2157; x_wconf 89' lang='lat' dir='ltr'><strong>ist</strong></span> <span class='ocrx_word' id='word_1_301' title='bbox 1484 2122 1548 2158; x_wconf 86' lang='lat' dir='ltr'><strong>bei</strong></span> 
     </span>
     <span class='ocr_line' id='line_1_35' title="bbox 91 2164 1550 2213; baseline 0.002 -13"><span class='ocrx_word' id='word_1_302' title='bbox 91 2167 254 2200; x_wconf 88' lang='lat' dir='ltr'><strong>Weitem</strong></span> <span class='ocrx_word' id='word_1_303' title='bbox 287 2166 389 2200; x_wconf 88' lang='lat' dir='ltr'><strong>nicht</strong></span> <span class='ocrx_word' id='word_1_304' title='bbox 420 2177 461 2201; x_wconf 89' lang='lat' dir='ltr'><strong>so</strong></span> <span class='ocrx_word' id='word_1_305' title='bbox 497 2177 615 2210; x_wconf 80' lang='lat' dir='ltr'><strong>gegen</strong></span> <span class='ocrx_word' id='word_1_306' title='bbox 649 2166 794 2211; x_wconf 88' lang='lat' dir='ltr'><strong>Appius</strong></span> <span class='ocrx_word' id='word_1_307' title='bbox 824 2164 1123 2211; x_wconf 82' lang='lat' dir='ltr'><strong>eingenommen,</strong></span> <span class='ocrx_word' id='word_1_308' title='bbox 1156 2168 1209 2202; x_wconf 89' lang='lat' dir='ltr'><strong>als</strong></span> <span class='ocrx_word' id='word_1_309' title='bbox 1234 2168 1294 2201; x_wconf 89' lang='lat' dir='ltr'><strong>ich</strong></span> <span class='ocrx_word' id='word_1_310' title='bbox 1319 2169 1388 2202; x_wconf 88' lang='lat' dir='ltr'><strong>mir</strong></span> <span class='ocrx_word' id='word_1_311' title='bbox 1412 2181 1550 2213; x_wconf 81' lang='lat' dir='ltr'><strong>vorge-</strong></span> 
     </span>
     <span class='ocr_line' id='line_1_36' title="bbox 92 2210 1546 2259; baseline 0.002 -13"><span class='ocrx_word' id='word_1_312' title='bbox 92 2213 194 2247; x_wconf 86' lang='lat' dir='ltr'><strong>stellt</strong></span> <span class='ocrx_word' id='word_1_313' title='bbox 219 2213 406 2248; x_wconf 79' lang='lat' dir='ltr'><strong>hatte.”—</strong></span> <span class='ocrx_word' id='word_1_314' title='bbox 431 2223 549 2256; x_wconf 80' lang='lat' dir='ltr'><strong>quam,</strong></span> <span class='ocrx_word' id='word_1_315' title='bbox 574 2212 701 2246; x_wconf 85' lang='lat' dir='ltr'><strong>Lamb.</strong></span> <span class='ocrx_word' id='word_1_316' title='bbox 721 2212 806 2247; x_wconf 90' lang='lat' dir='ltr'><strong>Sch.</strong></span> <span class='ocrx_word' id='word_1_317' title='bbox 833 2224 901 2257; x_wconf 80' lang='lat' dir='ltr'><strong>qua</strong></span> <span class='ocrx_word' id='word_1_318' title='bbox 926 2214 1096 2257; x_wconf 67' lang='lat' dir='ltr'><strong>existim„</strong></span> <span class='ocrx_word' id='word_1_319' title='bbox 1123 2210 1198 2248; x_wconf 84' lang='lat' dir='ltr'><strong>wie</strong></span> <span class='ocrx_word' id='word_1_320' title='bbox 1223 2222 1280 2259; x_wconf 89' lang='lat' dir='ltr'><strong>ep.</strong></span> <span class='ocrx_word' id='word_1_321' title='bbox 1295 2214 1546 2258; x_wconf 84' lang='lat' dir='ltr'><strong>CCXXXV1‚</strong></span> 
     </span>
     <span class='ocr_line' id='line_1_37' title="bbox 91 2258 1546 2304; baseline 0.002 -12"><span class='ocrx_word' id='word_1_322' title='bbox 91 2259 126 2292; x_wconf 86' lang='lat'><strong>2.</strong></span> <span class='ocrx_word' id='word_1_323' title='bbox 160 2259 302 2302; x_wconf 83' lang='lat' dir='ltr'><strong>studio,</strong></span> <span class='ocrx_word' id='word_1_324' title='bbox 336 2269 403 2302; x_wconf 85' lang='lat' dir='ltr'><strong>quo</strong></span> <span class='ocrx_word' id='word_1_325' title='bbox 429 2258 629 2293; x_wconf 79' lang='lat' dir='ltr'><strong>ostendisti.</strong></span> <span class='ocrx_word' id='word_1_326' title='bbox 650 2277 694 2284; x_wconf 91' lang='lat'><strong>—-</strong></span> <span class='ocrx_word' id='word_1_327' title='bbox 731 2259 838 2292; x_wconf 82' lang='lat' dir='ltr'><strong>stulte</strong></span> <span class='ocrx_word' id='word_1_328' title='bbox 868 2259 969 2294; x_wconf 79' lang='lat' dir='ltr'><strong>fecit.</strong></span> <span class='ocrx_word' id='word_1_329' title='bbox 996 2279 1039 2284; x_wconf 90' lang='lat'>—</span> <span class='ocrx_word' id='word_1_330' title='bbox 1082 2260 1199 2294; x_wconf 82' lang='lat' dir='ltr'><strong>acced.</strong></span> <span class='ocrx_word' id='word_1_331' title='bbox 1227 2261 1274 2294; x_wconf 83' lang='lat' dir='ltr'><strong>ad</strong></span> <span class='ocrx_word' id='word_1_332' title='bbox 1299 2262 1409 2304; x_wconf 60' lang='lat' dir='ltr'><strong>trib„</strong></span> <span class='ocrx_word' id='word_1_333' title='bbox 1441 2261 1546 2296; x_wconf 86' lang='lat' dir='ltr'><strong>seine</strong></span> 
     </span>
     <span class='ocr_line' id='line_1_38' title="bbox 92 2304 1544 2350; baseline 0.003 -14"><span class='ocrx_word' id='word_1_334' title='bbox 92 2304 265 2347; x_wconf 77' lang='lat' dir='ltr'><strong>Anklage</strong></span> <span class='ocrx_word' id='word_1_335' title='bbox 291 2304 474 2347; x_wconf 75' lang='lat' dir='ltr'><strong>anh&#39;angig</strong></span> <span class='ocrx_word' id='word_1_336' title='bbox 498 2306 662 2339; x_wconf 88' lang='lat' dir='ltr'><strong>machen.</strong></span> <span class='ocrx_word' id='word_1_337' title='bbox 680 2324 723 2329; x_wconf 97' lang='lat'><strong>—</strong></span> <span class='ocrx_word' id='word_1_338' title='bbox 763 2306 958 2338; x_wconf 77' lang='lat' dir='ltr'><strong>introierat</strong></span> <span class='ocrx_word' id='word_1_339' title='bbox 988 2305 1176 2350; x_wconf 84' lang='lat' dir='ltr'><strong>privatus,</strong></span> <span class='ocrx_word' id='word_1_340' title='bbox 1211 2307 1265 2341; x_wconf 87' lang='lat' dir='ltr'><strong>als</strong></span> <span class='ocrx_word' id='word_1_341' title='bbox 1290 2307 1544 2342; x_wconf 81' lang='lat' dir='ltr'><strong>Privatmann.</strong></span> 
     </span>
     <span class='ocr_line' id='line_1_39' title="bbox 91 2350 1546 2396; baseline 0.003 -14"><span class='ocrx_word' id='word_1_342' title='bbox 91 2368 136 2374; x_wconf 94' lang='lat'><em>-</em></span> <span class='ocrx_word' id='word_1_343' title='bbox 169 2350 345 2392; x_wconf 79' lang='lat' dir='ltr'><strong>abiicere,</strong></span> <span class='ocrx_word' id='word_1_344' title='bbox 372 2350 565 2393; x_wconf 78' lang='lat' dir='ltr'><strong>ausgeben.</strong></span> <span class='ocrx_word' id='word_1_345' title='bbox 613 2350 652 2385; x_wconf 91' lang='lat' dir='ltr'><strong>S.</strong></span> <span class='ocrx_word' id='word_1_346' title='bbox 679 2361 725 2385; x_wconf 89' lang='lat' dir='ltr'><strong>zu</strong></span> <span class='ocrx_word' id='word_1_347' title='bbox 751 2362 810 2396; x_wconf 90' lang='lat' dir='ltr'><strong>ep.</strong></span> <span class='ocrx_word' id='word_1_348' title='bbox 830 2351 1010 2386; x_wconf 89' lang='lat' dir='ltr'>CCXXII</span> <span class='ocrx_word' id='word_1_349' title='bbox 1035 2351 1083 2386; x_wconf 89' lang='lat' dir='ltr'><strong>im</strong></span> <span class='ocrx_word' id='word_1_350' title='bbox 1101 2353 1184 2386; x_wconf 82' lang='lat' dir='ltr'><strong>Ans.</strong></span> <span class='ocrx_word' id='word_1_351' title='bbox 1202 2370 1247 2377; x_wconf 92' lang='lat'><strong>—-</strong></span> <span class='ocrx_word' id='word_1_352' title='bbox 1281 2353 1396 2387; x_wconf 73' lang='lat' dir='ltr'><strong>retati.</strong></span> <span class='ocrx_word' id='word_1_353' title='bbox 1422 2364 1546 2396; x_wconf 66' lang='lat' dir='ltr'><strong>serm„</strong></span> 
     </span>
     <span class='ocr_line' id='line_1_40' title="bbox 91 2395 1546 2443; baseline 0.002 -14"><span class='ocrx_word' id='word_1_354' title='bbox 91 2395 223 2438; x_wconf 82' lang='lat' dir='ltr'><strong>schlug</strong></span> <span class='ocrx_word' id='word_1_355' title='bbox 249 2406 290 2428; x_wconf 89' lang='lat' dir='ltr'><strong>er</strong></span> <span class='ocrx_word' id='word_1_356' title='bbox 314 2395 377 2429; x_wconf 88' lang='lat' dir='ltr'><strong>das</strong></span> <span class='ocrx_word' id='word_1_357' title='bbox 404 2396 622 2430; x_wconf 70' lang='lat' dir='ltr'><strong>Geschwatz</strong></span> <span class='ocrx_word' id='word_1_358' title='bbox 647 2396 715 2431; x_wconf 87' lang='lat' dir='ltr'><strong>der</strong></span> <span class='ocrx_word' id='word_1_359' title='bbox 738 2398 856 2432; x_wconf 83' lang='lat' dir='ltr'><strong>Lente</strong></span> <span class='ocrx_word' id='word_1_360' title='bbox 881 2397 1021 2432; x_wconf 87' lang='lat' dir='ltr'><strong>nieder.</strong></span> <span class='ocrx_word' id='word_1_361' title='bbox 1044 2417 1085 2424; x_wconf 83' lang='lat'>-</span> <span class='ocrx_word' id='word_1_362' title='bbox 1123 2395 1315 2443; x_wconf 78' lang='lat' dir='ltr'><strong>paratior,</strong></span> <span class='ocrx_word' id='word_1_363' title='bbox 1349 2399 1546 2442; x_wconf 81' lang='lat' dir='ltr'><strong>gefasster,</strong></span> 
     </span>
     <span class='ocr_line' id='line_1_41' title="bbox 90 2441 1547 2488; baseline 0.003 -14"><span class='ocrx_word' id='word_1_364' title='bbox 90 2441 378 2475; x_wconf 74' lang='lat' dir='ltr'><strong>vorbereiteter.</strong></span> <span class='ocrx_word' id='word_1_365' title='bbox 400 2460 443 2467; x_wconf 95' lang='lat'>—</span> <span class='ocrx_word' id='word_1_366' title='bbox 482 2442 539 2481; x_wconf 87' lang='lat' dir='ltr'><strong>Is,</strong></span> <span class='ocrx_word' id='word_1_367' title='bbox 564 2442 723 2487; x_wconf 86' lang='lat' dir='ltr'><strong>Appius.</strong></span> <span class='ocrx_word' id='word_1_368' title='bbox 746 2462 793 2470; x_wconf 87' lang='lat'><strong>·-</strong></span> <span class='ocrx_word' id='word_1_369' title='bbox 828 2442 867 2477; x_wconf 74' lang='lat' dir='ltr'><strong>in</strong></span> <span class='ocrx_word' id='word_1_370' title='bbox 892 2447 924 2477; x_wconf 80' lang='lat' dir='ltr'><strong>te</strong></span> <span class='ocrx_word' id='word_1_371' title='bbox 949 2452 1164 2479; x_wconf 85' lang='lat' dir='ltr'><strong>successore</strong></span> <span class='ocrx_word' id='word_1_372' title='bbox 1188 2453 1275 2479; x_wconf 83' lang='lat' dir='ltr'><strong>suo:</strong></span> <span class='ocrx_word' id='word_1_373' title='bbox 1312 2445 1376 2488; x_wconf 91' lang='lat' dir='ltr'><strong>qui</strong></span> <span class='ocrx_word' id='word_1_374' title='bbox 1401 2444 1432 2479; x_wconf 90' lang='lat' dir='ltr'><strong>si</strong></span> <span class='ocrx_word' id='word_1_375' title='bbox 1456 2456 1547 2478; x_wconf 91' lang='lat' dir='ltr'><strong>con·-</strong></span> 
     </span>
     <span class='ocr_line' id='line_1_42' title="bbox 91 2487 1547 2535; baseline 0.003 -15"><span class='ocrx_word' id='word_1_376' title='bbox 91 2488 222 2521; x_wconf 84' lang='lat' dir='ltr'><strong>tuleris</strong></span> <span class='ocrx_word' id='word_1_377' title='bbox 249 2487 287 2520; x_wconf 90' lang='lat' dir='ltr'><strong>in</strong></span> <span class='ocrx_word' id='word_1_378' title='bbox 313 2498 393 2520; x_wconf 90' lang='lat' dir='ltr'><strong>eum</strong></span> <span class='ocrx_word' id='word_1_379' title='bbox 418 2487 539 2520; x_wconf 80' lang='lat' dir='ltr'><strong>studia</strong></span> <span class='ocrx_word' id='word_1_380' title='bbox 563 2493 645 2531; x_wconf 82' lang='lat' dir='ltr'><strong>tua,</strong></span> <span class='ocrx_word' id='word_1_381' title='bbox 680 2489 853 2533; x_wconf 87' lang='lat' dir='ltr'><strong>proderis</strong></span> <span class='ocrx_word' id='word_1_382' title='bbox 879 2490 1086 2534; x_wconf 89' lang='lat' dir='ltr'><strong>plurimum.</strong></span> <span class='ocrx_word' id='word_1_383' title='bbox 1133 2493 1338 2524; x_wconf 81' lang='lat' dir='ltr'><strong>Accusatus</strong></span> <span class='ocrx_word' id='word_1_384' title='bbox 1364 2496 1443 2524; x_wconf 86' lang='lat' dir='ltr'><strong>erat</strong></span> <span class='ocrx_word' id='word_1_385' title='bbox 1466 2492 1547 2535; x_wconf 85' lang='lat' dir='ltr'><strong>Ap-</strong></span> 
     </span>
     <span class='ocr_line' id='line_1_43' title="bbox 90 2532 1546 2580; baseline 0.002 -14"><span class='ocrx_word' id='word_1_386' title='bbox 90 2533 173 2577; x_wconf 88' lang='lat' dir='ltr'><strong>pius</strong></span> <span class='ocrx_word' id='word_1_387' title='bbox 209 2534 255 2566; x_wconf 93' lang='lat' dir='ltr'><strong>ob</strong></span> <span class='ocrx_word' id='word_1_388' title='bbox 290 2544 353 2574; x_wconf 87' lang='lat' dir='ltr'><strong>ea,</strong></span> <span class='ocrx_word' id='word_1_389' title='bbox 388 2543 481 2577; x_wconf 85' lang='lat' dir='ltr'><strong>quae</strong></span> <span class='ocrx_word' id='word_1_390' title='bbox 515 2532 552 2566; x_wconf 86' lang='lat' dir='ltr'><strong>in</strong></span> <span class='ocrx_word' id='word_1_391' title='bbox 589 2535 782 2577; x_wconf 81' lang='lat' dir='ltr'><strong>provincia</strong></span> <span class='ocrx_word' id='word_1_392' title='bbox 817 2543 945 2569; x_wconf 81' lang='lat' dir='ltr'><strong>contra</strong></span> <span class='ocrx_word' id='word_1_393' title='bbox 980 2537 1206 2570; x_wconf 83' lang='lat' dir='ltr'><strong>maiestatem</strong></span> <span class='ocrx_word' id='word_1_394' title='bbox 1231 2536 1363 2580; x_wconf 88' lang='lat' dir='ltr'><strong>populi</strong></span> <span class='ocrx_word' id='word_1_395' title='bbox 1387 2535 1546 2570; x_wconf 86' lang='lat' dir='ltr'><strong>Romani</strong></span> 
     </span>
     <span class='ocr_line' id='line_1_44' title="bbox 90 2579 1545 2625; baseline 0.003 -13"><span class='ocrx_word' id='word_1_396' title='bbox 90 2579 333 2613; x_wconf 82' lang='lat' dir='ltr'><strong>commiserat.</strong></span> <span class='ocrx_word' id='word_1_397' title='bbox 369 2579 461 2614; x_wconf 77' lang='lat' dir='ltr'><strong>vid.</strong></span> <span class='ocrx_word' id='word_1_398' title='bbox 491 2589 549 2623; x_wconf 88' lang='lat' dir='ltr'><strong>ep.</strong></span> <span class='ocrx_word' id='word_1_399' title='bbox 569 2580 732 2615; x_wconf 88' lang='lat' dir='ltr'>CCLXI.</span> <span class='ocrx_word' id='word_1_400' title='bbox 759 2580 965 2616; x_wconf 81' lang='lat' dir='ltr'><strong>MANUT.</strong></span> <span class='ocrx_word' id='word_1_401' title='bbox 984 2600 1028 2608; x_wconf 87' lang='lat'><strong>-—·</strong></span> <span class='ocrx_word' id='word_1_402' title='bbox 1058 2583 1098 2616; x_wconf 79' lang='lat' dir='ltr'><strong>in</strong></span> <span class='ocrx_word' id='word_1_403' title='bbox 1123 2585 1185 2616; x_wconf 81' lang='lat' dir='ltr'><strong>tua</strong></span> <span class='ocrx_word' id='word_1_404' title='bbox 1208 2592 1318 2615; x_wconf 77' lang='lat' dir='ltr'><strong>marm</strong></span> <span class='ocrx_word' id='word_1_405' title='bbox 1342 2585 1407 2625; x_wconf 86' lang='lat' dir='ltr'><strong>est,</strong></span> <span class='ocrx_word' id='word_1_406' title='bbox 1433 2592 1545 2625; x_wconf 88' lang='lat' dir='ltr'><strong>quum</strong></span> 
     </span>
     <span class='ocr_line' id='line_1_45' title="bbox 89 2624 1547 2672; baseline 0.003 -15"><span class='ocrx_word' id='word_1_407' title='bbox 89 2635 167 2658; x_wconf 89' lang='lat' dir='ltr'><strong>eam</strong></span> <span class='ocrx_word' id='word_1_408' title='bbox 191 2624 441 2670; x_wconf 84' lang='lat' dir='ltr'><strong>provinciam,</strong></span> <span class='ocrx_word' id='word_1_409' title='bbox 477 2624 535 2657; x_wconf 92' lang='lat' dir='ltr'><strong>cui</strong></span> <span class='ocrx_word' id='word_1_410' title='bbox 561 2627 722 2669; x_wconf 86' lang='lat' dir='ltr'><strong>praefuit</strong></span> <span class='ocrx_word' id='word_1_411' title='bbox 747 2628 911 2672; x_wconf 86' lang='lat' dir='ltr'><strong>Appius,</strong></span> <span class='ocrx_word' id='word_1_412' title='bbox 947 2634 984 2663; x_wconf 86' lang='lat' dir='ltr'><strong>et</strong></span> <span class='ocrx_word' id='word_1_413' title='bbox 1010 2629 1106 2662; x_wconf 89' lang='lat' dir='ltr'><strong>unde</strong></span> <span class='ocrx_word' id='word_1_414' title='bbox 1132 2633 1246 2662; x_wconf 81' lang='lat' dir='ltr'><strong>testes</strong></span> <span class='ocrx_word' id='word_1_415' title='bbox 1271 2628 1308 2661; x_wconf 86' lang='lat' dir='ltr'><strong>in</strong></span> <span class='ocrx_word' id='word_1_416' title='bbox 1334 2638 1416 2661; x_wconf 88' lang='lat' dir='ltr'><strong>eum</strong></span> <span class='ocrx_word' id='word_1_417' title='bbox 1441 2628 1547 2663; x_wconf 83' lang='lat' dir='ltr'><strong>exci-</strong></span> 
     </span>
     <span class='ocr_line' id='line_1_46' title="bbox 90 2670 1549 2719; baseline 0.003 -16"><span class='ocrx_word' id='word_1_418' title='bbox 90 2671 160 2704; x_wconf 90' lang='lat' dir='ltr'><strong>tari</strong></span> <span class='ocrx_word' id='word_1_419' title='bbox 181 2678 349 2716; x_wconf 85' lang='lat' dir='ltr'><strong>possunt,</strong></span> <span class='ocrx_word' id='word_1_420' title='bbox 368 2670 615 2705; x_wconf 86' lang='lat' dir='ltr'><strong>administres.</strong></span> <span class='ocrx_word' id='word_1_421' title='bbox 642 2672 849 2708; x_wconf 79' lang='lat' dir='ltr'><strong>MANUT.</strong></span> <span class='ocrx_word' id='word_1_422' title='bbox 875 2673 964 2718; x_wconf 85' lang='lat' dir='ltr'><strong>Vgl.</strong></span> <span class='ocrx_word' id='word_1_423' title='bbox 983 2686 1040 2719; x_wconf 83' lang='lat' dir='ltr'><strong>ep.</strong></span> <span class='ocrx_word' id='word_1_424' title='bbox 1057 2674 1247 2716; x_wconf 90' lang='lat' dir='ltr'>CCXXII,</span> <span class='ocrx_word' id='word_1_425' title='bbox 1262 2675 1350 2708; x_wconf 89' lang='lat'><strong>5.-</strong></span> <span class='ocrx_word' id='word_1_426' title='bbox 1372 2674 1406 2707; x_wconf 86' lang='lat' dir='ltr'><strong>si</strong></span> <span class='ocrx_word' id='word_1_427' title='bbox 1419 2674 1549 2707; x_wconf 78' lang='lat' dir='ltr'><strong>simul-</strong></span> 
     </span>
     <span class='ocr_line' id='line_1_47' title="bbox 88 2717 1547 2764; baseline 0.004 -14"><span class='ocrx_word' id='word_1_428' title='bbox 88 2719 155 2761; x_wconf 78' lang='lat' dir='ltr'><strong>tas,</strong></span> <span class='ocrx_word' id='word_1_429' title='bbox 181 2717 374 2761; x_wconf 83' lang='lat' dir='ltr'><strong>geheimer</strong></span> <span class='ocrx_word' id='word_1_430' title='bbox 392 2717 516 2760; x_wconf 89' lang='lat' dir='ltr'><strong>Groll,</strong></span> <span class='ocrx_word' id='word_1_431' title='bbox 541 2719 751 2754; x_wconf 74' lang='lat' dir='ltr'><strong>versteckte</strong></span> <span class='ocrx_word' id='word_1_432' title='bbox 766 2720 1020 2756; x_wconf 79' lang='lat' dir='ltr'><strong>Feindschaft.</strong></span> <span class='ocrx_word' id='word_1_433' title='bbox 1052 2720 1115 2756; x_wconf 81' lang='lat' dir='ltr'><strong>Sic</strong></span> <span class='ocrx_word' id='word_1_434' title='bbox 1142 2719 1288 2764; x_wconf 87' lang='lat' dir='ltr'><strong>scripsi.</strong></span> <span class='ocrx_word' id='word_1_435' title='bbox 1304 2720 1406 2756; x_wconf 86' lang='lat' dir='ltr'><strong>omis.</strong></span> <span class='ocrx_word' id='word_1_436' title='bbox 1418 2721 1454 2755; x_wconf 81' lang='lat' dir='ltr'><strong>si</strong></span> <span class='ocrx_word' id='word_1_437' title='bbox 1469 2720 1547 2757; x_wconf 78' lang='lat' dir='ltr'><strong>Md.</strong></span> 
     </span>
    </p>
   </div>
   <div class='ocr_carea' id='block_1_12' title="bbox 157 2782 1247 2820">
    <p class='ocr_par' dir='ltr' id='par_1_13' title="bbox 157 2782 1247 2820">
     <span class='ocr_line' id='line_1_48' title="bbox 157 2782 1247 2820; baseline 0.004 -11"><span class='ocrx_word' id='word_1_438' title='bbox 157 2784 212 2811; x_wconf 81' lang='lat' dir='ltr'><strong>Cic.</strong></span> <span class='ocrx_word' id='word_1_439' title='bbox 229 2785 324 2811; x_wconf 72' lang='lat' dir='ltr'><strong>Briefo</strong></span> <span class='ocrx_word' id='word_1_440' title='bbox 340 2791 368 2811; x_wconf 70' lang='lat' dir='ltr'><strong>v.</strong></span> <span class='ocrx_word' id='word_1_441' title='bbox 385 2785 496 2811; x_wconf 81' lang='lat' dir='ltr'><strong>Billerb.</strong></span> <span class='ocrx_word' id='word_1_442' title='bbox 519 2786 554 2811; x_wconf 88' lang='lat'><strong>11.</strong></span> <span class='ocrx_word' id='word_1_443' title='bbox 1192 2782 1247 2820; x_wconf 70' lang='lat'><strong>11</strong></span> 
     </span>
    </p>
   </div>
  </div>
 </body>
</html>
